    <!DOCTYPE html>
    <html lang="en">
    
    <head>
        <meta charset="UTF-8">
        <meta http-equiv="X-UA-Compatible" content="IE=edge">
        <meta name="viewport" content="width=device-width, initial-scale=1.0">
        <title>IaSmarKet Products</title>
        <style>
            body {
                background-color: black;
                color: white;
            }
    
            .datetime {
                text-align: center;
                color: gray;
            }
    
            .date, .time {
                font-size: 48px;
            }
    
            .container {
                display: flex;
                flex-wrap: wrap;
                justify-content: center;
                align-items: center;
                min-height: calc(100vh - 7cm);
            }
    
            .product {
                width: calc(100% / 4);
                margin-bottom: 20px;
                text-align: center;
                border: 1px solid red;
                border-radius: 10px;
                overflow: hidden;
                padding: 10px;
                display: flex;
                flex-direction: column;
                background-color: black;
                color: white;
            }
    
            .product .content {
                height: 200px;
                overflow: hidden;
            }
    
            .product img {
                width: 100%;
                height: 200px; /* Ajuste la hauteur selon tes besoins */
                object-fit: cover; /* Ajuste l'image pour qu'elle remplisse le conteneur */
            }
    
            .product .description {
                margin-top: 10px;
            }
    
            .product .more-link {
                margin-top: 5px;
                cursor: pointer;
                color: blue;
            }
    
            .pagination {
                text-align: center;
                margin: 20px 0;
            }
    
            .pagination a {
                color: white;
                padding: 8px 16px;
                text-decoration: none;
                background-color: gray;
                margin: 0 4px;
                border-radius: 4px;
            }
    
            .pagination a:hover {
                background-color: #575757;
            }
    
            @media (min-width: 768px) and (max-width: 991px) {
                .product {
                    width: calc(100% / 3);
                }
            }
    
            @media (max-width: 767px) {
                .product {
                    width: 100%;
                }
            }
    
            /* Style pour le bouton flottant */
            .floating-button {
                position: fixed;
                bottom: 20px;
                right: 20px;
                background-color: red;
                color: white;
                border: none;
                border-radius: 50%;
                width: 60px;
                height: 60px;
                text-align: center;
                font-size: 18px;
                cursor: pointer;
                z-index: 1000;
                box-shadow: 0 4px 8px rgba(0, 0, 0, 0.2);
            }
        </style>
    </head>
    
    <body>
        <div class="datetime">
            <div class="date" id="comment"></div>
            <div class="date" id="date"></div>
            <div class="time" id="time"></div>
        </div>
    
        <div class="container">
          
            

<div class="product"><a href="https://www.amazon.com/dp/B0CZM9L4SP?tag=eloabder-20&linkCode=osi&th=1&psc=1"><img src="https://m.media-amazon.com/images/I/410gggXHgKL._SL500_.jpg" alt="Product Image"></a><p>Craft Crush Wire Flowers - Create Unique Craft Wire Flower Designs with Easy to Use Tool and Guide with Display Stand - for Teens and Adults Ages 12, 13, 14, 15 and Up</p><p> -6% 0FF </p><p>$18.76</p><a href="https://www.amazon.com/dp/B0CZM9L4SP?tag=eloabder-20&linkCode=osi&th=1&psc=1">View Product</a></div><div class="product"><a href="https://www.amazon.com/dp/B0C8CTL1TX?tag=eloabder-20&linkCode=osi&th=1&psc=1"><img src="https://m.media-amazon.com/images/I/51pZKpeKoHL._SL500_.jpg" alt="Product Image"></a><p>Pom Pom Painting Art Kit for Beginners, Perfect Craft Projects for Adults, Colorful Pom Poms and Supplies Included, DIY Pom Pom Painting on Paint Canvas.(Sunflower)</p><p> -25% 0FF </p><p>$11.99</p><a href="https://www.amazon.com/dp/B0C8CTL1TX?tag=eloabder-20&linkCode=osi&th=1&psc=1">View Product</a></div>
<div class="product"><a href="https://www.amazon.com/dp/B076CP6F36?tag=eloabder-20&linkCode=osi&th=1&psc=1"><img src="https://m.media-amazon.com/images/I/51rfEIvgI+L._SL500_.jpg" alt="Product Image"></a><p>Apple Barrel, Vibrant Spectrum Collection Acrylic Craft Paint, PROMOABIII, 2 fl oz each, 16 assorted matte colors, 16 count</p><p> -6% 0FF </p><p>$15.97 ($0.50 / Fl Oz)</p><a href="https://www.amazon.com/dp/B076CP6F36?tag=eloabder-20&linkCode=osi&th=1&psc=1">View Product</a></div><div class="product"><a href="https://www.amazon.com/dp/B0018NBVKQ?tag=eloabder-20&linkCode=osi&th=1&psc=1"><img src="https://m.media-amazon.com/images/I/31YlSvZMTCL._SL500_.jpg" alt="Product Image"></a><p>Apple Barrel Acrylic Paint in Assorted Colors (8 Ounce), 20403 White</p><p> -34% 0FF </p><p>$2.97 ($0.37 / Fl Oz)</p><a href="https://www.amazon.com/dp/B0018NBVKQ?tag=eloabder-20&linkCode=osi&th=1&psc=1">View Product</a></div><div class="product"><a href="https://www.amazon.com/dp/B08QNJ7KSF?tag=eloabder-20&linkCode=osi&th=1&psc=1"><img src="https://m.media-amazon.com/images/I/61pzWyQ8+vL._SL500_.jpg" alt="Product Image"></a><p>Acrylic Paint Set Canvas Art Paints 24 Colors (0.41oz,12 ml) With 3 Brushes - Painting Canvas, Paper, Wood, Rock, Ceramic & Fabric</p><p> -37% 0FF </p><p>$9.99 ($1.04 / Fl Oz)</p><a href="https://www.amazon.com/dp/B08QNJ7KSF?tag=eloabder-20&linkCode=osi&th=1&psc=1">View Product</a></div><div class="product"><a href="https://www.amazon.com/dp/B0CYLMHHC1?tag=eloabder-20&linkCode=osi&th=1&psc=1"><img src="https://m.media-amazon.com/images/I/510S5ZntMHL._SL500_.jpg" alt="Product Image"></a><p>Nicpro 14 Colors Large Bulk Acrylic Paint Set (16.9 oz, 500 ml) Non Toxic Art Painting Supplies for Multi Surface Fabric Canvas Wood Leather Stone, Craft Paint for Kid & Adult with Color Wheel</p><p> -14% 0FF </p><p>$49.99 ($0.21 / Fl Oz)</p><a href="https://www.amazon.com/dp/B0CYLMHHC1?tag=eloabder-20&linkCode=osi&th=1&psc=1">View Product</a></div><div class="product"><a href="https://www.amazon.com/dp/B0829R16YG?tag=eloabder-20&linkCode=osi&th=1&psc=1"><img src="https://m.media-amazon.com/images/I/51i5zSZyD8L._SL500_.jpg" alt="Product Image"></a><p>Apple Barrel Essentials Acrylic Paint Set, 12, 24 Fl Oz (Pack of 1)</p><p> -30% 0FF </p><p>$11.24 ($0.47 / Fl Oz)</p><a href="https://www.amazon.com/dp/B0829R16YG?tag=eloabder-20&linkCode=osi&th=1&psc=1">View Product</a></div>
<div class="product"><a href="https://www.amazon.com/dp/B0CHTZD63Q?tag=eloabder-20&linkCode=osi&th=1&psc=1"><img src="https://m.media-amazon.com/images/I/511hgeOlnkL._SL500_.jpg" alt="Product Image"></a><p>Secopad Scrapbook Tape, 4 Pack Double Sided Tape Roller for Crafts, Adhesive Tape Glue Runner Scrapbooking Supplies Journaling School Office for Kids and Adults, 0.3IN x 26FT</p><p> -22% 0FF </p><p>$6.99 ($1.75 / Count)</p><a href="https://www.amazon.com/dp/B0CHTZD63Q?tag=eloabder-20&linkCode=osi&th=1&psc=1">View Product</a></div><div class="product"><a href="https://www.amazon.com/dp/B07Y3VDPLF?tag=eloabder-20&linkCode=osi&th=1&psc=1"><img src="https://m.media-amazon.com/images/I/41cyKQ2OMuL._SL500_.jpg" alt="Product Image"></a><p>Melsan 1x4 inch Hook and Loop Strips with Adhesive - 15 Sets, Strong Back Adhesive Fasten Mounting Tape for Home or Office Use - Instead of Holes and Screws, Black</p><p> -24% 0FF </p><p>$9.90</p><a href="https://www.amazon.com/dp/B07Y3VDPLF?tag=eloabder-20&linkCode=osi&th=1&psc=1">View Product</a></div><div class="product"><a href="https://www.amazon.com/dp/B0CC98XLGL?tag=eloabder-20&linkCode=osi&th=1&psc=1"><img src="https://m.media-amazon.com/images/I/51ZLw+nThiL._SL500_.jpg" alt="Product Image"></a><p>HUIRUSO 4 Pack Double Sided Tape Roller, Scrapbook Supplies, Glue Tape Roller for Crafts, Double-Sided Adhesive Tape Runner for Scrapbooking, School Office Journaling Supplies (0.31 in X 26.25 ft)</p><p> -9% 0FF </p><p>$6.99 ($1.75 / Count)</p><a href="https://www.amazon.com/dp/B0CC98XLGL?tag=eloabder-20&linkCode=osi&th=1&psc=1">View Product</a></div><div class="product"><a href="https://www.amazon.com/dp/B0CY2CFX3Z?tag=eloabder-20&linkCode=osi&th=1&psc=1"><img src="https://m.media-amazon.com/images/I/31ZLCJqpwCL._SL500_.jpg" alt="Product Image"></a><p>JEWOSTER 16 Sets 1x4 Inch Hook and Loop Strips with Adhesive - Double Sided Tape Heavy Duty for Wall Crafts - Sticky Back Fastener Mounting Tape for Home or Office Use,Indoor & Outdoor Use,Black</p><p> -15% 0FF </p><p>$2.98</p><a href="https://www.amazon.com/dp/B0CY2CFX3Z?tag=eloabder-20&linkCode=osi&th=1&psc=1">View Product</a></div><div class="product"><a href="https://www.amazon.com/dp/B0CGVPMJBP?tag=eloabder-20&linkCode=osi&th=1&psc=1"><img src="https://m.media-amazon.com/images/I/51zEyhfBRuL._SL500_.jpg" alt="Product Image"></a><p>30Ft x 1 Inch Hook and Loop Strips with Adhesive, Double Rolls of Heavy Duty Self Adhesive Tape with Backing, Nylon Self Adhesive Tape for Home Office School and Crafting,Black</p><p> -17% 0FF </p><p>$9.99</p><a href="https://www.amazon.com/dp/B0CGVPMJBP?tag=eloabder-20&linkCode=osi&th=1&psc=1">View Product</a></div>
<div class="product"><a href="https://www.amazon.com/dp/B092D2YB8R?tag=eloabder-20&linkCode=osi&th=1&psc=1"><img src="https://m.media-amazon.com/images/I/41dc0rFLWKL._SL500_.jpg" alt="Product Image"></a><p>Gocheer Airbrush Kit with Air Compressor, 40 PSI High Pressure Air Brush Non-Clogging with 0.2/0.3/0.5mm Nozzle/Cleaning Sets, Ideal for Painting, Modeling, Cake Decor, Pastry, Makeup, Nail Art etc.</p><p> -25% 0FF </p><p>$59.99 ($60.60 / Count)</p><a href="https://www.amazon.com/dp/B092D2YB8R?tag=eloabder-20&linkCode=osi&th=1&psc=1">View Product</a></div><div class="product"><a href="https://www.amazon.com/dp/B009YNG21U?tag=eloabder-20&linkCode=osi&th=1&psc=1"><img src="https://m.media-amazon.com/images/I/51w-pNifHUL._SL500_.jpg" alt="Product Image"></a><p>Master Airbrush Cool Runner II Dual Fan Air Compressor Professional Airbrushing System Kit with 3 Airbrushes, Gravity and Siphon Feed - Holder, Color Mixing Wheel, Cleaning Brush Set, How-To Guide</p><p> -32% 0FF </p><p>$129.99</p><a href="https://www.amazon.com/dp/B009YNG21U?tag=eloabder-20&linkCode=osi&th=1&psc=1">View Product</a></div><div class="product"><a href="https://www.amazon.com/dp/B00EKT30JK?tag=eloabder-20&linkCode=osi&th=1&psc=1"><img src="https://m.media-amazon.com/images/I/51+LnhnmT4L._SL500_.jpg" alt="Product Image"></a><p>Master Airbrush Cool Runner II Dual Fan Air Compressor Professional Airbrushing System Kit with 3 Airbrushes, Gravity and Siphon Feed - 6 Primary Opaque Colors Acrylic Paint Artist Set - How to Guide</p><p> -21% 0FF </p><p>$149.99</p><a href="https://www.amazon.com/dp/B00EKT30JK?tag=eloabder-20&linkCode=osi&th=1&psc=1">View Product</a></div><div class="product"><a href="https://www.amazon.com/dp/B002KJDXHQ?tag=eloabder-20&linkCode=osi&th=1&psc=1"><img src="https://m.media-amazon.com/images/I/511zMf+d1jL._SL500_.jpg" alt="Product Image"></a><p>Master Airbrush G233 Pro Set with 3 Nozzle Sets - Dual-Action Gravity Feed Airbrush with Cutaway Handle and How-To Guide</p><p> -20% 0FF </p><p>$39.99</p><a href="https://www.amazon.com/dp/B002KJDXHQ?tag=eloabder-20&linkCode=osi&th=1&psc=1">View Product</a></div><div class="product"><a href="https://www.amazon.com/dp/B0C9TL5YCS?tag=eloabder-20&linkCode=osi&th=1&psc=1"><img src="https://m.media-amazon.com/images/I/41SP-k5zrTL._SL500_.jpg" alt="Product Image"></a><p>Airbrush Kit with Compressor - 48PSI Rechargeable Cordless Non-Clogging High-Pressure Air Brush Set with 0.3mm Nozzle and Cleaning Brush Set for Nail Art, Makeup, Painting, Cake Decor</p><p> -25% 0FF </p><p>$29.99</p><a href="https://www.amazon.com/dp/B0C9TL5YCS?tag=eloabder-20&linkCode=osi&th=1&psc=1">View Product</a></div><div class="product"><a href="https://www.amazon.com/dp/B0D8KHCP94?tag=eloabder-20&linkCode=osi&th=1&psc=1"><img src="https://m.media-amazon.com/images/I/41Kr4UJcgYL._SL500_.jpg" alt="Product Image"></a><p>Airbrush Kit with Compressor - 48PSI High-Pressure, Non-Clogging Air Brush Set Cordless Rechargeable with 0.3mm Nozzle and Cleaning Brush for Nail Art, Makeup, Painting, and Cake Decorating</p><p> -17% 0FF </p><p>$29.99</p><a href="https://www.amazon.com/dp/B0D8KHCP94?tag=eloabder-20&linkCode=osi&th=1&psc=1">View Product</a></div><div class="product"><a href="https://www.amazon.com/dp/B0CPBK2RL8?tag=eloabder-20&linkCode=osi&th=1&psc=1"><img src="https://m.media-amazon.com/images/I/41dO63RKanL._SL500_.jpg" alt="Product Image"></a><p>Airbrush for Nails Cordless Portable Airbrush Kit with Compressor 30PSI High-Pressure Rechargeable Air Brush Spray Machine with 0.3mm Nozzle for Painting Makeup Model Barber Cookie Cake (Pink)</p><p> -20% 0FF </p><p>$31.99</p><a href="https://www.amazon.com/dp/B0CPBK2RL8?tag=eloabder-20&linkCode=osi&th=1&psc=1">View Product</a></div>
<div class="product"><a href="https://www.amazon.com/dp/B0CYLCF5JJ?tag=eloabder-20&linkCode=osi&th=1&psc=1"><img src="https://m.media-amazon.com/images/I/511e1hcb5sL._SL500_.jpg" alt="Product Image"></a><p>2772Pcs Alphabet Stickers 22 Sheets 1 Inches Alphabet Number Stickers Self Adhesive Sticker Vinyl Stickers,for Notebook, Labels,Scrapbooking Crafts，DIY Crafts Art Making(Black)</p><p> -50% 0FF </p><p>$4.99 ($0.00 / Count)</p><a href="https://www.amazon.com/dp/B0CYLCF5JJ?tag=eloabder-20&linkCode=osi&th=1&psc=1">View Product</a></div>
<div class="product"><a href="https://www.amazon.com/dp/B0C8CMBYC5?tag=eloabder-20&linkCode=osi&th=1&psc=1"><img src="https://m.media-amazon.com/images/I/61Hrv0JwdPL._SL500_.jpg" alt="Product Image"></a><p>HAPTIME 50 Pcs Mini Dinosaur Figures, Mini Resin Animals to Hide, Sensory Bin/Treasure Box Toys, Bulk Plastic Dinosaur Party Favors, Small Classroom Prizes, Tiny Figurines for Kids, Vase Filler</p><p> -29% 0FF </p><p>$9.99</p><a href="https://www.amazon.com/dp/B0C8CMBYC5?tag=eloabder-20&linkCode=osi&th=1&psc=1">View Product</a></div><div class="product"><a href="https://www.amazon.com/dp/B08R1CBG39?tag=eloabder-20&linkCode=osi&th=1&psc=1"><img src="https://m.media-amazon.com/images/I/414R+Abh3gL._SL500_.jpg" alt="Product Image"></a><p>Unfinished Wood Animal Ornament Blank Wood Rabbit Peg Doll Figure Cutout Table Statue Model Desktop Centerpiece for DIY Painting Home Office Decor</p><p> -47% 0FF </p><p>$4.99</p><a href="https://www.amazon.com/dp/B08R1CBG39?tag=eloabder-20&linkCode=osi&th=1&psc=1">View Product</a></div>
<div class="product"><a href="https://www.amazon.com/dp/B08L4Y3HF9?tag=eloabder-20&linkCode=osi&th=1&psc=1"><img src="https://m.media-amazon.com/images/I/61z57ge6bVL._SL500_.jpg" alt="Product Image"></a><p>Harsgs 60pcs Random Assorted Styles Embroidered Patches, Bright Vivid Colors, Sew On/Iron On Patch Applique for Clothes, Dress, Hat, Jeans, DIY Accessories</p><p> -19% 0FF </p><p>$12.99 ($0.22 / Count)</p><a href="https://www.amazon.com/dp/B08L4Y3HF9?tag=eloabder-20&linkCode=osi&th=1&psc=1">View Product</a></div><div class="product"><a href="https://www.amazon.com/dp/B0C9DFB69D?tag=eloabder-20&linkCode=osi&th=1&psc=1"><img src="https://m.media-amazon.com/images/I/417GE2p61GL._SL500_.jpg" alt="Product Image"></a><p>18" Large Sparkle Rhinestones and Sequin Red Snake Shaped Patches Applique Trim Ribbon for Outfit Pack of 3</p><p> -5% 0FF </p><p>$37.95 ($12.65 / Count)</p><a href="https://www.amazon.com/dp/B0C9DFB69D?tag=eloabder-20&linkCode=osi&th=1&psc=1">View Product</a></div><div class="product"><a href="https://www.amazon.com/dp/B08T9BM9D9?tag=eloabder-20&linkCode=osi&th=1&psc=1"><img src="https://m.media-amazon.com/images/I/61s3mTMJ5gL._SL500_.jpg" alt="Product Image"></a><p>AXEN 60PCS Embroidered Iron On Patches DIY Accessories, Random Assorted Decorative Patches, Cute Sewing Applique for Jackets, Hats, Backpacks, Jeans, 60 Pieces Package</p><p> -24% 0FF </p><p>$12.99 ($0.22 / Count)</p><a href="https://www.amazon.com/dp/B08T9BM9D9?tag=eloabder-20&linkCode=osi&th=1&psc=1">View Product</a></div><div class="product"><a href="https://www.amazon.com/dp/B0BYK2J6N7?tag=eloabder-20&linkCode=osi&th=1&psc=1"><img src="https://m.media-amazon.com/images/I/51tsuNDSHfL._SL500_.jpg" alt="Product Image"></a><p>Liveish 1 Pair of Handmade Gold Rhinestone Appliques, 26.5 * 18cm Gold Applique for Dress Wedding Apparel Accessories Patches.（Shop Name: Yuanbao Boutique 188)(Gold)</p><p> -20% 0FF </p><p>$15.98</p><a href="https://www.amazon.com/dp/B0BYK2J6N7?tag=eloabder-20&linkCode=osi&th=1&psc=1">View Product</a></div>
<div class="product"><a href="https://www.amazon.com/dp/B09KPNFJW1?tag=eloabder-20&linkCode=osi&th=1&psc=1"><img src="https://m.media-amazon.com/images/I/41abn5fELmL._SL500_.jpg" alt="Product Image"></a><p>UniPleased Disposable Aprons (50 Count), Plastic apron for Painting Party, Cooking, Housework, Picnic etc.</p><p> -25% 0FF </p><p>$5.99</p><a href="https://www.amazon.com/dp/B09KPNFJW1?tag=eloabder-20&linkCode=osi&th=1&psc=1">View Product</a></div><div class="product"><a href="https://www.amazon.com/dp/1906525358?tag=eloabder-20&linkCode=osi&th=1&psc=1"><img src="https://m.media-amazon.com/images/I/51WPPo6wrdL._SL500_.jpg" alt="Product Image"></a><p>The Perfect Apron: 35 fun and flirty designs for you to make</p><p> -69% 0FF </p><p>$6.09</p><a href="https://www.amazon.com/dp/1906525358?tag=eloabder-20&linkCode=osi&th=1&psc=1">View Product</a></div><div class="product"><a href="https://www.amazon.com/dp/B0C55Q43Y6?tag=eloabder-20&linkCode=osi&th=1&psc=1"><img src="https://m.media-amazon.com/images/I/31G2DxeG1tL._SL500_.jpg" alt="Product Image"></a><p>Portable Paint Tent for Spray Painting, Small Airbrush Pop-up Shelter Booth Station Complete with Storage Bag and 3 Disposable Aprons</p><p> -50% 0FF </p><p>$14.99</p><a href="https://www.amazon.com/dp/B0C55Q43Y6?tag=eloabder-20&linkCode=osi&th=1&psc=1">View Product</a></div><div class="product"><a href="https://www.amazon.com/dp/B095CWKPJF?tag=eloabder-20&linkCode=osi&th=1&psc=1"><img src="https://m.media-amazon.com/images/I/51STxqdMDaL._SL500_.jpg" alt="Product Image"></a><p>Simplicity Misses' Wraparound Apron Packet, Code 9312 Sewing Pattern, Sizes XS-XL, White</p><p> -10% 0FF </p><p>$9.99</p><a href="https://www.amazon.com/dp/B095CWKPJF?tag=eloabder-20&linkCode=osi&th=1&psc=1">View Product</a></div><div class="product"><a href="https://www.amazon.com/dp/B01DQ33ILK?tag=eloabder-20&linkCode=osi&th=1&psc=1"><img src="https://m.media-amazon.com/images/I/51RToxvaLBL._SL500_.jpg" alt="Product Image"></a><p>Simplicity Vintage Simplicity 8152 1970's Fashion Vintage Apron Sewing Pattern, XS-L</p><p> -10% 0FF </p><p>$8.91</p><a href="https://www.amazon.com/dp/B01DQ33ILK?tag=eloabder-20&linkCode=osi&th=1&psc=1">View Product</a></div>
<div class="product"><a href="https://www.amazon.com/dp/B085F4JH1H?tag=eloabder-20&linkCode=osi&th=1&psc=1"><img src="https://m.media-amazon.com/images/I/41l7Efp7ILL._SL500_.jpg" alt="Product Image"></a><p>KEFF 24-Pack Bulk Canvas for Painting, 6 of 5x7, 8x10, 9x12, 11x14 Canvas Boards for Painting, Art Supplies for Adults & Kids - 100% Cotton Primed Painting Canvas for Acrylic, Oil, Watercolor, Tempera</p><p> -50% 0FF </p><p>$24.99</p><a href="https://www.amazon.com/dp/B085F4JH1H?tag=eloabder-20&linkCode=osi&th=1&psc=1">View Product</a></div><div class="product"><a href="https://www.amazon.com/dp/B07S29YTCG?tag=eloabder-20&linkCode=osi&th=1&psc=1"><img src="https://m.media-amazon.com/images/I/51X58r5V-5L._SL500_.jpg" alt="Product Image"></a><p>FIXSMITH Stretched White Blank Canvas - 11x14 Inch, 8 Pack, Primed,100% Cotton,5/8 Inch Profile of Super Value Pack for Acrylics,Oils & Other Painting Media</p><p> -17% 0FF </p><p>$24.99</p><a href="https://www.amazon.com/dp/B07S29YTCG?tag=eloabder-20&linkCode=osi&th=1&psc=1">View Product</a></div><div class="product"><a href="https://www.amazon.com/dp/B09CDKB9HY?tag=eloabder-20&linkCode=osi&th=1&psc=1"><img src="https://m.media-amazon.com/images/I/51+p5xnClGL._SL500_.jpg" alt="Product Image"></a><p>DPDIAN Canvas Boards for Painting 40 Pack, 8 inch x 10 inch Super Value Pack, Artist Canvas Panels for Oil & Acrylic Painting</p><p> -38% 0FF </p><p>$23.99</p><a href="https://www.amazon.com/dp/B09CDKB9HY?tag=eloabder-20&linkCode=osi&th=1&psc=1">View Product</a></div><div class="product"><a href="https://www.amazon.com/dp/B0BJZYCQV3?tag=eloabder-20&linkCode=osi&th=1&psc=1"><img src="https://m.media-amazon.com/images/I/41dS7xm9bKL._SL500_.jpg" alt="Product Image"></a><p>Simetufy Canvas Boards for Painting 12 Pack,8 x 10 Inch Painting Canvas Panels, Blank Canvas for Painting- Gesso Primed Acid-Free 100% Cotton for Acrylics Oil Watercolor Tempera Paints</p><p> -10% 0FF </p><p>$11.69</p><a href="https://www.amazon.com/dp/B0BJZYCQV3?tag=eloabder-20&linkCode=osi&th=1&psc=1">View Product</a></div><div class="product"><a href="https://www.amazon.com/dp/B087M21MM2?tag=eloabder-20&linkCode=osi&th=1&psc=1"><img src="https://m.media-amazon.com/images/I/41Xf-jehhLL._SL500_.jpg" alt="Product Image"></a><p>GOTIDEAL Stretched Canvas, Multi Pack 4x4, 5x7, 8x10,9x12, 11x14 Set of 10, Primed White - 100% Cotton Artist Canvas Boards for Painting, Acrylic Pouring, Oil Paint Dry & Wet Art Media</p><p> -28% 0FF </p><p>$22.99</p><a href="https://www.amazon.com/dp/B087M21MM2?tag=eloabder-20&linkCode=osi&th=1&psc=1">View Product</a></div><div class="product"><a href="https://www.amazon.com/dp/B09637DLSL?tag=eloabder-20&linkCode=osi&th=1&psc=1"><img src="https://m.media-amazon.com/images/I/511AdjCtVeL._SL500_.jpg" alt="Product Image"></a><p>Artkey Canvases for Painting 8x10 Inch 12-Pack, 10 oz Primed 100% Cotton White Blank Canvas Boards for Painting, Art Supplies Paint Canvas Panels for Acrylic Oil Watercolor Tempera Paints</p><p> -29% 0FF </p><p>$11.99</p><a href="https://www.amazon.com/dp/B09637DLSL?tag=eloabder-20&linkCode=osi&th=1&psc=1">View Product</a></div><div class="product"><a href="https://www.amazon.com/dp/B0CFBGP29G?tag=eloabder-20&linkCode=osi&th=1&psc=1"><img src="https://m.media-amazon.com/images/I/3147Az5plbL._SL500_.jpg" alt="Product Image"></a><p>ArtSkills Stretched Canvases for Painting, 12x16 Canvas Painting Supplies for Artists, Blank Canvas Pack, 2-Pack</p><p> -15% 0FF </p><p>$16.99</p><a href="https://www.amazon.com/dp/B0CFBGP29G?tag=eloabder-20&linkCode=osi&th=1&psc=1">View Product</a></div>
<div class="product"><a href="https://www.amazon.com/dp/B09CKXJFL1?tag=eloabder-20&linkCode=osi&th=1&psc=1"><img src="https://m.media-amazon.com/images/I/41bo99og2jL._SL500_.jpg" alt="Product Image"></a><p>RRFTOK Artist Easel Stand,Metal Tripod Adjustable Easel for Painting Canvases Height from 17 to 66 Inch,Carry Bag for Table-Top/Floor Drawing and Didplaying</p><p> -23% 0FF </p><p>$18.39</p><a href="https://www.amazon.com/dp/B09CKXJFL1?tag=eloabder-20&linkCode=osi&th=1&psc=1">View Product</a></div><div class="product"><a href="https://www.amazon.com/dp/B0BXS3NLZ3?tag=eloabder-20&linkCode=osi&th=1&psc=1"><img src="https://m.media-amazon.com/images/I/41QEnAIRAvL._SL500_.jpg" alt="Product Image"></a><p>Art Painting Display Easel Stand - Portable Adjustable Aluminum Metal Tripod Artist Easel with Bag, Height from 17" to 66", Extra Sturdy for Table-Top/Floor Painting, Drawing, and Displaying, Black</p><p> -37% 0FF </p><p>$18.39</p><a href="https://www.amazon.com/dp/B0BXS3NLZ3?tag=eloabder-20&linkCode=osi&th=1&psc=1">View Product</a></div><div class="product"><a href="https://www.amazon.com/dp/B07R5RHWVT?tag=eloabder-20&linkCode=osi&th=1&psc=1"><img src="https://m.media-amazon.com/images/I/41qUmoFSMiL._SL500_.jpg" alt="Product Image"></a><p>MEEDEN Versatile Studio H-Frame Easel - All Media Adjustable Beech Wood Studio Easel, Painting Floor Easel Stand, Movable and Tilting Flat Available, Holds Canvas Art up to 77"</p><p> -11% 0FF </p><p>$159.95</p><a href="https://www.amazon.com/dp/B07R5RHWVT?tag=eloabder-20&linkCode=osi&th=1&psc=1">View Product</a></div><div class="product"><a href="https://www.amazon.com/dp/B09KYHGKSB?tag=eloabder-20&linkCode=osi&th=1&psc=1"><img src="https://m.media-amazon.com/images/I/51yxWaZJsCL._SL500_.jpg" alt="Product Image"></a><p>Best Choice Products French Easel, 32pc Beginners Kit Portable Wooden Folding Adjustable Sketch Box Artist Tripod for Painting, Drawing w/Acrylic Paints, Brushes, Canvases, Palettes - Blue</p><p> -18% 0FF </p><p>$89.99</p><a href="https://www.amazon.com/dp/B09KYHGKSB?tag=eloabder-20&linkCode=osi&th=1&psc=1">View Product</a></div><div class="product"><a href="https://www.amazon.com/dp/B09TSQNQH9?tag=eloabder-20&linkCode=osi&th=1&psc=1"><img src="https://m.media-amazon.com/images/I/414Lw12-jXL._SL500_.jpg" alt="Product Image"></a><p>Easel Stand for Display, Aredy 63" Portable Painting Easel, Lightweight Metal Easels for Painting Canvas, Wedding Sign (2 pack)</p><p> -15% 0FF </p><p>$22.39</p><a href="https://www.amazon.com/dp/B09TSQNQH9?tag=eloabder-20&linkCode=osi&th=1&psc=1">View Product</a></div><div class="product"><a href="https://www.amazon.com/dp/B082HCKMP5?tag=eloabder-20&linkCode=osi&th=1&psc=1"><img src="https://m.media-amazon.com/images/I/41TKUQFyeaL._SL500_.jpg" alt="Product Image"></a><p>Premium Sketchbox Desktop Art Easel, Tabletop, Wooden for Painting, Student, Artist, Beginner</p><p> -11% 0FF </p><p>$32.88</p><a href="https://www.amazon.com/dp/B082HCKMP5?tag=eloabder-20&linkCode=osi&th=1&psc=1">View Product</a></div>
<div class="product"><a href="https://www.amazon.com/dp/B074W56CQ4?tag=eloabder-20&linkCode=osi&th=1&psc=1"><img src="https://m.media-amazon.com/images/I/41LkUciLZOL._SL500_.jpg" alt="Product Image"></a><p>Hulameda Paint Tray Palettes, Plastic Paint Pallets for Kids or Students to Paints on School Project or Art Class-12pcs</p><p> -13% 0FF </p><p>$6.99 ($0.58 / Count)</p><a href="https://www.amazon.com/dp/B074W56CQ4?tag=eloabder-20&linkCode=osi&th=1&psc=1">View Product</a></div><div class="product"><a href="https://www.amazon.com/dp/B0BWM34CR6?tag=eloabder-20&linkCode=osi&th=1&psc=1"><img src="https://m.media-amazon.com/images/I/31jHvJEw98L._SL500_.jpg" alt="Product Image"></a><p>Tamaki Acrylic Paint Palette Paint Pallet Clear Paint Tray Palette, Easy Clean Non-Stick Artist Pallet for Oil Watercolor Craft DIY Art Painting Palette, 2 PCS</p><p> -14% 0FF </p><p>$5.99</p><a href="https://www.amazon.com/dp/B0BWM34CR6?tag=eloabder-20&linkCode=osi&th=1&psc=1">View Product</a></div><div class="product"><a href="https://www.amazon.com/dp/B0B9R91Z2P?tag=eloabder-20&linkCode=osi&th=1&psc=1"><img src="https://m.media-amazon.com/images/I/310IAmNkqoL._SL500_.jpg" alt="Product Image"></a><p>Tamaki 2 Pack 11.8 x 7.9 Inch Acrylic Paint Palette with Thumb Hole Clear Paint Pallet, Easy Clean Non-Stick Artist Pallet for Oil Watercolor Craft DIY Art Painting Palette</p><p> -14% 0FF </p><p>$5.99</p><a href="https://www.amazon.com/dp/B0B9R91Z2P?tag=eloabder-20&linkCode=osi&th=1&psc=1">View Product</a></div><div class="product"><a href="https://www.amazon.com/dp/B09XCF523Q?tag=eloabder-20&linkCode=osi&th=1&psc=1"><img src="https://m.media-amazon.com/images/I/21C+8UGsBRL._SL500_.jpg" alt="Product Image"></a><p>Sweaty Pony 20 Well Watercolor Paint Tray Palette Pallet Acrylic Painting Mixing Plastic Artist Large Square Palette, 13 x 10 Inches, White, 1PCS</p><p> -25% 0FF </p><p>$5.99</p><a href="https://www.amazon.com/dp/B09XCF523Q?tag=eloabder-20&linkCode=osi&th=1&psc=1">View Product</a></div>
<div class="product"><a href="https://www.amazon.com/dp/B08TLK1ZSV?tag=eloabder-20&linkCode=osi&th=1&psc=1"><img src="https://m.media-amazon.com/images/I/51sM-NS8tJL._SL500_.jpg" alt="Product Image"></a><p>9 x 12 inches Sketch Book, Top Spiral Bound Sketch Pad, 1 Pack 100-Sheets (68lb/100gsm), Acid Free Art Sketchbook Artistic Drawing Painting Writing Paper for Kids Adults Beginners Artists</p><p> -50% 0FF </p><p>$8.99 ($0.09 / Count)</p><a href="https://www.amazon.com/dp/B08TLK1ZSV?tag=eloabder-20&linkCode=osi&th=1&psc=1">View Product</a></div><div class="product"><a href="https://www.amazon.com/dp/B0D5R7JRKZ?tag=eloabder-20&linkCode=osi&th=1&psc=1"><img src="https://m.media-amazon.com/images/I/41ip9gU5DFL._SL500_.jpg" alt="Product Image"></a><p>Hapikalor Watercolor Paper Pad, 9"x12" Water Color Paper, 140lb/300gsm Artist Painting Drawing Paper Book, Art Supplies for Adults Kids, Watercolors, Watercolor Paint Set, Sketchbook, Journal, Teal</p><p> -20% 0FF </p><p>$7.99</p><a href="https://www.amazon.com/dp/B0D5R7JRKZ?tag=eloabder-20&linkCode=osi&th=1&psc=1">View Product</a></div><div class="product"><a href="https://www.amazon.com/dp/B0027A75A4?tag=eloabder-20&linkCode=osi&th=1&psc=1"><img src="https://m.media-amazon.com/images/I/51dyOxxcgYL._SL500_.jpg" alt="Product Image"></a><p>Strathmore 200 Series Sketch Pad, 9x12 inch, 100 Sheets, Tape Bound - Artist Sketchbook for Drawing, Illustration, Art Class Students</p><p> -28% 0FF </p><p>$6.25 ($0.06 / Count)</p><a href="https://www.amazon.com/dp/B0027A75A4?tag=eloabder-20&linkCode=osi&th=1&psc=1">View Product</a></div><div class="product"><a href="https://www.amazon.com/dp/B0027ACP0O?tag=eloabder-20&linkCode=osi&th=1&psc=1"><img src="https://m.media-amazon.com/images/I/517YAKefnpL._SL500_.jpg" alt="Product Image"></a><p>Strathmore 300 Series Bristol Paper Pad, Smooth, Tape Bound, 11x14 inches, 20 Sheets (100lb/270g) - Artist Paper for Adults and Students - Markers, Pen and Ink</p><p> -58% 0FF </p><p>$7.49 ($0.37 / Count)</p><a href="https://www.amazon.com/dp/B0027ACP0O?tag=eloabder-20&linkCode=osi&th=1&psc=1">View Product</a></div><div class="product"><a href="https://www.amazon.com/dp/B09FYY48MN?tag=eloabder-20&linkCode=osi&th=1&psc=1"><img src="https://m.media-amazon.com/images/I/41Oe-iH-rSL._SL500_.jpg" alt="Product Image"></a><p>9" x 12" Sketch Book, Hardcover Sketchbook, Top Spiral Bound Sketch Pad, 100 Sheets (68lb/100gsm) Drawing Paper Pad, Art Supplies for Adults for Kids Drawing Notebook.</p><p> -17% 0FF </p><p>$9.59</p><a href="https://www.amazon.com/dp/B09FYY48MN?tag=eloabder-20&linkCode=osi&th=1&psc=1">View Product</a></div><div class="product"><a href="https://www.amazon.com/dp/B004M59O4C?tag=eloabder-20&linkCode=osi&th=1&psc=1"><img src="https://m.media-amazon.com/images/I/51u-bSUsNEL._SL500_.jpg" alt="Product Image"></a><p>Canson XL Series Watercolor Pad, Heavyweight White Paper, Foldover Binding, 30 Sheets, 9x12 inch</p><p> -46% 0FF </p><p>$12.40</p><a href="https://www.amazon.com/dp/B004M59O4C?tag=eloabder-20&linkCode=osi&th=1&psc=1">View Product</a></div>
<div class="product"><a href="https://www.amazon.com/dp/B08ZMH7LJY?tag=eloabder-20&linkCode=osi&th=1&psc=1"><img src="https://m.media-amazon.com/images/I/51mJIsLJA-S._SL500_.jpg" alt="Product Image"></a><p>PANDAFLY Professional Drawing Sketching Pencil Set - 12 Pieces Graphite Pencils(14B - 2H), Ideal for Drawing Art, Sketching, Shading, Artist Pencils for Beginners & Pro Artists</p><p> -33% 0FF </p><p>$5.99</p><a href="https://www.amazon.com/dp/B08ZMH7LJY?tag=eloabder-20&linkCode=osi&th=1&psc=1">View Product</a></div><div class="product"><a href="https://www.amazon.com/dp/B088K1G5NL?tag=eloabder-20&linkCode=osi&th=1&psc=1"><img src="https://m.media-amazon.com/images/I/51F2bOMZWnL._SL500_.jpg" alt="Product Image"></a><p>MARKART Professional Drawing Sketching Pencil Set - 14 Pieces,Graphite,(12B - 4H), Ideal for Drawing Art, Sketching, Shading, Artist Pencils for Beginners & Pro Artists</p><p> -46% 0FF </p><p>$6.99</p><a href="https://www.amazon.com/dp/B088K1G5NL?tag=eloabder-20&linkCode=osi&th=1&psc=1">View Product</a></div><div class="product"><a href="https://www.amazon.com/dp/B01N09ZDEI?tag=eloabder-20&linkCode=osi&th=1&psc=1"><img src="https://m.media-amazon.com/images/I/51awfumPEiL._SL500_.jpg" alt="Product Image"></a><p>Soucolor 72-Color Colored Pencils for Adult Coloring Books, Back to School Supplies, Soft Core Artist Sketching Drawing Pencils Drawing Supplies, Art Supplies Kit for Adults Kids, Coloring Pencils Set</p><p> -40% 0FF </p><p>$11.98</p><a href="https://www.amazon.com/dp/B01N09ZDEI?tag=eloabder-20&linkCode=osi&th=1&psc=1">View Product</a></div><div class="product"><a href="https://www.amazon.com/dp/B092M2FXB8?tag=eloabder-20&linkCode=osi&th=1&psc=1"><img src="https://m.media-amazon.com/images/I/51vZNdWo7nS._SL500_.jpg" alt="Product Image"></a><p>Prina 50 Pack Drawing Set Sketch Kit, Sketching Supplies with 3-Color Sketchbook, Graphite, and Charcoal Pencils, Pro Art Drawing Kit for Artists Adults Teens Beginner Kid, Ideal for Shading, Blending</p><p> -45% 0FF </p><p>$16.99</p><a href="https://www.amazon.com/dp/B092M2FXB8?tag=eloabder-20&linkCode=osi&th=1&psc=1">View Product</a></div><div class="product"><a href="https://www.amazon.com/dp/B07FML92JL?tag=eloabder-20&linkCode=osi&th=1&psc=1"><img src="https://m.media-amazon.com/images/I/41VVsR9JR9L._SL500_.jpg" alt="Product Image"></a><p>Winsor & Newton Studio Collection Artist Pencils, Sketching Pencils, Set of 10</p><p> -14% 0FF </p><p>$14.99</p><a href="https://www.amazon.com/dp/B07FML92JL?tag=eloabder-20&linkCode=osi&th=1&psc=1">View Product</a></div><div class="product"><a href="https://www.amazon.com/dp/B0D254P2NW?tag=eloabder-20&linkCode=osi&th=1&psc=1"><img src="https://m.media-amazon.com/images/I/51JrXvaxmUL._SL500_.jpg" alt="Product Image"></a><p>PANDAFLY Drawing Sketching Pencil Set, 42 Pack Pro Art Pencil Kit with Graphite Pencils (14B-4H), Charcoal Pencil, Ideal for Shading, Blending, Drawing Set for Beginners & Pro Artists</p><p> -50% 0FF </p><p>$7.99</p><a href="https://www.amazon.com/dp/B0D254P2NW?tag=eloabder-20&linkCode=osi&th=1&psc=1">View Product</a></div><div class="product"><a href="https://www.amazon.com/dp/B000I5MNC0?tag=eloabder-20&linkCode=osi&th=1&psc=1"><img src="https://m.media-amazon.com/images/I/41x3fiMbbxL._SL500_.jpg" alt="Product Image"></a><p>Faber-Castell 9000 Graphite Sketch Pencil Sets Art 8B - 2H set of 12</p><p> -23% 0FF </p><p>$16.86</p><a href="https://www.amazon.com/dp/B000I5MNC0?tag=eloabder-20&linkCode=osi&th=1&psc=1">View Product</a></div><div class="product"><a href="https://www.amazon.com/dp/B0716W4HT2?tag=eloabder-20&linkCode=osi&th=1&psc=1"><img src="https://m.media-amazon.com/images/I/413mbXo1tfL._SL500_.jpg" alt="Product Image"></a><p>Oil Pastel Pencils for Artists 48 ct - Oil Based Colored Pencils - Drawing, Sketching and Adult Coloring - Soft Core Art Coloring Pencils Set with Skin Tone</p><p> -35% 0FF </p><p>$17.49</p><a href="https://www.amazon.com/dp/B0716W4HT2?tag=eloabder-20&linkCode=osi&th=1&psc=1">View Product</a></div>
<div class="product"><a href="https://www.amazon.com/dp/B0778WXGC2?tag=eloabder-20&linkCode=osi&th=1&psc=1"><img src="https://m.media-amazon.com/images/I/612XF1pkfEL._SL500_.jpg" alt="Product Image"></a><p>Folkwear English Smock #221 Farmer Shirt Artist Blouse Traditional Old England Sewing Pattern (Pattern Only) folkwear221</p><p> -17% 0FF </p><p>$16.95</p><a href="https://www.amazon.com/dp/B0778WXGC2?tag=eloabder-20&linkCode=osi&th=1&psc=1">View Product</a></div>
<div class="product"><a href="https://www.amazon.com/dp/B0987JPQ74?tag=eloabder-20&linkCode=osi&th=1&psc=1"><img src="https://m.media-amazon.com/images/I/51T06yxPRCL._SL500_.jpg" alt="Product Image"></a><p>DIYSELF 16-Piece Craft Knife Set, Exacto Knife Set, 3-Piece Hobby Knife with 10-Piece Exacto Knife Blades, Precision Art Knife for Pumpkin Carving, Modeling, Exactly Knife, Pumpkin Carving Tools</p><p> -10% 0FF </p><p>$8.99</p><a href="https://www.amazon.com/dp/B0987JPQ74?tag=eloabder-20&linkCode=osi&th=1&psc=1">View Product</a></div><div class="product"><a href="https://www.amazon.com/dp/B0BV5S193T?tag=eloabder-20&linkCode=osi&th=1&psc=1"><img src="https://m.media-amazon.com/images/I/41K5HSjhJVL._SL500_.jpg" alt="Product Image"></a><p>5 Piece Palette knifes Painting Knife Set for Oil, Acrylic Paint,Cake Decorating,Stainless Steel Pallet Knife Paint Knife Art Spatula for Various Types of Painting,ColorMixing,Smearing</p><p> -17% 0FF </p><p>$4.99</p><a href="https://www.amazon.com/dp/B0BV5S193T?tag=eloabder-20&linkCode=osi&th=1&psc=1">View Product</a></div><div class="product"><a href="https://www.amazon.com/dp/B0851M3749?tag=eloabder-20&linkCode=osi&th=1&psc=1"><img src="https://m.media-amazon.com/images/I/41KKSGSDl5L._SL500_.jpg" alt="Product Image"></a><p>N NOROCME 12 PCS Blending Stumps and Tortillions Paper Art Blenders with Sandpaper Pencil Sharpener Pointer for Student Artist Charcoal Sketch Drawing Tools</p><p> -55% 0FF </p><p>$4.99</p><a href="https://www.amazon.com/dp/B0851M3749?tag=eloabder-20&linkCode=osi&th=1&psc=1">View Product</a></div>
<div class="product"><a href="https://www.amazon.com/dp/B017T977MI?tag=eloabder-20&linkCode=osi&th=1&psc=1"><img src="https://m.media-amazon.com/images/I/418eKRiCmHL._SL500_.jpg" alt="Product Image"></a><p>Lion Brand 24/7 Cotton Yarn, Lightweight Yarn for Knitting, Crocheting, and Crafts, Sky, 1 Pack</p><p> -29% 0FF </p><p>$4.87 ($0.01 / Foot)</p><a href="https://www.amazon.com/dp/B017T977MI?tag=eloabder-20&linkCode=osi&th=1&psc=1">View Product</a></div><div class="product"><a href="https://www.amazon.com/dp/B001EWBLYC?tag=eloabder-20&linkCode=osi&th=1&psc=1"><img src="https://m.media-amazon.com/images/I/51CsW4tWtWL._SL500_.jpg" alt="Product Image"></a><p>RED HEART Soft Baby Steps Yarn, Baby Blue</p><p> -27% 0FF </p><p>$6.54 ($0.01 / Foot)</p><a href="https://www.amazon.com/dp/B001EWBLYC?tag=eloabder-20&linkCode=osi&th=1&psc=1">View Product</a></div><div class="product"><a href="https://www.amazon.com/dp/B09WJG6BYH?tag=eloabder-20&linkCode=osi&th=1&psc=1"><img src="https://m.media-amazon.com/images/I/51J3kWAkcML._SL500_.jpg" alt="Product Image"></a><p>Bernat Baby Blanket Lovely Blue Yarn - 2 Pack of 300g/10.5oz - Polyester - 6 Super Bulky - 220 Yards - Knitting/Crochet</p><p> -12% 0FF </p><p>$22.78</p><a href="https://www.amazon.com/dp/B09WJG6BYH?tag=eloabder-20&linkCode=osi&th=1&psc=1">View Product</a></div><div class="product"><a href="https://www.amazon.com/dp/B079PB452K?tag=eloabder-20&linkCode=osi&th=1&psc=1"><img src="https://m.media-amazon.com/images/I/41uh2hj6jTL._SL500_.jpg" alt="Product Image"></a><p>Lion Brand Yarn Feels Like Butta Soft Yarn for Crocheting and Knitting, Velvety, 1-Pack, Dusty Blue</p><p> -38% 0FF </p><p>$3.99 ($0.01 / Foot)</p><a href="https://www.amazon.com/dp/B079PB452K?tag=eloabder-20&linkCode=osi&th=1&psc=1">View Product</a></div><div class="product"><a href="https://www.amazon.com/dp/B003D7O1UC?tag=eloabder-20&linkCode=osi&th=1&psc=1"><img src="https://m.media-amazon.com/images/I/413-j-cJxPL._SL500_.jpg" alt="Product Image"></a><p>Lion Brand Yarn (1 Skein) Vanna's Choice Yarn, Dusty Blue</p><p> -20% 0FF </p><p>$3.99 ($0.01 / Foot)</p><a href="https://www.amazon.com/dp/B003D7O1UC?tag=eloabder-20&linkCode=osi&th=1&psc=1">View Product</a></div><div class="product"><a href="https://www.amazon.com/dp/B08JTYHC8B?tag=eloabder-20&linkCode=osi&th=1&psc=1"><img src="https://m.media-amazon.com/images/I/416LqlC3EXL._SL500_.jpg" alt="Product Image"></a><p>Alize Diva Silky Effect 100% Microfiber Acrylic Yarn 1 Ball skeins 100gr 383yds Color (346 - Sky Blue)</p><p> -16% 0FF </p><p>$5.49 ($0.00 / Foot)</p><a href="https://www.amazon.com/dp/B08JTYHC8B?tag=eloabder-20&linkCode=osi&th=1&psc=1">View Product</a></div>
<div class="product"><a href="https://www.amazon.com/dp/B0B2WMHCS2?tag=eloabder-20&linkCode=osi&th=1&psc=1"><img src="https://m.media-amazon.com/images/I/51HdKWtmsqL._SL500_.jpg" alt="Product Image"></a><p>Quill Pen Vintage Feather Calligraphy Pen Refined Quill Ballpoint for Writing Signature or Gift Wedding Bridal (Black)</p><p> -10% 0FF </p><p>$4.30</p><a href="https://www.amazon.com/dp/B0B2WMHCS2?tag=eloabder-20&linkCode=osi&th=1&psc=1">View Product</a></div><div class="product"><a href="https://www.amazon.com/dp/B084LMTR6J?tag=eloabder-20&linkCode=osi&th=1&psc=1"><img src="https://m.media-amazon.com/images/I/31v-ETvx49L._SL500_.jpg" alt="Product Image"></a><p>Cricut Joy Extra Fine Point Pens 0.3mm, 3 Count, Black</p><p> -66% 0FF </p><p>$2.69 ($0.90 / Count)</p><a href="https://www.amazon.com/dp/B084LMTR6J?tag=eloabder-20&linkCode=osi&th=1&psc=1">View Product</a></div><div class="product"><a href="https://www.amazon.com/dp/B0CQF3BJ3S?tag=eloabder-20&linkCode=osi&th=1&psc=1"><img src="https://m.media-amazon.com/images/I/41gs6AOiP6L._SL500_.jpg" alt="Product Image"></a><p>3 in 1 Retractable Ballpoint Pen with Light and Stylus, Nice Pens for Journaling Writing in The Dark - White/Red Light Tip- 0.7mm Black Ink</p><p> -13% 0FF </p><p>$12.99</p><a href="https://www.amazon.com/dp/B0CQF3BJ3S?tag=eloabder-20&linkCode=osi&th=1&psc=1">View Product</a></div><div class="product"><a href="https://www.amazon.com/dp/B097MJBPQ4?tag=eloabder-20&linkCode=osi&th=1&psc=1"><img src="https://m.media-amazon.com/images/I/41vwBosmAUL._SL500_.jpg" alt="Product Image"></a><p>JANYUN 3 Pieces Pen Shape Resin Mold Ballpoint Pen Silicone Molds Epoxy Resin Molds Resin Casting Molds with 75 Pieces Ballpoint Refill Pens for DIY Resin Crafts Making (Black Blue)</p><p> -12% 0FF </p><p>$7.95 ($2.65 / Count)</p><a href="https://www.amazon.com/dp/B097MJBPQ4?tag=eloabder-20&linkCode=osi&th=1&psc=1">View Product</a></div><div class="product"><a href="https://www.amazon.com/dp/B0D8GL3RLX?tag=eloabder-20&linkCode=osi&th=1&psc=1"><img src="https://m.media-amazon.com/images/I/41pLKPe4lfL._SL500_.jpg" alt="Product Image"></a><p>MARTCOLOR Gold Silver White Gel Pens, 1mm Fine Point Gel Ink Pen Opaque Archival Ink Pens for Black Paper Drawing, Sketching, Illustration, Card Making, Bullet Journaling, 3 Pack</p><p> -14% 0FF </p><p>$5.99</p><a href="https://www.amazon.com/dp/B0D8GL3RLX?tag=eloabder-20&linkCode=osi&th=1&psc=1">View Product</a></div>
<div class="product"><a href="https://www.amazon.com/dp/B09G2979JS?tag=eloabder-20&linkCode=osi&th=1&psc=1"><img src="https://m.media-amazon.com/images/I/61NISgl9z4L._SL500_.jpg" alt="Product Image"></a><p>Gionlion 6000 Clay Beads Bracelet Making Kit, 24 Colors Flat Preppy Beads for Friendship Bracelets, Polymer Clay Beads with Charms for Jewelry Making, Crafts Gifts for Girls Ages 6-12</p><p> -70% 0FF </p><p>$8.99 ($0.00 / Count)</p><a href="https://www.amazon.com/dp/B09G2979JS?tag=eloabder-20&linkCode=osi&th=1&psc=1">View Product</a></div><div class="product"><a href="https://www.amazon.com/dp/B0CQJDDSN7?tag=eloabder-20&linkCode=osi&th=1&psc=1"><img src="https://m.media-amazon.com/images/I/61Un7cTgOyL._SL500_.jpg" alt="Product Image"></a><p>LIS HEGENSA 24 Color Pony Beads Bulk 1000 Pcs,Kandi Beads for Necklace Jewelry Making Earring Hair Braiding,Bracelets Making Kits,Hair Bead,Bracelet Beads,Plastic Beads for Crafts Braids Girls</p><p> -30% 0FF </p><p>$6.99</p><a href="https://www.amazon.com/dp/B0CQJDDSN7?tag=eloabder-20&linkCode=osi&th=1&psc=1">View Product</a></div><div class="product"><a href="https://www.amazon.com/dp/B0C6D7DCV9?tag=eloabder-20&linkCode=osi&th=1&psc=1"><img src="https://m.media-amazon.com/images/I/51Y7WgErJ4L._SL500_.jpg" alt="Product Image"></a><p>shynek 1400 Pieces 6mm Round Glass Beads for Jewelry Making, 28 Colors Crystal Beads for Bracelets Jewelry Making and DIY Crafts(Solid Color)</p><p> -44% 0FF </p><p>$13.99 ($0.01 / Count)</p><a href="https://www.amazon.com/dp/B0C6D7DCV9?tag=eloabder-20&linkCode=osi&th=1&psc=1">View Product</a></div><div class="product"><a href="https://www.amazon.com/dp/B0CF1BD1C4?tag=eloabder-20&linkCode=osi&th=1&psc=1"><img src="https://m.media-amazon.com/images/I/511uBv47XkL._SL500_.jpg" alt="Product Image"></a><p>SUTOUG 1000PCS Colourful Letter Beads for Threading, 4 x 7 MM, A-Z White Letter Beads and Colourful Heart Beads, Acrylic Round Beads for Jewellery DIY Making Crafts Bracelets Necklaces Ornaments-Gold</p><p> -13% 0FF </p><p>$5.99 ($1.21 / Ounce)</p><a href="https://www.amazon.com/dp/B0CF1BD1C4?tag=eloabder-20&linkCode=osi&th=1&psc=1">View Product</a></div><div class="product"><a href="https://www.amazon.com/dp/B0C5JBWBXB?tag=eloabder-20&linkCode=osi&th=1&psc=1"><img src="https://m.media-amazon.com/images/I/616c37RFkJL._SL500_.jpg" alt="Product Image"></a><p>Redtwo 3400pcs 4mm Glass Seed Beads for Jewelry Bracelet Making Kit, Small Beads Friendship Bracelet Kit, Tiny Waist Beads Kit with Letter Beads and Elastic String, DIY Art Craft Girls Gifts.</p><p> -22% 0FF </p><p>$6.99</p><a href="https://www.amazon.com/dp/B0C5JBWBXB?tag=eloabder-20&linkCode=osi&th=1&psc=1">View Product</a></div><div class="product"><a href="https://www.amazon.com/dp/B007QNXBR8?tag=eloabder-20&linkCode=osi&th=1&psc=1"><img src="https://m.media-amazon.com/images/I/51AU4aa67CL._SL500_.jpg" alt="Product Image"></a><p>Beadery B6262 The Sparkles Pony Bead Box - approximately 2300 beads</p><p> -44% 0FF </p><p>$12.97 ($0.01 / Count)</p><a href="https://www.amazon.com/dp/B007QNXBR8?tag=eloabder-20&linkCode=osi&th=1&psc=1">View Product</a></div>
<div class="product"><a href="https://www.amazon.com/dp/B07BNF8KH5?tag=eloabder-20&linkCode=osi&th=1&psc=1"><img src="https://m.media-amazon.com/images/I/51jVByheyVL._SL500_.jpg" alt="Product Image"></a><p>PH PandaHall 100 Yards 1mm Waxed Cotton Cord Thread Beading String for Bracelet Necklace Making Crafting Beading Macrame Vase Decor, Burlywood</p><p> -41% 0FF </p><p>$7.19 ($0.02 / Foot)</p><a href="https://www.amazon.com/dp/B07BNF8KH5?tag=eloabder-20&linkCode=osi&th=1&psc=1">View Product</a></div><div class="product"><a href="https://www.amazon.com/dp/B08F49YVQP?tag=eloabder-20&linkCode=osi&th=1&psc=1"><img src="https://m.media-amazon.com/images/I/41yCMIpj0rS._SL500_.jpg" alt="Product Image"></a><p>1mm Stretchy Bracelet String, Sturdy Rainbow Elastic String Elastic Cord for Jewelry Making, Necklaces, Beading and Crafts</p><p> -36% 0FF </p><p>$6.99 ($0.04 / Foot)</p><a href="https://www.amazon.com/dp/B08F49YVQP?tag=eloabder-20&linkCode=osi&th=1&psc=1">View Product</a></div><div class="product"><a href="https://www.amazon.com/dp/B0BZYSBG2N?tag=eloabder-20&linkCode=osi&th=1&psc=1"><img src="https://m.media-amazon.com/images/I/51apPSltd9L._SL500_.jpg" alt="Product Image"></a><p>Nylon String for Bracelets, 25 Colors 1125 Yards Chinese Knotting Cord, 0.8 mm Nylon Cord for Jewelry Making, Beading, Necklaces, Kumihimo, Friendship Bracelets, Tassels and Craft</p><p> -5% 0FF </p><p>$18.99 ($0.01 / Foot)</p><a href="https://www.amazon.com/dp/B0BZYSBG2N?tag=eloabder-20&linkCode=osi&th=1&psc=1">View Product</a></div><div class="product"><a href="https://www.amazon.com/dp/B001PZD1C8?tag=eloabder-20&linkCode=osi&th=1&psc=1"><img src="https://m.media-amazon.com/images/I/41r2T29Hr7S._SL500_.jpg" alt="Product Image"></a><p>Stretch Magic Bead & Jewelry Cord - Strong & Stretchy, Easy to Knot - Clear Color - 0.5mm diameter - 10-meter (32.8 ft) spool - Elastic String for making beaded jewelry</p><p> -36% 0FF </p><p>$4.50 ($0.14 / Foot)</p><a href="https://www.amazon.com/dp/B001PZD1C8?tag=eloabder-20&linkCode=osi&th=1&psc=1">View Product</a></div>
<div class="product"><a href="https://www.amazon.com/dp/B0CBRC7K9K?tag=eloabder-20&linkCode=osi&th=1&psc=1"><img src="https://m.media-amazon.com/images/I/41JvPiusoSL._SL500_.jpg" alt="Product Image"></a><p>FIVEIZERO 21 Pieces Beading Needles Set, 6 Sizes Seed Beads Needles Big Eye Beading Needles Collapsible Beading Needles Set for Jewelry Making</p><p> -30% 0FF </p><p>$6.99</p><a href="https://www.amazon.com/dp/B0CBRC7K9K?tag=eloabder-20&linkCode=osi&th=1&psc=1">View Product</a></div><div class="product"><a href="https://www.amazon.com/dp/B0BNTYN4X5?tag=eloabder-20&linkCode=osi&th=1&psc=1"><img src="https://m.media-amazon.com/images/I/51elL0Dm7cL._SL500_.jpg" alt="Product Image"></a><p>58 Pcs Beading Needles Set,50 Pcs Long Straight Beading Thread Needles, 8 Pcs Big Eye Beading Needles with Threader, Needle Bottle, Yarn Scissors,Tweezers for Bracelets and Jewelry Making</p><p> -22% 0FF </p><p>$6.99</p><a href="https://www.amazon.com/dp/B0BNTYN4X5?tag=eloabder-20&linkCode=osi&th=1&psc=1">View Product</a></div><div class="product"><a href="https://www.amazon.com/dp/B09VGLZKGJ?tag=eloabder-20&linkCode=osi&th=1&psc=1"><img src="https://m.media-amazon.com/images/I/41jYxsbzW1L._SL500_.jpg" alt="Product Image"></a><p>UOOU 28 Pcs Beading Needles Set Include 20 Pcs Long Straight Beading Thread Needles + 8 Pcs Big Eye Beading Needles, Embroidery Needles with Needle Bottle, Thimble, Needle Threaders for Jewelry Making</p><p> -14% 0FF </p><p>$5.99</p><a href="https://www.amazon.com/dp/B09VGLZKGJ?tag=eloabder-20&linkCode=osi&th=1&psc=1">View Product</a></div><div class="product"><a href="https://www.amazon.com/dp/B0D127NY14?tag=eloabder-20&linkCode=osi&th=1&psc=1"><img src="https://m.media-amazon.com/images/I/41sq0seXVfL._SL500_.jpg" alt="Product Image"></a><p>FIVEIZERO 60 Pieces Beading Needle Set, 5 Sizes Species Big Eye Beading Needles (with Threader) Needle Bottle, Yarn, Embroidery Needle, Thimble Foldable Beading Needle Set for Jewelry Making</p><p> -30% 0FF </p><p>$6.99</p><a href="https://www.amazon.com/dp/B0D127NY14?tag=eloabder-20&linkCode=osi&th=1&psc=1">View Product</a></div>
<div class="product"><a href="https://www.amazon.com/dp/B001GMUBJ6?tag=eloabder-20&linkCode=osi&th=1&psc=1"><img src="https://m.media-amazon.com/images/I/51ovvZkwriL._SL500_.jpg" alt="Product Image"></a><p>The Beadsmith Fireline by Berkley – Micro-Fused Braided Thread – 6lb. Test, 006”/.15mm Diameter, 50 Yard Spool, Crystal Color – Super Strong Stringing Material for Jewelry Making and Bead Weaving</p><p> -5% 0FF </p><p>$11.99</p><a href="https://www.amazon.com/dp/B001GMUBJ6?tag=eloabder-20&linkCode=osi&th=1&psc=1">View Product</a></div><div class="product"><a href="https://www.amazon.com/dp/B07FL95S7C?tag=eloabder-20&linkCode=osi&th=1&psc=1"><img src="https://m.media-amazon.com/images/I/41Pbjyx1lnL._SL500_.jpg" alt="Product Image"></a><p>Treasure Gurus Artificial Deer Sinew Waxed Beading Craft Poly Thread Spool Natural Wax Sinue</p><p> -7% 0FF </p><p>$13.25 ($0.01 / Foot)</p><a href="https://www.amazon.com/dp/B07FL95S7C?tag=eloabder-20&linkCode=osi&th=1&psc=1">View Product</a></div>
<div class="product"><a href="https://www.amazon.com/dp/B00D3KOB2W?tag=eloabder-20&linkCode=osi&th=1&psc=1"><img src="https://m.media-amazon.com/images/I/419Au7VfUYL._SL500_.jpg" alt="Product Image"></a><p>Beadalon 7 Strand Stainless Steel Bead Stringing Wire, 0.012 in / 0.30 mm, Bright, 100 ft / 31 m</p><p> -6% 0FF </p><p>$8.88</p><a href="https://www.amazon.com/dp/B00D3KOB2W?tag=eloabder-20&linkCode=osi&th=1&psc=1">View Product</a></div><div class="product"><a href="https://www.amazon.com/dp/B00109RIVO?tag=eloabder-20&linkCode=osi&th=1&psc=1"><img src="https://m.media-amazon.com/images/I/51ctGiWm+8L._SL500_.jpg" alt="Product Image"></a><p>Beadalon 19 Strand Stainless Steel Bead Stringing Wire, 015 in / 0.38 mm, Bright, 100 ft / 31 m</p><p> -26% 0FF </p><p>$20.99</p><a href="https://www.amazon.com/dp/B00109RIVO?tag=eloabder-20&linkCode=osi&th=1&psc=1">View Product</a></div><div class="product"><a href="https://www.amazon.com/dp/B001FCYJDG?tag=eloabder-20&linkCode=osi&th=1&psc=1"><img src="https://m.media-amazon.com/images/I/41ffmCFSOhL._SL500_.jpg" alt="Product Image"></a><p>Beadalon 19 Strand Stainless Steel Bead Stringing Wire.015 in (0.38 mm), Satin Silver, 30 ft (9.2 m)</p><p> -26% 0FF </p><p>$9.99</p><a href="https://www.amazon.com/dp/B001FCYJDG?tag=eloabder-20&linkCode=osi&th=1&psc=1">View Product</a></div>
<div class="product"><a href="https://www.amazon.com/dp/B01LWX2IO1?tag=eloabder-20&linkCode=osi&th=1&psc=1"><img src="https://m.media-amazon.com/images/I/412dCF1E4QL._SL500_.jpg" alt="Product Image"></a><p>Beesworks Yellow Beeswax Bars (6 oz) | 100% Pure, Cosmetic Grade, Triple-Filtered Beeswax for DIY Skin Care, Lip Balm, Lotion and Candle Making (1 oz Bars - Pack of 6)</p><p> -22% 0FF </p><p>$6.99 ($1.16 / Ounce)</p><a href="https://www.amazon.com/dp/B01LWX2IO1?tag=eloabder-20&linkCode=osi&th=1&psc=1">View Product</a></div><div class="product"><a href="https://www.amazon.com/dp/B07VSQ6PGD?tag=eloabder-20&linkCode=osi&th=1&psc=1"><img src="https://m.media-amazon.com/images/I/41sY3zrLyyL._SL500_.jpg" alt="Product Image"></a><p>EricX Light Beeswax Bars 7oz,1oz for Each Beeswax Bars,Pack of 7,Cosmetic Grade</p><p> -36% 0FF </p><p>$6.99 ($1.00 / Ounce)</p><a href="https://www.amazon.com/dp/B07VSQ6PGD?tag=eloabder-20&linkCode=osi&th=1&psc=1">View Product</a></div>
<div class="product"><a href="https://www.amazon.com/dp/B08KGTFR6T?tag=eloabder-20&linkCode=osi&th=1&psc=1"><img src="https://m.media-amazon.com/images/I/51Q3LghfEXL._SL500_.jpg" alt="Product Image"></a><p>Otylzto Premium Plastic Clips, 100 Pcs with Box, Sewing Notions for Sewing Quilting Supplies Crafting Tools, Assorted Colors for Craft</p><p> -16% 0FF </p><p>$6.69</p><a href="https://www.amazon.com/dp/B08KGTFR6T?tag=eloabder-20&linkCode=osi&th=1&psc=1">View Product</a></div><div class="product"><a href="https://www.amazon.com/dp/B01G90AEE6?tag=eloabder-20&linkCode=osi&th=1&psc=1"><img src="https://m.media-amazon.com/images/I/41-bfF+u5BL._SL500_.jpg" alt="Product Image"></a><p>Clover Mini Wonder Clips (Red & Blue/20 pcs.)</p><p> -40% 0FF </p><p>$9.35 ($0.47 / Count)</p><a href="https://www.amazon.com/dp/B01G90AEE6?tag=eloabder-20&linkCode=osi&th=1&psc=1">View Product</a></div>
<div class="product"><a href="https://www.amazon.com/dp/B0CL7N6GZS?tag=eloabder-20&linkCode=osi&th=1&psc=1"><img src="https://m.media-amazon.com/images/I/4119FS8tFqL._SL500_.jpg" alt="Product Image"></a><p>Mr. Pen- Pencil Pouch, 2Pack, Pencil Pouches, Pencil Pouch for 3 Ring Binder Pencil Pouch, Pencil Cases, Pencil Case for Binder Pouch, Zipper Pencil Pouch, 3 Ring Binder Pouch, Pencil Bags with Zipper</p><p> -22% 0FF </p><p>$6.99</p><a href="https://www.amazon.com/dp/B0CL7N6GZS?tag=eloabder-20&linkCode=osi&th=1&psc=1">View Product</a></div><div class="product"><a href="https://www.amazon.com/dp/B00AFTQ4X8?tag=eloabder-20&linkCode=osi&th=1&psc=1"><img src="https://m.media-amazon.com/images/I/31GQNXQlHrL._SL500_.jpg" alt="Product Image"></a><p>Swingline 3 Hole Punch, 20 Sheet Capacity Three Hole Puncher 3 Ring, Paper Punch, SmartTouch Low Effort, Black & Silver (74133)</p><p> -22% 0FF </p><p>$18.00</p><a href="https://www.amazon.com/dp/B00AFTQ4X8?tag=eloabder-20&linkCode=osi&th=1&psc=1">View Product</a></div>
<div class="product"><a href="https://www.amazon.com/dp/B005571VQA?tag=eloabder-20&linkCode=osi&th=1&psc=1"><img src="https://m.media-amazon.com/images/I/314C89Li8+L._SL500_.jpg" alt="Product Image"></a><p>We R Memory Keepers 0633356710899 Wire Cinch-1 Inch-Bark (2 Piece)</p><p> -15% 0FF </p><p>$9.53</p><a href="https://www.amazon.com/dp/B005571VQA?tag=eloabder-20&linkCode=osi&th=1&psc=1">View Product</a></div><div class="product"><a href="https://www.amazon.com/dp/B0D1XV3N8H?tag=eloabder-20&linkCode=osi&th=1&psc=1"><img src="https://m.media-amazon.com/images/I/41Esbkv-76L._SL500_.jpg" alt="Product Image"></a><p>JUPEAN Bookbinding Kit, Book Binding Kits, Book Press, 7.9”x11.6”, Book Binding Tools Book Binding Supplies with Wooden Binding Press Book Cover Book Board Bone Folder Awl Binding Strap for DIY</p><p> -10% 0FF </p><p>$37.99</p><a href="https://www.amazon.com/dp/B0D1XV3N8H?tag=eloabder-20&linkCode=osi&th=1&psc=1">View Product</a></div><div class="product"><a href="https://www.amazon.com/dp/B0B9BMMJW5?tag=eloabder-20&linkCode=osi&th=1&psc=1"><img src="https://m.media-amazon.com/images/I/41Jl3w+cJ4L._SL500_.jpg" alt="Product Image"></a><p>6 Pcs Bookbinding Kits, Bookbinding Supplies, Book Binding Starter Tools Set for DIY Bookbinding Crafts and Sewing Supplies</p><p> -7% 0FF </p><p>$6.99</p><a href="https://www.amazon.com/dp/B0B9BMMJW5?tag=eloabder-20&linkCode=osi&th=1&psc=1">View Product</a></div><div class="product"><a href="https://www.amazon.com/dp/B0D1X433Z6?tag=eloabder-20&linkCode=osi&th=1&psc=1"><img src="https://m.media-amazon.com/images/I/41apTG1e9fL._SL500_.jpg" alt="Product Image"></a><p>JUPEAN Book Binding Kits, Bookbinding Supplies, Book Binding Kit for Beginners Bone Folder Tool with Bone Folder Awl Waxed Thread Book Press for DIY 7.9”x11.6”</p><p> -13% 0FF </p><p>$25.99</p><a href="https://www.amazon.com/dp/B0D1X433Z6?tag=eloabder-20&linkCode=osi&th=1&psc=1">View Product</a></div><div class="product"><a href="https://www.amazon.com/dp/B0D4YHS3R7?tag=eloabder-20&linkCode=osi&th=1&psc=1"><img src="https://m.media-amazon.com/images/I/41lRDpWUjiL._SL500_.jpg" alt="Product Image"></a><p>Jupean Bookbinding Kit, Book Binding Kit for Beginners, Book Binding Materials, Book Binding Tools with Bone Folder Book Binding Awl Webbing Strap Storage Box</p><p> -20% 0FF </p><p>$15.99</p><a href="https://www.amazon.com/dp/B0D4YHS3R7?tag=eloabder-20&linkCode=osi&th=1&psc=1">View Product</a></div><div class="product"><a href="https://www.amazon.com/dp/B0BP7XXPJJ?tag=eloabder-20&linkCode=osi&th=1&psc=1"><img src="https://m.media-amazon.com/images/I/51m+QztxUoL._SL500_.jpg" alt="Product Image"></a><p>BeKnitting 20 Knit Blocking Combs for Knitting & Crochet Projects Blockers for Crafts, Lace, Sweaters, Cardigans, Scarves, Needlework, Mats</p><p> -16% 0FF </p><p>$14.94</p><a href="https://www.amazon.com/dp/B0BP7XXPJJ?tag=eloabder-20&linkCode=osi&th=1&psc=1">View Product</a></div>
<div class="product"><a href="https://www.amazon.com/dp/B00UY0WT1O?tag=eloabder-20&linkCode=osi&th=1&psc=1"><img src="https://m.media-amazon.com/images/I/41eBNPX-72L._SL500_.jpg" alt="Product Image"></a><p>We R Memory Keepers, Cinch Book Binding Machine 2, Pink/White, Easy to Use Design with Slide Ruler, Compatible with Wire or Spiral Coils, Make Professional Books, Notebooks, Calendars and More</p><p> -10% 0FF </p><p>$90.24</p><a href="https://www.amazon.com/dp/B00UY0WT1O?tag=eloabder-20&linkCode=osi&th=1&psc=1">View Product</a></div><div class="product"><a href="https://www.amazon.com/dp/B00AYKTA66?tag=eloabder-20&linkCode=osi&th=1&psc=1"><img src="https://m.media-amazon.com/images/I/51EjD50SJvL._SL500_.jpg" alt="Product Image"></a><p>We R Memory Keepers Mini Cinch Bundle Includes Book Binding Machine, 16 Wires, Wire Cutters, and Six Black Bookboards, Easy to Use Design, Ruler, Wire or Spiral Coils, DIY Books, Notebooks, Calendars</p><p> -13% 0FF </p><p>$69.89</p><a href="https://www.amazon.com/dp/B00AYKTA66?tag=eloabder-20&linkCode=osi&th=1&psc=1">View Product</a></div><div class="product"><a href="https://www.amazon.com/dp/B0BV3CC4J7?tag=eloabder-20&linkCode=osi&th=1&psc=1"><img src="https://m.media-amazon.com/images/I/41Ove9J1WyL._SL500_.jpg" alt="Product Image"></a><p>We R Memory Keepers Multi Cinch Kit (2 in 1 Circle & Disc) Book Binding Art Crafts Sewing Scrapbooking Journaling Printmaking Paper Craft Office Home Card Stock DIY Card Making Sticker Machine</p><p> -5% 0FF </p><p>$68.40</p><a href="https://www.amazon.com/dp/B0BV3CC4J7?tag=eloabder-20&linkCode=osi&th=1&psc=1">View Product</a></div><div class="product"><a href="https://www.amazon.com/dp/B0CZQJTTHT?tag=eloabder-20&linkCode=osi&th=1&psc=1"><img src="https://m.media-amazon.com/images/I/410goBiFC5L._SL500_.jpg" alt="Product Image"></a><p>Kreapa 30 pcs book binding kits Book Press Book Binding Supplies & Book Binding Kits Book Binding Kits Starter Kit with Real Bone Clips Awl Big Eye Needle Waxed Book Cloth DIY,11.6 x 7.7 inches</p><p> -50% 0FF </p><p>$21.49</p><a href="https://www.amazon.com/dp/B0CZQJTTHT?tag=eloabder-20&linkCode=osi&th=1&psc=1">View Product</a></div>
<div class="product"><a href="https://www.amazon.com/dp/B0049UZ8PY?tag=eloabder-20&linkCode=osi&th=1&psc=1"><img src="https://m.media-amazon.com/images/I/31-Uug6SnRL._SL500_.jpg" alt="Product Image"></a><p>Daler-Rowney FW Acrylic Ink Bottle Black - Versatile Acrylic Drawing Ink for Artists and Students - Permanent Calligraphy Ink - Archival Ink for Illustrating and More</p><p> -23% 0FF </p><p>$7.75</p><a href="https://www.amazon.com/dp/B0049UZ8PY?tag=eloabder-20&linkCode=osi&th=1&psc=1">View Product</a></div><div class="product"><a href="https://www.amazon.com/dp/B005P1QSFK?tag=eloabder-20&linkCode=osi&th=1&psc=1"><img src="https://m.media-amazon.com/images/I/414vi3MJ19L._SL500_.jpg" alt="Product Image"></a><p>Ranger, Archival Ink Pad, 0, Jet Black (789541031468)</p><p> -9% 0FF </p><p>$7.51 ($7.51 / count)</p><a href="https://www.amazon.com/dp/B005P1QSFK?tag=eloabder-20&linkCode=osi&th=1&psc=1">View Product</a></div>
<div class="product"><a href="https://www.amazon.com/dp/B07Q4TJCDJ?tag=eloabder-20&linkCode=osi&th=1&psc=1"><img src="https://m.media-amazon.com/images/I/315HYvYg-BL._SL500_.jpg" alt="Product Image"></a><p>Primbeeks 300pcs Blank Business Cards, Premium Blank White Cards, 3.5" x 2.2" Small Blank Cards, Blank Cardstock Cards, Small Note Cards, white blank cards, white business cards, kraft paper cards</p><p> -53% 0FF </p><p>$7.99</p><a href="https://www.amazon.com/dp/B07Q4TJCDJ?tag=eloabder-20&linkCode=osi&th=1&psc=1">View Product</a></div>
<div class="product"><a href="https://www.amazon.com/dp/B07D8MQ71H?tag=eloabder-20&linkCode=osi&th=1&psc=1"><img src="https://m.media-amazon.com/images/I/41eOrrAeW1L._SL500_.jpg" alt="Product Image"></a><p>Paper Junkie 48 Pack Small Blank Notebooks for Kids Bulk, Kraft Paper Journals for Students, Sketching Drawing, Writing (4.3 x 5.6 In)</p><p> -15% 0FF </p><p>$22.99</p><a href="https://www.amazon.com/dp/B07D8MQ71H?tag=eloabder-20&linkCode=osi&th=1&psc=1">View Product</a></div><div class="product"><a href="https://www.amazon.com/dp/B0CJGPBFCN?tag=eloabder-20&linkCode=osi&th=1&psc=1"><img src="https://m.media-amazon.com/images/I/41WVp+K3FmL._SL500_.jpg" alt="Product Image"></a><p>Mr. Pen- Colorful Blank Books, 4.2 x 5.5 Inches, 32 Pages, 8 Pack, Blank Notebooks for Kids, Mini Notebooks for Kids, Mini Journal for Students, Blank Journal for Kids, Unlined Notebook, Kids Journal</p><p> -17% 0FF </p><p>$4.99 ($0.62 / Count)</p><a href="https://www.amazon.com/dp/B0CJGPBFCN?tag=eloabder-20&linkCode=osi&th=1&psc=1">View Product</a></div><div class="product"><a href="https://www.amazon.com/dp/B0CP8RCH9R?tag=eloabder-20&linkCode=osi&th=1&psc=1"><img src="https://m.media-amazon.com/images/I/41IHpCydyOL._SL500_.jpg" alt="Product Image"></a><p>BLUMOST Spiral Sketchbook for Drawing, 120gsm Sketch Book for Sketching, Artist Drawing Blank Paper Notebook for Kids Adults Beginners, Inner Pocket, 5.75'' × 8.38''-Black</p><p> -50% 0FF </p><p>$4.49</p><a href="https://www.amazon.com/dp/B0CP8RCH9R?tag=eloabder-20&linkCode=osi&th=1&psc=1">View Product</a></div><div class="product"><a href="https://www.amazon.com/dp/B0CWS8VFN7?tag=eloabder-20&linkCode=osi&th=1&psc=1"><img src="https://m.media-amazon.com/images/I/31i+w2Y3cFL._SL500_.jpg" alt="Product Image"></a><p>Mr. Pen- Colorful Blank Books, 4.25 x 5.5 Inches, 6 Pack, 32 Pages, Blank Notebooks for Kids, Mini Notebooks for Kids, Mini Journal for Students, Blank Journal for Kids, Unlined Notebook, Kids Journal</p><p> -60% 0FF </p><p>$3.99</p><a href="https://www.amazon.com/dp/B0CWS8VFN7?tag=eloabder-20&linkCode=osi&th=1&psc=1">View Product</a></div>
<div class="product"><a href="https://www.amazon.com/dp/B0B3WWHWT2?tag=eloabder-20&linkCode=osi&th=1&psc=1"><img src="https://m.media-amazon.com/images/I/31m0FzXtPxL._SL500_.jpg" alt="Product Image"></a><p>Tamaki 6 Pack Colorful Blank Books for kids to Write, Drawing, Cute Sketchbook for Kid, 6 Colors (4.25 x 5.5 Inches)</p><p> -13% 0FF </p><p>$6.99</p><a href="https://www.amazon.com/dp/B0B3WWHWT2?tag=eloabder-20&linkCode=osi&th=1&psc=1">View Product</a></div>
<div class="product"><a href="https://www.amazon.com/dp/B0B19J9FZM?tag=eloabder-20&linkCode=osi&th=1&psc=1"><img src="https://m.media-amazon.com/images/I/41ABS9as04L._SL500_.jpg" alt="Product Image"></a><p>Soucolor 9" x 12" Sketch Book, 1-Pack 100 Sheets Spiral Bound Art Sketchbook, (68lb/100gsm) Acid Free Artist Drawing Book Paper Painting Sketching Pad for Kids Students Adults Beginners</p><p> -40% 0FF </p><p>$8.99</p><a href="https://www.amazon.com/dp/B0B19J9FZM?tag=eloabder-20&linkCode=osi&th=1&psc=1">View Product</a></div><div class="product"><a href="https://www.amazon.com/dp/B097L9D5C6?tag=eloabder-20&linkCode=osi&th=1&psc=1"><img src="https://m.media-amazon.com/images/I/51weNIrCWfL._SL500_.jpg" alt="Product Image"></a><p>Sketch Book 5.5 X 8.5 - Spiral Sketchbook Pack of 2, SuFly 200 Sheets (68 lb/100gsm) Acid Free Sketch Pads for Drawing for Adults Spiral-Bound with Hard Cover for Kids, 100 Sheets Each</p><p> -8% 0FF </p><p>$11.99 ($6.00 / Count)</p><a href="https://www.amazon.com/dp/B097L9D5C6?tag=eloabder-20&linkCode=osi&th=1&psc=1">View Product</a></div><div class="product"><a href="https://www.amazon.com/dp/B093MK1CLJ?tag=eloabder-20&linkCode=osi&th=1&psc=1"><img src="https://m.media-amazon.com/images/I/3168yaIXBOS._SL500_.jpg" alt="Product Image"></a><p>LayFlat Sketchbook - 8.27 x 11 Inches - Black Blank Note Book, 64 Sheets, Thick 100gsm Paper, for Drawing, Sketching, and journaling</p><p> -5% 0FF </p><p>$12.45</p><a href="https://www.amazon.com/dp/B093MK1CLJ?tag=eloabder-20&linkCode=osi&th=1&psc=1">View Product</a></div><div class="product"><a href="https://www.amazon.com/dp/B083SBPRTY?tag=eloabder-20&linkCode=osi&th=1&psc=1"><img src="https://m.media-amazon.com/images/I/61zFqh++bML._SL500_.jpg" alt="Product Image"></a><p>Artisto 9x12" Premium Sketch Book Set, Spiral Bound, Pack of 2, 200 Sheets (100g/m2), Acid-Free Drawing Paper, Ideal for Kids, Teens & Adults.</p><p> -28% 0FF </p><p>$20.99 ($0.10 / Count)</p><a href="https://www.amazon.com/dp/B083SBPRTY?tag=eloabder-20&linkCode=osi&th=1&psc=1">View Product</a></div><div class="product"><a href="https://www.amazon.com/dp/1441310223?tag=eloabder-20&linkCode=osi&th=1&psc=1"><img src="https://m.media-amazon.com/images/I/41fzQQFFDnL._SL500_.jpg" alt="Product Image"></a><p>Premium Sketchbook (Large journal)</p><p> -10% 0FF </p><p>$11.69</p><a href="https://www.amazon.com/dp/1441310223?tag=eloabder-20&linkCode=osi&th=1&psc=1">View Product</a></div>
<div class="product"><a href="https://www.amazon.com/dp/B075M9MSFH?tag=eloabder-20&linkCode=osi&th=1&psc=1"><img src="https://m.media-amazon.com/images/I/51x+szTX6TL._SL500_.jpg" alt="Product Image"></a><p>Bianyo Bleedproof Marker Paper Pad, A4(8.27"X11.69"), 50 Sheets, 18 LB / 70 GSM, Glue-Bound, 100% Cotton, White, Ideal for Use with Markers and Ink Mediums</p><p> -38% 0FF </p><p>$9.99</p><a href="https://www.amazon.com/dp/B075M9MSFH?tag=eloabder-20&linkCode=osi&th=1&psc=1">View Product</a></div><div class="product"><a href="https://www.amazon.com/dp/B0D97H6RR8?tag=eloabder-20&linkCode=osi&th=1&psc=1"><img src="https://m.media-amazon.com/images/I/41kq8GouD4L._SL500_.jpg" alt="Product Image"></a><p>135lb/200gsm Marker Paper Pad, 8.3×8.9in Double Sided Bleedproof Sketch Pad, 30 Sheets Art Paper Spiral Sketchbook, Smooth Alcohol Marker Paper Painting Coloring Paper for DIY, Gift, Christmas</p><p> -20% 0FF </p><p>$7.99</p><a href="https://www.amazon.com/dp/B0D97H6RR8?tag=eloabder-20&linkCode=osi&th=1&psc=1">View Product</a></div><div class="product"><a href="https://www.amazon.com/dp/B0CS3KH6S1?tag=eloabder-20&linkCode=osi&th=1&psc=1"><img src="https://m.media-amazon.com/images/I/41pg37CppxL._SL500_.jpg" alt="Product Image"></a><p>Ohuhu Double Sided Marker Pads Art Sketchbook Bleedproof - 7.6"x10" Large Paper Size - 90LB/150GSM Smooth Drawing Paper - 60 Sheets/120 Pages, Spiral Bound Sketching Book for Alcohol Markers Christmas</p><p> -9% 0FF </p><p>$19.99 ($0.33 / Count)</p><a href="https://www.amazon.com/dp/B0CS3KH6S1?tag=eloabder-20&linkCode=osi&th=1&psc=1">View Product</a></div><div class="product"><a href="https://www.amazon.com/dp/B0CS3DZ7QL?tag=eloabder-20&linkCode=osi&th=1&psc=1"><img src="https://m.media-amazon.com/images/I/41kUDF2DXdL._SL500_.jpg" alt="Product Image"></a><p>Ohuhu Double Sided Marker Pad Art Sketchbook Bleedproof - 9"x12" Large Paper Size - 90LB/150GSM Smooth Drawing Paper - 60 Sheets/120 Pages, Glue-Bound Sketching Book for Alcohol Markers Christmas Gift</p><p> -9% 0FF </p><p>$19.99 ($0.44 / Sq Ft)</p><a href="https://www.amazon.com/dp/B0CS3DZ7QL?tag=eloabder-20&linkCode=osi&th=1&psc=1">View Product</a></div>
<div class="product"><a href="https://www.amazon.com/dp/B000J09PFM?tag=eloabder-20&linkCode=osi&th=1&psc=1"><img src="https://m.media-amazon.com/images/I/51yPRc4nvoL._SL500_.jpg" alt="Product Image"></a><p>Speedball Water-Soluble Block Printing Ink Starter Set, 6 Bold Colors with Satin Finish, 1.25-Ounce Tubes</p><p> -9% 0FF </p><p>$29.99 ($4.00 / Fl Oz)</p><a href="https://www.amazon.com/dp/B000J09PFM?tag=eloabder-20&linkCode=osi&th=1&psc=1">View Product</a></div><div class="product"><a href="https://www.amazon.com/dp/B0042ST318?tag=eloabder-20&linkCode=osi&th=1&psc=1"><img src="https://m.media-amazon.com/images/I/41+uFUT9CNL._SL500_.jpg" alt="Product Image"></a><p>Sax True Flow Water Soluble Block Printing Ink, 8 Ounce Jar, Black - 461924</p><p> -23% 0FF </p><p>$10.75</p><a href="https://www.amazon.com/dp/B0042ST318?tag=eloabder-20&linkCode=osi&th=1&psc=1">View Product</a></div><div class="product"><a href="https://www.amazon.com/dp/B00C1JUJWW?tag=eloabder-20&linkCode=osi&th=1&psc=1"><img src="https://m.media-amazon.com/images/I/41zDtJ6f5hL._SL500_.jpg" alt="Product Image"></a><p>Speedball Fabric Block Printing Ink, 2.5-Ounce, Black</p><p> -5% 0FF </p><p>$9.99 ($4.00 / Fl Oz)</p><a href="https://www.amazon.com/dp/B00C1JUJWW?tag=eloabder-20&linkCode=osi&th=1&psc=1">View Product</a></div><div class="product"><a href="https://www.amazon.com/dp/B0042SRDG0?tag=eloabder-20&linkCode=osi&th=1&psc=1"><img src="https://m.media-amazon.com/images/I/41+wjL7y0oL._SL500_.jpg" alt="Product Image"></a><p>Sax 1299777 True Flow Water Soluble Block Printing Ink - 16 Ounces - Black</p><p> -22% 0FF </p><p>$17.99</p><a href="https://www.amazon.com/dp/B0042SRDG0?tag=eloabder-20&linkCode=osi&th=1&psc=1">View Product</a></div>
<div class="product"><a href="https://www.amazon.com/dp/B0BN53F73Z?tag=eloabder-20&linkCode=osi&th=1&psc=1"><img src="https://m.media-amazon.com/images/I/41UfqrebfDL._SL500_.jpg" alt="Product Image"></a><p>Oopsu 4 Pack Rubber Block Stamp Carving Blocks with Cutter Tools and Rubber Brayer Roller for Printmaking and More Crafts</p><p> -15% 0FF </p><p>$16.99 ($5.66 / Count)</p><a href="https://www.amazon.com/dp/B0BN53F73Z?tag=eloabder-20&linkCode=osi&th=1&psc=1">View Product</a></div><div class="product"><a href="https://www.amazon.com/dp/B0017D8W5E?tag=eloabder-20&linkCode=osi&th=1&psc=1"><img src="https://m.media-amazon.com/images/I/41WwtE85+2L._SL500_.jpg" alt="Product Image"></a><p>Speedball Linoleum Cutter Kit Assortment #1 - Linocut Carving Tools for Block Printing, Includes 5 Blades</p><p> -7% 0FF </p><p>$13.99</p><a href="https://www.amazon.com/dp/B0017D8W5E?tag=eloabder-20&linkCode=osi&th=1&psc=1">View Product</a></div><div class="product"><a href="https://www.amazon.com/dp/B07ZJBZN5S?tag=eloabder-20&linkCode=osi&th=1&psc=1"><img src="https://m.media-amazon.com/images/I/41UbN58y9uS._SL500_.jpg" alt="Product Image"></a><p>SGHUO 12pcs 4"x6" Pink Rubber Carving Blocks Linoleum Block Stamp Making Kit</p><p> -12% 0FF </p><p>$22.99 ($1.92 / Count)</p><a href="https://www.amazon.com/dp/B07ZJBZN5S?tag=eloabder-20&linkCode=osi&th=1&psc=1">View Product</a></div>
<div class="product"><a href="https://www.amazon.com/dp/B00L2DYUM8?tag=eloabder-20&linkCode=osi&th=1&psc=1"><img src="https://m.media-amazon.com/images/I/51l5FZ0+5AL._SL500_.jpg" alt="Product Image"></a><p>Strathmore 300 Series Printmaking Paper Pad, Glue Bound, 5x7 inches, 40 Sheets (120g) - Artist Paper for Adults and Students - Block Printing, Linocut, Screen Printing, White</p><p> -25% 0FF </p><p>$5.94</p><a href="https://www.amazon.com/dp/B00L2DYUM8?tag=eloabder-20&linkCode=osi&th=1&psc=1">View Product</a></div><div class="product"><a href="https://www.amazon.com/dp/B00K5562WA?tag=eloabder-20&linkCode=osi&th=1&psc=1"><img src="https://m.media-amazon.com/images/I/51cZMCeflnL._SL500_.jpg" alt="Product Image"></a><p>Strathmore Printmaking Paper Pad 8"X10"-20 Sheets -62433800, White</p><p> -24% 0FF </p><p>$10.76</p><a href="https://www.amazon.com/dp/B00K5562WA?tag=eloabder-20&linkCode=osi&th=1&psc=1">View Product</a></div><div class="product"><a href="https://www.amazon.com/dp/B003IFWXHC?tag=eloabder-20&linkCode=osi&th=1&psc=1"><img src="https://m.media-amazon.com/images/I/41BilVeKXDL._SL500_.jpg" alt="Product Image"></a><p>Speedball Printmaster Paper, 9"x12", 50-Sheets, 70lb, 104gsm for Block and Relief Printmaking, Ideal for Students and Everyday Use</p><p> -7% 0FF </p><p>$13.99 ($0.28 / Count)</p><a href="https://www.amazon.com/dp/B003IFWXHC?tag=eloabder-20&linkCode=osi&th=1&psc=1">View Product</a></div><div class="product"><a href="https://www.amazon.com/dp/B07RL81DD2?tag=eloabder-20&linkCode=osi&th=1&psc=1"><img src="https://m.media-amazon.com/images/I/51Qs3GXKhnL._SL500_.jpg" alt="Product Image"></a><p>Richeson Printmaking Paper, 88# 6x9 inches, 50 Sheets (100757)</p><p> -12% 0FF </p><p>$8.93 ($0.18 / Count)</p><a href="https://www.amazon.com/dp/B07RL81DD2?tag=eloabder-20&linkCode=osi&th=1&psc=1">View Product</a></div><div class="product"><a href="https://www.amazon.com/dp/B0CBRKYF99?tag=eloabder-20&linkCode=osi&th=1&psc=1"><img src="https://m.media-amazon.com/images/I/41yOd+I8g8L._SL500_.jpg" alt="Product Image"></a><p>50/100 Sheets FIVEIZERO A4 Mulberry Paper Sheets Natural Fiber Rice Paper,8.3x11.7in Natural Decoupage Tissue Paper For Writing Painting, Decorative Paper, Card Making Paper DIY Craft</p><p> -10% 0FF </p><p>$8.95</p><a href="https://www.amazon.com/dp/B0CBRKYF99?tag=eloabder-20&linkCode=osi&th=1&psc=1">View Product</a></div>
<div class="product"><a href="https://www.amazon.com/dp/B07YDNKSH6?tag=eloabder-20&linkCode=osi&th=1&psc=1"><img src="https://m.media-amazon.com/images/I/41JGrHa7mSL._SL500_.jpg" alt="Product Image"></a><p>4-Inch Rubber Brayer Roller for Printmaking, Great for Gluing Application Also. (Original Version)</p><p> -36% 0FF </p><p>$6.99</p><a href="https://www.amazon.com/dp/B07YDNKSH6?tag=eloabder-20&linkCode=osi&th=1&psc=1">View Product</a></div><div class="product"><a href="https://www.amazon.com/dp/B003IG27OK?tag=eloabder-20&linkCode=osi&th=1&psc=1"><img src="https://m.media-amazon.com/images/I/416NUaYo1DL._SL500_.jpg" alt="Product Image"></a><p>Speedball Block Printing Baren - Comfortable Wooden Handle, Made in the USA - 4 Inches</p><p> -12% 0FF </p><p>$29.49</p><a href="https://www.amazon.com/dp/B003IG27OK?tag=eloabder-20&linkCode=osi&th=1&psc=1">View Product</a></div>
<div class="product"><a href="https://www.amazon.com/dp/B0CMZTVW28?tag=eloabder-20&linkCode=osi&th=1&psc=1"><img src="https://m.media-amazon.com/images/I/41tZXfCViDL._SL500_.jpg" alt="Product Image"></a><p>Ecoofor Blotting Paper for Flower Press, 20 Sheets Large A4 Highly Absorbent and Reusable Blotter Paper for Flower Press Paper Craft 8.26 x 11.4 inch</p><p> -17% 0FF </p><p>$9.99</p><a href="https://www.amazon.com/dp/B0CMZTVW28?tag=eloabder-20&linkCode=osi&th=1&psc=1">View Product</a></div><div class="product"><a href="https://www.amazon.com/dp/B0CQMMYSBR?tag=eloabder-20&linkCode=osi&th=1&psc=1"><img src="https://m.media-amazon.com/images/I/413SlUi6IDL._SL500_.jpg" alt="Product Image"></a><p>Wisreach Blotting Paper for Flower Press, 20 Sheets Flower Press Paper Highly Absorbent and Reusable Blotter Paper for Flower Art A4 Size 8.26 x 11.4 inch</p><p> -17% 0FF </p><p>$9.99</p><a href="https://www.amazon.com/dp/B0CQMMYSBR?tag=eloabder-20&linkCode=osi&th=1&psc=1">View Product</a></div><div class="product"><a href="https://www.amazon.com/dp/B0CTCD1VY7?tag=eloabder-20&linkCode=osi&th=1&psc=1"><img src="https://m.media-amazon.com/images/I/41xzeYmMKDL._SL500_.jpg" alt="Product Image"></a><p>24 Sheets A4 Reusable Blotting Paper for Flower Press, Highly Absorbent Blotter Paper for Flower Pressing Kit(11.8x8.27 inch)</p><p> -22% 0FF </p><p>$6.99</p><a href="https://www.amazon.com/dp/B0CTCD1VY7?tag=eloabder-20&linkCode=osi&th=1&psc=1">View Product</a></div>
<div class="product"><a href="https://www.amazon.com/dp/B085XDSB3Y?tag=eloabder-20&linkCode=osi&th=1&psc=1"><img src="https://m.media-amazon.com/images/I/41zCK3QUcGL._SL500_.jpg" alt="Product Image"></a><p>Ecohu Bone Folder & Creaser Tool - 2PCS - Scoring, Folding for Origami, Paper Crafts, Bookbinding, Leather Crafts and Card Making & Folding Paper</p><p> -32% 0FF </p><p>$9.95</p><a href="https://www.amazon.com/dp/B085XDSB3Y?tag=eloabder-20&linkCode=osi&th=1&psc=1">View Product</a></div><div class="product"><a href="https://www.amazon.com/dp/B071227D92?tag=eloabder-20&linkCode=osi&th=1&psc=1"><img src="https://m.media-amazon.com/images/I/51MYSCdI-kL._SL500_.jpg" alt="Product Image"></a><p>ARTEZA Bone Folders, Set of 4 Scoring Tools for Origami Paper Crafts, Art Supplies for Book Binding, Card Making, and Paper Folding</p><p> -24% 0FF </p><p>$13.99 ($3.50 / Count)</p><a href="https://www.amazon.com/dp/B071227D92?tag=eloabder-20&linkCode=osi&th=1&psc=1">View Product</a></div>
<div class="product"><a href="https://www.amazon.com/dp/B0007LS8G0?tag=eloabder-20&linkCode=osi&th=1&psc=1"><img src="https://m.media-amazon.com/images/I/41gnrMp4vXL._SL500_.jpg" alt="Product Image"></a><p>Lineco Bookbinding Super Cloth, Book Making Book Repair Cloth Material for Repairing Old Books, 18x30 Inch. Neutral Color.</p><p> -10% 0FF </p><p>$8.07</p><a href="https://www.amazon.com/dp/B0007LS8G0?tag=eloabder-20&linkCode=osi&th=1&psc=1">View Product</a></div><div class="product"><a href="https://www.amazon.com/dp/B0D2T5BY6F?tag=eloabder-20&linkCode=osi&th=1&psc=1"><img src="https://m.media-amazon.com/images/I/41k1Uc0DisL._SL500_.jpg" alt="Product Image"></a><p>10pcs Book Cloth,14”x10”,Fabric Surface and Paper Backed, book cloth for book binding,book binding fabric,5 Colors Bookbinding Cloth for DIY fabric book cover,bookbinding paper (Style C)</p><p> -10% 0FF </p><p>$8.99</p><a href="https://www.amazon.com/dp/B0D2T5BY6F?tag=eloabder-20&linkCode=osi&th=1&psc=1">View Product</a></div><div class="product"><a href="https://www.amazon.com/dp/B0CLL2999Y?tag=eloabder-20&linkCode=osi&th=1&psc=1"><img src="https://m.media-amazon.com/images/I/51qVluU6kYL._SL500_.jpg" alt="Product Image"></a><p>8pcs Book Cloth 14x10 Inch Fabric Surface Paper Backed 4 Colors Bookbinding Cloth for Adult DIY Book Album Cover (Style C)</p><p> -10% 0FF </p><p>$8.99</p><a href="https://www.amazon.com/dp/B0CLL2999Y?tag=eloabder-20&linkCode=osi&th=1&psc=1">View Product</a></div><div class="product"><a href="https://www.amazon.com/dp/B0D2C9CQ9R?tag=eloabder-20&linkCode=osi&th=1&psc=1"><img src="https://m.media-amazon.com/images/I/51ZB8HlWbHL._SL500_.jpg" alt="Product Image"></a><p>Bookbinding Cloth (White:2pieces39x45inches,Other Colours;10 pieces14x10inches) Book Cloth for Book Production Bookbinding Super Cloth Book Restoration Cloth Material for Restoring Old Book bindings</p><p> -30% 0FF </p><p>$11.89</p><a href="https://www.amazon.com/dp/B0D2C9CQ9R?tag=eloabder-20&linkCode=osi&th=1&psc=1">View Product</a></div>
<div class="product"><a href="https://www.amazon.com/dp/B0CQM7GN9K?tag=eloabder-20&linkCode=osi&th=1&psc=1"><img src="https://m.media-amazon.com/images/I/41iSoCGfQPL._SL500_.jpg" alt="Product Image"></a><p>VONEEDL Heavy Duty Hand Sewing Needles Set - 26 Straight and Curved Hand Sewing Needles for Upholstery, Leather, Carpet, Canvas Repair and Sail Crafts</p><p> -8% 0FF </p><p>$6.28 ($0.24 / Count)</p><a href="https://www.amazon.com/dp/B0CQM7GN9K?tag=eloabder-20&linkCode=osi&th=1&psc=1">View Product</a></div>
<div class="product"><a href="https://www.amazon.com/dp/B0025U108E?tag=eloabder-20&linkCode=osi&th=1&psc=1"><img src="https://m.media-amazon.com/images/I/31tAXQM8ItL._SL500_.jpg" alt="Product Image"></a><p>Books by Hand Linen Thread, Archival Quality Natural Unbleached and Unwaxed, 50 Yards 35/3 Gauge, Ideal for Bookbinding and Sewing Signatures</p><p> -38% 0FF </p><p>$9.26</p><a href="https://www.amazon.com/dp/B0025U108E?tag=eloabder-20&linkCode=osi&th=1&psc=1">View Product</a></div><div class="product"><a href="https://www.amazon.com/dp/B09KBTWJWG?tag=eloabder-20&linkCode=osi&th=1&psc=1"><img src="https://m.media-amazon.com/images/I/5139R+MumEL._SL500_.jpg" alt="Product Image"></a><p>BUTUZE 330 Yards Leather Sewing Waxed Thread - 150D 33 Yards Per Spool Stitching Thread for Leather Craft DIY,Bookbinding,Shoe Repairing,Leather Sewing</p><p> -20% 0FF </p><p>$7.99 ($0.01 / Foot)</p><a href="https://www.amazon.com/dp/B09KBTWJWG?tag=eloabder-20&linkCode=osi&th=1&psc=1">View Product</a></div>
<div class="product"><a href="https://www.amazon.com/dp/B07JQPDD9R?tag=eloabder-20&linkCode=osi&th=1&psc=1"><img src="https://m.media-amazon.com/images/I/41qf-76odYL._SL500_.jpg" alt="Product Image"></a><p>We R Memory Keepers, Journal Book Binding Punch Guide Set, Includes Guide, Awl, Curved and Straight Needle, Waxed Thread, Japanese Stitching Template and Storage, for Japanese and Copic Bound Books</p><p> -17% 0FF </p><p>$24.99</p><a href="https://www.amazon.com/dp/B07JQPDD9R?tag=eloabder-20&linkCode=osi&th=1&psc=1">View Product</a></div><div class="product"><a href="https://www.amazon.com/dp/B0C4L31Q4B?tag=eloabder-20&linkCode=osi&th=1&psc=1"><img src="https://m.media-amazon.com/images/I/51-mr3CFowL._SL500_.jpg" alt="Product Image"></a><p>49 Pcs Hand Bookbinding Tools Bookbinding Kits for Beginners Bookbinding Supplies with Paper Awl Binding Ribbon Glue Brush and Steel Ruler for DIY Bookbinding Crafts</p><p> -15% 0FF </p><p>$16.14</p><a href="https://www.amazon.com/dp/B0C4L31Q4B?tag=eloabder-20&linkCode=osi&th=1&psc=1">View Product</a></div>
<div class="product"><a href="https://www.amazon.com/dp/B0811DGL9Y?tag=eloabder-20&linkCode=osi&th=1&psc=1"><img src="https://m.media-amazon.com/images/I/51Kc8OFy8xL._SL500_.jpg" alt="Product Image"></a><p>Motbach 200Pcs Plastic Bottle Caps for DIY Craft Environmental Protection and Development of Children’s Intelligence (Mixed Color)</p><p> -7% 0FF </p><p>$13.90</p><a href="https://www.amazon.com/dp/B0811DGL9Y?tag=eloabder-20&linkCode=osi&th=1&psc=1">View Product</a></div><div class="product"><a href="https://www.amazon.com/dp/B0B2KPKFBD?tag=eloabder-20&linkCode=osi&th=1&psc=1"><img src="https://m.media-amazon.com/images/I/51l9I4uCYXL._SL500_.jpg" alt="Product Image"></a><p>Jedulin 100PCS Plastic Bottle Caps DIY Craft Environmental Protection Bottle Caps for Children Intelligence Development Kindergarten Stickes (Mixed Color)</p><p> -20% 0FF </p><p>$7.99</p><a href="https://www.amazon.com/dp/B0B2KPKFBD?tag=eloabder-20&linkCode=osi&th=1&psc=1">View Product</a></div><div class="product"><a href="https://www.amazon.com/dp/B0C7C8SXGR?tag=eloabder-20&linkCode=osi&th=1&psc=1"><img src="https://m.media-amazon.com/images/I/51og4kgswUL._SL500_.jpg" alt="Product Image"></a><p>Thyle DIY Craft Assorted Colors Plastic Bottle Caps for Children Intelligence Development Kindergarten Scrapbook Mixed Color (500 Pcs)</p><p> -35% 0FF </p><p>$14.99</p><a href="https://www.amazon.com/dp/B0C7C8SXGR?tag=eloabder-20&linkCode=osi&th=1&psc=1">View Product</a></div><div class="product"><a href="https://www.amazon.com/dp/B0BTBDXYCH?tag=eloabder-20&linkCode=osi&th=1&psc=1"><img src="https://m.media-amazon.com/images/I/51jDHmexj7L._SL500_.jpg" alt="Product Image"></a><p>ZEAYEA 300 Pcs Plastic Bottle Caps, DIY Craft Environmental Protection Bottle Caps, Mixed Color Bottle Caps for Children Intelligence Development Kindergarten Stickers Kids DIY Craft</p><p> -22% 0FF </p><p>$17.99 ($0.06 / Count)</p><a href="https://www.amazon.com/dp/B0BTBDXYCH?tag=eloabder-20&linkCode=osi&th=1&psc=1">View Product</a></div>
<div class="product"><a href="https://www.amazon.com/dp/B072VWN1GV?tag=eloabder-20&linkCode=osi&th=1&psc=1"><img src="https://m.media-amazon.com/images/I/21vZmhaRk5L._SL500_.jpg" alt="Product Image"></a><p>Cricut Brayer, Rubber Roller for Crafts, Works with Fabric, Vinyl, Iron-On & Inking Blocks, Extend Life of Cricut FabricGrip Mat, Compatible with Cricut Maker</p><p> -50% 0FF </p><p>$8.99</p><a href="https://www.amazon.com/dp/B072VWN1GV?tag=eloabder-20&linkCode=osi&th=1&psc=1">View Product</a></div><div class="product"><a href="https://www.amazon.com/dp/B08PP6QCWP?tag=eloabder-20&linkCode=osi&th=1&psc=1"><img src="https://m.media-amazon.com/images/I/31fzR6GvMeL._SL500_.jpg" alt="Product Image"></a><p>3 Pack Printmaking Brayers - Premium Brayer Rollers for Crafting, Hard Rubber Roller Brayers, Vinyl Roller Ink Paint Brush for Wallpapers Stamping Gluing Application (2.4’’, 4’’, 7.9’’) (black)</p><p> -6% 0FF </p><p>$16.99</p><a href="https://www.amazon.com/dp/B08PP6QCWP?tag=eloabder-20&linkCode=osi&th=1&psc=1">View Product</a></div><div class="product"><a href="https://www.amazon.com/dp/B072VY7CTF?tag=eloabder-20&linkCode=osi&th=1&psc=1"><img src="https://m.media-amazon.com/images/I/21Sg48Q+UoL._SL500_.jpg" alt="Product Image"></a><p>Cricut Brayer & MAT Remover Set</p><p> -52% 0FF </p><p>$11.99</p><a href="https://www.amazon.com/dp/B072VY7CTF?tag=eloabder-20&linkCode=osi&th=1&psc=1">View Product</a></div><div class="product"><a href="https://www.amazon.com/dp/B0007ZJ8T2?tag=eloabder-20&linkCode=osi&th=1&psc=1"><img src="https://m.media-amazon.com/images/I/31Oh43aFt9L._SL500_.jpg" alt="Product Image"></a><p>Speedball Pop-in Soft Rubber Brayer, 4" – Roller Tool for Crafting and Block Printing, Vinyl, Comfort Grip Handle</p><p> -14% 0FF </p><p>$11.99</p><a href="https://www.amazon.com/dp/B0007ZJ8T2?tag=eloabder-20&linkCode=osi&th=1&psc=1">View Product</a></div>
<div class="product"><a href="https://www.amazon.com/dp/B099DWCRZ5?tag=eloabder-20&linkCode=osi&th=1&psc=1"><img src="https://m.media-amazon.com/images/I/41rr5hT-8TL._SL500_.jpg" alt="Product Image"></a><p>milo Fluorescent Acrylic Paint Set of 6 Colors | 4 oz Bottles | Student Neon Colors Acrylics Painting Pack | Made in the USA | Non-Toxic Art & Craft Paints for Artists, Kids, & Hobby Painters</p><p> -8% 0FF </p><p>$22.90 ($0.95 / Fl Oz)</p><a href="https://www.amazon.com/dp/B099DWCRZ5?tag=eloabder-20&linkCode=osi&th=1&psc=1">View Product</a></div><div class="product"><a href="https://www.amazon.com/dp/B0871TN9QJ?tag=eloabder-20&linkCode=osi&th=1&psc=1"><img src="https://m.media-amazon.com/images/I/51YLdXlUP6L._SL500_.jpg" alt="Product Image"></a><p>Artecho Neon Paint - Set of 6 Colors, 59 ml / 2 oz Acrylic Paint for Decoration, Art Painting, Outdoor and Indoor Art Craft, Supplies for Canvas, Rock, Wood, Fabric, Waterproof Rich Pigments</p><p> -20% 0FF </p><p>$13.59 ($1.14 / Fl Oz)</p><a href="https://www.amazon.com/dp/B0871TN9QJ?tag=eloabder-20&linkCode=osi&th=1&psc=1">View Product</a></div><div class="product"><a href="https://www.amazon.com/dp/B09133GRBN?tag=eloabder-20&linkCode=osi&th=1&psc=1"><img src="https://m.media-amazon.com/images/I/51gFnhPRtSL._SL500_.jpg" alt="Product Image"></a><p>ABEIER Iridescent Acrylic Paint, Set of 18 Chameleon Colors, 2 oz/60ml Bottles, Color-shifting, Non-Toxic, High Viscosity, Blendable, Paints on Rocks Crafts Canvas Wood, Fabric, Ceramic & Stone</p><p> -20% 0FF </p><p>$20.79 ($0.58 / Fl Oz)</p><a href="https://www.amazon.com/dp/B09133GRBN?tag=eloabder-20&linkCode=osi&th=1&psc=1">View Product</a></div>
<div class="product"><a href="https://www.amazon.com/dp/B0009RRT9Y?tag=eloabder-20&linkCode=osi&th=1&psc=1"><img src="https://m.media-amazon.com/images/I/51ZhyYPOB5L._SL500_.jpg" alt="Product Image"></a><p>General Pencil Company The Masters Brush Cleaner & Preserver 2.5 0z.</p><p> -30% 0FF </p><p>$11.96</p><a href="https://www.amazon.com/dp/B0009RRT9Y?tag=eloabder-20&linkCode=osi&th=1&psc=1">View Product</a></div><div class="product"><a href="https://www.amazon.com/dp/B001TNR7VM?tag=eloabder-20&linkCode=osi&th=1&psc=1"><img src="https://m.media-amazon.com/images/I/51xdVglpEJL._SL500_.jpg" alt="Product Image"></a><p>General Pencil The Master's Brush Cleaner & Preserver, 1 oz</p><p> -7% 0FF </p><p>$8.01</p><a href="https://www.amazon.com/dp/B001TNR7VM?tag=eloabder-20&linkCode=osi&th=1&psc=1">View Product</a></div><div class="product"><a href="https://www.amazon.com/dp/B00F38YVQS?tag=eloabder-20&linkCode=osi&th=1&psc=1"><img src="https://m.media-amazon.com/images/I/51yjmSTzzML._SL500_.jpg" alt="Product Image"></a><p>B & J Original Brush Cleaner - 2.5 Oz/12ct Display</p><p> -6% 0FF </p><p>$11.99 ($4.80 / Ounce)</p><a href="https://www.amazon.com/dp/B00F38YVQS?tag=eloabder-20&linkCode=osi&th=1&psc=1">View Product</a></div><div class="product"><a href="https://www.amazon.com/dp/B004BN7QQ8?tag=eloabder-20&linkCode=osi&th=1&psc=1"><img src="https://m.media-amazon.com/images/I/31fEWB-h4VL._SL500_.jpg" alt="Product Image"></a><p>Winsor & Newton Brush Cleaner & Restorer, 16.0-oz Bottle</p><p> -14% 0FF </p><p>$21.87 ($1.37 / Fl Oz)</p><a href="https://www.amazon.com/dp/B004BN7QQ8?tag=eloabder-20&linkCode=osi&th=1&psc=1">View Product</a></div><div class="product"><a href="https://www.amazon.com/dp/B0049UZ8Z4?tag=eloabder-20&linkCode=osi&th=1&psc=1"><img src="https://m.media-amazon.com/images/I/51RVD9jAf9L._SL500_.jpg" alt="Product Image"></a><p>General Pencil 103-BJ The Masters Brush Cleaner and Preserver Tub, 24-Ounce</p><p> -19% 0FF </p><p>$28.29</p><a href="https://www.amazon.com/dp/B0049UZ8Z4?tag=eloabder-20&linkCode=osi&th=1&psc=1">View Product</a></div><div class="product"><a href="https://www.amazon.com/dp/B00JB1AUU4?tag=eloabder-20&linkCode=osi&th=1&psc=1"><img src="https://m.media-amazon.com/images/I/51YWgMhI8PL._SL500_.jpg" alt="Product Image"></a><p>General Pencil Masters Brush Cleaner and Preserver 1-Ounce (GP100)</p><p> -29% 0FF </p><p>$8.54</p><a href="https://www.amazon.com/dp/B00JB1AUU4?tag=eloabder-20&linkCode=osi&th=1&psc=1">View Product</a></div>
<div class="product"><a href="https://www.amazon.com/dp/B06X93CZ2F?tag=eloabder-20&linkCode=osi&th=1&psc=1"><img src="https://m.media-amazon.com/images/I/51N++pZFFoL._SL500_.jpg" alt="Product Image"></a><p>JTDEAL Paint Brush Holder, 22 Slots Paint Brush Storage for Acrylic Oil Watercolor Gouache Artist Paint Brush Roll Canvas Pouch, Silver white Holds 100 brushes</p><p> -23% 0FF </p><p>$9.98</p><a href="https://www.amazon.com/dp/B06X93CZ2F?tag=eloabder-20&linkCode=osi&th=1&psc=1">View Product</a></div><div class="product"><a href="https://www.amazon.com/dp/B000GJ76SE?tag=eloabder-20&linkCode=osi&th=1&psc=1"><img src="https://m.media-amazon.com/images/I/41bXOXEav9L._SL500_.jpg" alt="Product Image"></a><p>ArtBin KW903 Brush Box with Foam Inserts, Fine Art Portable Paint Brush Organizer, Plastic, Clear, 1.0 Count</p><p> -20% 0FF </p><p>$15.97</p><a href="https://www.amazon.com/dp/B000GJ76SE?tag=eloabder-20&linkCode=osi&th=1&psc=1">View Product</a></div><div class="product"><a href="https://www.amazon.com/dp/B0D476RJ27?tag=eloabder-20&linkCode=osi&th=1&psc=1"><img src="https://m.media-amazon.com/images/I/513n7TQ7WhL._SL500_.jpg" alt="Product Image"></a><p>SBYURE Wooden Paint Brush Holder Artist Brush Holder 67 Hole Paintbrush Holder Organizer Wood Paint Brush Rack for Pens Pencils and Art Tools</p><p> -17% 0FF </p><p>$9.99</p><a href="https://www.amazon.com/dp/B0D476RJ27?tag=eloabder-20&linkCode=osi&th=1&psc=1">View Product</a></div>
<div class="product"><a href="https://www.amazon.com/dp/B000THNGVO?tag=eloabder-20&linkCode=osi&th=1&psc=1"><img src="https://m.media-amazon.com/images/I/416vczORVSL._SL500_.jpg" alt="Product Image"></a><p>Pentel Fude Brush Pen, Medium (XFL2L)</p><p> -44% 0FF </p><p>$5.59</p><a href="https://www.amazon.com/dp/B000THNGVO?tag=eloabder-20&linkCode=osi&th=1&psc=1">View Product</a></div><div class="product"><a href="https://www.amazon.com/dp/B07DQ4292Y?tag=eloabder-20&linkCode=osi&th=1&psc=1"><img src="https://m.media-amazon.com/images/I/41-kgHpaPvL._SL500_.jpg" alt="Product Image"></a><p>Tombow 62039 Fudenosuke Brush Pens, 3-Pack. Soft, Hard, and Twin Tip Markers for Calligraphy and Art Drawings</p><p> -41% 0FF </p><p>$7.29 ($2.43 / Count)</p><a href="https://www.amazon.com/dp/B07DQ4292Y?tag=eloabder-20&linkCode=osi&th=1&psc=1">View Product</a></div><div class="product"><a href="https://www.amazon.com/dp/B08FCZC2R3?tag=eloabder-20&linkCode=osi&th=1&psc=1"><img src="https://m.media-amazon.com/images/I/51TWqPlqpfL._SL500_.jpg" alt="Product Image"></a><p>Craft 'n' Beyond Calligraphy Brush Pens Pack of 3 Small, Medium and Large Markers for Hand Lettering, Art Drawing, Sketching, Scrapbooking, Journaling - Beginner Kit with Fadeproof Black Ink</p><p> -20% 0FF </p><p>$5.99</p><a href="https://www.amazon.com/dp/B08FCZC2R3?tag=eloabder-20&linkCode=osi&th=1&psc=1">View Product</a></div><div class="product"><a href="https://www.amazon.com/dp/B0752Q39TF?tag=eloabder-20&linkCode=osi&th=1&psc=1"><img src="https://m.media-amazon.com/images/I/318NZq+SxqL._SL500_.jpg" alt="Product Image"></a><p>Zebra Pen Zensations Brush Pen, Brush Tip, Black Water-Resistant Ink, 1-Pack</p><p> -40% 0FF </p><p>$1.71</p><a href="https://www.amazon.com/dp/B0752Q39TF?tag=eloabder-20&linkCode=osi&th=1&psc=1">View Product</a></div><div class="product"><a href="https://www.amazon.com/dp/B01MS96OLD?tag=eloabder-20&linkCode=osi&th=1&psc=1"><img src="https://m.media-amazon.com/images/I/31bfqw+ZWDL._SL500_.jpg" alt="Product Image"></a><p>Tombow Abt Dual Brush Pen N15 Black Pack of 2</p><p> -10% 0FF </p><p>$6.23 ($3.12 / Count)</p><a href="https://www.amazon.com/dp/B01MS96OLD?tag=eloabder-20&linkCode=osi&th=1&psc=1">View Product</a></div>
<div class="product"><a href="https://www.amazon.com/dp/B09KNVGJLG?tag=eloabder-20&linkCode=osi&th=1&psc=1"><img src="https://m.media-amazon.com/images/I/51M8YXIl+HL._SL500_.jpg" alt="Product Image"></a><p>U.S. Art Supply 16 Hole Multi-Function Paint Brush Washer, Cleaner and Holder, 18 Palette Wells, Lid Plastic - Clean, Dry, Rest, Store, Hold Artist Brushes - Cleaning Acrylic, Watercolor, Oil Painting</p><p> -29% 0FF </p><p>$9.99</p><a href="https://www.amazon.com/dp/B09KNVGJLG?tag=eloabder-20&linkCode=osi&th=1&psc=1">View Product</a></div><div class="product"><a href="https://www.amazon.com/dp/B0CF959SCV?tag=eloabder-20&linkCode=osi&th=1&psc=1"><img src="https://m.media-amazon.com/images/I/41ab3WRFu8L._SL500_.jpg" alt="Product Image"></a><p>NIUCOO 2024 Upgraded Paint Brush Cleaner Brush Rinser: Paintbrush Cleaners Painting Station Paint Brush Rinse Paint Brush Washer Estacion De Pintura Flush My Brush Washing</p><p> -17% 0FF </p><p>$9.98</p><a href="https://www.amazon.com/dp/B0CF959SCV?tag=eloabder-20&linkCode=osi&th=1&psc=1">View Product</a></div><div class="product"><a href="https://www.amazon.com/dp/B0017880ME?tag=eloabder-20&linkCode=osi&th=1&psc=1"><img src="https://m.media-amazon.com/images/I/41qGjgJEnsL._SL500_.jpg" alt="Product Image"></a><p>Masterson Fresh Water Rinse Well Brush Cleaner for Cleaning Paintbrushes, Cleaning System for Acrylic, Watercolor, and Water-Based Paints, Great for Studio, Classroom, and Face Painting, Made in USA</p><p> -5% 0FF </p><p>$22.29</p><a href="https://www.amazon.com/dp/B0017880ME?tag=eloabder-20&linkCode=osi&th=1&psc=1">View Product</a></div>
<div class="product"><a href="https://www.amazon.com/dp/B07GH7WGC3?tag=eloabder-20&linkCode=osi&th=1&psc=1"><img src="https://m.media-amazon.com/images/I/51vzX1OZI6L._SL500_.jpg" alt="Product Image"></a><p>BOSOBO Paint Brushes Set, 2 Pack 20 Pcs Round-Pointed Tip Paintbrushes Nylon Hair Artist Acrylic Paint Brushes for Acrylic Oil Watercolor, Face Nail Art, Miniature Detailing & Rock Painting, Blue</p><p> -54% 0FF </p><p>$5.99 ($0.30 / Count)</p><a href="https://www.amazon.com/dp/B07GH7WGC3?tag=eloabder-20&linkCode=osi&th=1&psc=1">View Product</a></div><div class="product"><a href="https://www.amazon.com/dp/B09HH97QTK?tag=eloabder-20&linkCode=osi&th=1&psc=1"><img src="https://m.media-amazon.com/images/I/51LLw4EEEBL._SL500_.jpg" alt="Product Image"></a><p>20 Pcs Paint Brush Set for Acrylic Painting, Watercolor, Miniature Detailing, and Rock Painting</p><p> -50% 0FF </p><p>$4.99</p><a href="https://www.amazon.com/dp/B09HH97QTK?tag=eloabder-20&linkCode=osi&th=1&psc=1">View Product</a></div><div class="product"><a href="https://www.amazon.com/dp/B095M9LKPN?tag=eloabder-20&linkCode=osi&th=1&psc=1"><img src="https://m.media-amazon.com/images/I/51V-4Zpr+iS._SL500_.jpg" alt="Product Image"></a><p>Paint Brushes Set of 24 Pieces Wooden Handles Brushes with Canvas Brush Case, Professional for Oil, Acrylic and Watercolor Painting</p><p> -33% 0FF </p><p>$11.99</p><a href="https://www.amazon.com/dp/B095M9LKPN?tag=eloabder-20&linkCode=osi&th=1&psc=1">View Product</a></div><div class="product"><a href="https://www.amazon.com/dp/B078XJ2DCJ?tag=eloabder-20&linkCode=osi&th=1&psc=1"><img src="https://m.media-amazon.com/images/I/616oHEXPN1S._SL500_.jpg" alt="Product Image"></a><p>Pro Grade - Chip Paint Brushes - 36-Pack - 2 Inch Chip Brush for Paints, Stains, Varnishes, Glues, & Gesso</p><p> -28% 0FF </p><p>$17.99</p><a href="https://www.amazon.com/dp/B078XJ2DCJ?tag=eloabder-20&linkCode=osi&th=1&psc=1">View Product</a></div><div class="product"><a href="https://www.amazon.com/dp/B0878MN2VR?tag=eloabder-20&linkCode=osi&th=1&psc=1"><img src="https://m.media-amazon.com/images/I/51NycGy8AYL._SL500_.jpg" alt="Product Image"></a><p>Acrylic Paint Brush Set, 1 Packs / 10 pcs Watercolor Brushes Painting Brush Nylon Hair Brushes for All Purpose Oil Watercolor Painting Artist Professional Kits.</p><p> -56% 0FF </p><p>$3.99</p><a href="https://www.amazon.com/dp/B0878MN2VR?tag=eloabder-20&linkCode=osi&th=1&psc=1">View Product</a></div><div class="product"><a href="https://www.amazon.com/dp/B07X9SRV4H?tag=eloabder-20&linkCode=osi&th=1&psc=1"><img src="https://m.media-amazon.com/images/I/41Tq91myMWL._SL500_.jpg" alt="Product Image"></a><p>UPINS 30 Pcs Flat Paint Brushes, Small Brush Bulk for Detail Painting</p><p> -56% 0FF </p><p>$6.59 ($0.22 / Count)</p><a href="https://www.amazon.com/dp/B07X9SRV4H?tag=eloabder-20&linkCode=osi&th=1&psc=1">View Product</a></div><div class="product"><a href="https://www.amazon.com/dp/B08CY551NH?tag=eloabder-20&linkCode=osi&th=1&psc=1"><img src="https://m.media-amazon.com/images/I/514-YFHUt2L._SL500_.jpg" alt="Product Image"></a><p>Paint Brushes Set for Acrylic Painting, 20 Pcs Oil Watercolor Acrylic Paint Brush, Artist Paintbrushes for Body Face Rock Canvas, Kids Adult Drawing Arts Crafts Supplies, Blue</p><p> -11% 0FF </p><p>$7.99 ($0.40 / Count)</p><a href="https://www.amazon.com/dp/B08CY551NH?tag=eloabder-20&linkCode=osi&th=1&psc=1">View Product</a></div><div class="product"><a href="https://www.amazon.com/dp/B078XK6XRH?tag=eloabder-20&linkCode=osi&th=1&psc=1"><img src="https://m.media-amazon.com/images/I/51pi8RvmeJL._SL500_.jpg" alt="Product Image"></a><p>Pro Grade - Chip Paint Brushes - 96 Ea 2 Inch Chip Brush for Paints, Stains, Varnishes, Glues, & Gesso</p><p> -24% 0FF </p><p>$33.99</p><a href="https://www.amazon.com/dp/B078XK6XRH?tag=eloabder-20&linkCode=osi&th=1&psc=1">View Product</a></div>
<div class="product"><a href="https://www.amazon.com/dp/B081J66MVD?tag=eloabder-20&linkCode=osi&th=1&psc=1"><img src="https://m.media-amazon.com/images/I/61lZh1TW74L._SL500_.jpg" alt="Product Image"></a><p>Greentime 1500 pcs Round Resin Buttons Mixed Color Assorted Sizes for Crafts Sewing DIY Manual Button Painting DIY Handmade Ornament Buttons, 2 Holes and 4 Holes</p><p> -47% 0FF </p><p>$12.99</p><a href="https://www.amazon.com/dp/B081J66MVD?tag=eloabder-20&linkCode=osi&th=1&psc=1">View Product</a></div><div class="product"><a href="https://www.amazon.com/dp/B076FLR6X1?tag=eloabder-20&linkCode=osi&th=1&psc=1"><img src="https://m.media-amazon.com/images/I/51FdE2YnRTL._SL500_.jpg" alt="Product Image"></a><p>500-700 PCS Assorted Mixed Color Resin Buttons 2 and 4 Holes Round Craft for Sewing DIY Crafts Children's Manual Button Painting,DIY Handmade Ornament</p><p> -13% 0FF </p><p>$6.99</p><a href="https://www.amazon.com/dp/B076FLR6X1?tag=eloabder-20&linkCode=osi&th=1&psc=1">View Product</a></div>
<div class="product"><a href="https://www.amazon.com/dp/B0026SBYUE?tag=eloabder-20&linkCode=osi&th=1&psc=1"><img src="https://m.media-amazon.com/images/I/412Ga9k1q8L._SL500_.jpg" alt="Product Image"></a><p>Higgins Black Calligraphy Ink, 2.5 Ounce Bottle (44314)</p><p> -14% 0FF </p><p>$5.99</p><a href="https://www.amazon.com/dp/B0026SBYUE?tag=eloabder-20&linkCode=osi&th=1&psc=1">View Product</a></div><div class="product"><a href="https://www.amazon.com/dp/B0863983QL?tag=eloabder-20&linkCode=osi&th=1&psc=1"><img src="https://m.media-amazon.com/images/I/51z4eQeSGIL._SL500_.jpg" alt="Product Image"></a><p>SVBAQUUY Calligraphy Ink,12 Colors Dip Calligraphy Pen Inks Set for Art,Writing,Signatures,Calligraphy, Decoration,Gift (15ml)</p><p> -8% 0FF </p><p>$21.99</p><a href="https://www.amazon.com/dp/B0863983QL?tag=eloabder-20&linkCode=osi&th=1&psc=1">View Product</a></div><div class="product"><a href="https://www.amazon.com/dp/B0012F3HHU?tag=eloabder-20&linkCode=osi&th=1&psc=1"><img src="https://m.media-amazon.com/images/I/41pJiFMJ5NL._SL500_.jpg" alt="Product Image"></a><p>Winsor & Newton Calligraphy 6-Jar Ink Set, 30ml</p><p> -38% 0FF </p><p>$24.99 ($4.11 / Fl Oz)</p><a href="https://www.amazon.com/dp/B0012F3HHU?tag=eloabder-20&linkCode=osi&th=1&psc=1">View Product</a></div>
<div class="product"><a href="https://www.amazon.com/dp/B0007ZJ8QU?tag=eloabder-20&linkCode=osi&th=1&psc=1"><img src="https://m.media-amazon.com/images/I/41vTwN7L9NL._SL500_.jpg" alt="Product Image"></a><p>Speedball C-Series Lettering Pen Set - 1 Penholder w/ 6 Nibs</p><p> -8% 0FF </p><p>$11.99</p><a href="https://www.amazon.com/dp/B0007ZJ8QU?tag=eloabder-20&linkCode=osi&th=1&psc=1">View Product</a></div>
<div class="product"><a href="https://www.amazon.com/dp/B000KNNVX0?tag=eloabder-20&linkCode=osi&th=1&psc=1"><img src="https://m.media-amazon.com/images/I/51RAGoN6UsL._SL500_.jpg" alt="Product Image"></a><p>Strathmore STR- 50 Sheet Tape Bound Calligraphy Pad, 8.5 by 11", White</p><p> -26% 0FF </p><p>$6.90</p><a href="https://www.amazon.com/dp/B000KNNVX0?tag=eloabder-20&linkCode=osi&th=1&psc=1">View Product</a></div><div class="product"><a href="https://www.amazon.com/dp/B08X6CSGMK?tag=eloabder-20&linkCode=osi&th=1&psc=1"><img src="https://m.media-amazon.com/images/I/41cuzxFTUkL._SL500_.jpg" alt="Product Image"></a><p>Cotton Deckle Edge Paper Loose Leaf Sheets for Writing Calligraphy, Printing, Scrapbook Crafts, Map, Certificate, Invitation 150 GSM Ivory White-501-5x7-20</p><p> -35% 0FF </p><p>$12.99</p><a href="https://www.amazon.com/dp/B08X6CSGMK?tag=eloabder-20&linkCode=osi&th=1&psc=1">View Product</a></div>
<div class="product"><a href="https://www.amazon.com/dp/B001DKJLEC?tag=eloabder-20&linkCode=osi&th=1&psc=1"><img src="https://m.media-amazon.com/images/I/41T7Ur1AtUL._SL500_.jpg" alt="Product Image"></a><p>Speedball Elegant Writer Calligraphy 4 Marker Set, Black, 2.0 mm, 2.5 mm & 3.0 mm Chisel Nib Tip Pens for Drawing, Journaling, and Scrapbooking</p><p> -17% 0FF </p><p>$9.99 ($2.50 / Count)</p><a href="https://www.amazon.com/dp/B001DKJLEC?tag=eloabder-20&linkCode=osi&th=1&psc=1">View Product</a></div><div class="product"><a href="https://www.amazon.com/dp/B07RF533S7?tag=eloabder-20&linkCode=osi&th=1&psc=1"><img src="https://m.media-amazon.com/images/I/51JgvR-kW9L._SL500_.jpg" alt="Product Image"></a><p>Faber-Castell Calligraphy Pitt Artist Pen Set - 6 Multi Colored Calligraphy Pens</p><p> -41% 0FF </p><p>$14.19</p><a href="https://www.amazon.com/dp/B07RF533S7?tag=eloabder-20&linkCode=osi&th=1&psc=1">View Product</a></div><div class="product"><a href="https://www.amazon.com/dp/B08RYWH185?tag=eloabder-20&linkCode=osi&th=1&psc=1"><img src="https://m.media-amazon.com/images/I/51GFkyfC3iL._SL500_.jpg" alt="Product Image"></a><p>Piochoo Calligraphy Pens,8 Size Calligraphy Pens for Writing,Brush Pens Calligraphy Set for Beginners, Hand Lettering Pens</p><p> -24% 0FF </p><p>$12.99</p><a href="https://www.amazon.com/dp/B08RYWH185?tag=eloabder-20&linkCode=osi&th=1&psc=1">View Product</a></div>
<div class="product"><a href="https://www.amazon.com/dp/B01N5NKSQ3?tag=eloabder-20&linkCode=osi&th=1&psc=1"><img src="https://m.media-amazon.com/images/I/51HdJ6WBmEL._SL500_.jpg" alt="Product Image"></a><p>Mont Marte Calligraphy Set, 32 Piece. Includes Calligraphy Pens, Calligraphy Nibs, Ink Cartridges, Introduction Booklet and Exercise Booklet, Packaging May Vary</p><p> -13% 0FF </p><p>$23.42</p><a href="https://www.amazon.com/dp/B01N5NKSQ3?tag=eloabder-20&linkCode=osi&th=1&psc=1">View Product</a></div><div class="product"><a href="https://www.amazon.com/dp/B093TGXLLD?tag=eloabder-20&linkCode=osi&th=1&psc=1"><img src="https://m.media-amazon.com/images/I/61ZllSpD4FS._SL500_.jpg" alt="Product Image"></a><p>GC QUILL Calligraphy Fountain Pen Set- 7 with Different Nibs and 40 Ink Cartridges for Beginners- MU-09</p><p> -25% 0FF </p><p>$24.89</p><a href="https://www.amazon.com/dp/B093TGXLLD?tag=eloabder-20&linkCode=osi&th=1&psc=1">View Product</a></div><div class="product"><a href="https://www.amazon.com/dp/B0BCVDNPRJ?tag=eloabder-20&linkCode=osi&th=1&psc=1"><img src="https://m.media-amazon.com/images/I/51J-hFN4AeL._SL500_.jpg" alt="Product Image"></a><p>GC QUILL Calligraphy Pens Set 64pcs - Calligraphy Fountain Pen Set with 3 Fountain Pens, 7 Varied Nibs, 54 Ink Cartridges(10 Colors) - Writing, Drawing and Calligraphy Practice for beginner GC-F354</p><p> -35% 0FF </p><p>$23.99</p><a href="https://www.amazon.com/dp/B0BCVDNPRJ?tag=eloabder-20&linkCode=osi&th=1&psc=1">View Product</a></div>
<div class="product"><a href="https://www.amazon.com/dp/B00RK5HERU?tag=eloabder-20&linkCode=osi&th=1&psc=1"><img src="https://m.media-amazon.com/images/I/31XKJDOBVRL._SL500_.jpg" alt="Product Image"></a><p>Pacific Arc Ames Lettering Guide for Lettering, Writing, Architecture, and Drawing</p><p> -26% 0FF </p><p>$5.15</p><a href="https://www.amazon.com/dp/B00RK5HERU?tag=eloabder-20&linkCode=osi&th=1&psc=1">View Product</a></div><div class="product"><a href="https://www.amazon.com/dp/B01M0ERS1V?tag=eloabder-20&linkCode=osi&th=1&psc=1"><img src="https://m.media-amazon.com/images/I/41RPeg4SP7L._SL500_.jpg" alt="Product Image"></a><p>Tombow 56190 Beginner Lettering Set. Includes Essential Tools to Start Hand Lettering</p><p> -51% 0FF </p><p>$7.81</p><a href="https://www.amazon.com/dp/B01M0ERS1V?tag=eloabder-20&linkCode=osi&th=1&psc=1">View Product</a></div>
<div class="product"><a href="https://www.amazon.com/dp/B06Y3T5RV4?tag=eloabder-20&linkCode=osi&th=1&psc=1"><img src="https://m.media-amazon.com/images/I/61yZyP8eZTL._SL500_.jpg" alt="Product Image"></a><p>Candle Dyes for Soy Candle Making - Wax Сolor Dye Color Chips for Soy Wax - 16 Popular Colors Wax Dye Flakes</p><p> -30% 0FF </p><p>$13.99 ($8.74 / Ounce)</p><a href="https://www.amazon.com/dp/B06Y3T5RV4?tag=eloabder-20&linkCode=osi&th=1&psc=1">View Product</a></div><div class="product"><a href="https://www.amazon.com/dp/B08J1D4CN2?tag=eloabder-20&linkCode=osi&th=1&psc=1"><img src="https://m.media-amazon.com/images/I/51xAau3LTLL._SL500_.jpg" alt="Product Image"></a><p>Hearth & Harbor Candle Dye for Soy Candle Making – Candle Color Dye for Soy Wax, 24 Popular Colors Candle Wax Dye Blocks, Nontoxic Candle Dyes for Candle Making, Candle Making Supplies for DIY Candles</p><p> -43% 0FF </p><p>$11.87 ($1.75 / Ounce)</p><a href="https://www.amazon.com/dp/B08J1D4CN2?tag=eloabder-20&linkCode=osi&th=1&psc=1">View Product</a></div><div class="product"><a href="https://www.amazon.com/dp/B0CMCPGLQZ?tag=eloabder-20&linkCode=osi&th=1&psc=1"><img src="https://m.media-amazon.com/images/I/51G9e-Epa0L._SL500_.jpg" alt="Product Image"></a><p>Candle Dye - 12 Colors Wax Melt Dye for Candle Making, Oil-Based Dye for Wax, Highly Concentrate Liquid Candle Color Dye</p><p> -11% 0FF </p><p>$7.99</p><a href="https://www.amazon.com/dp/B0CMCPGLQZ?tag=eloabder-20&linkCode=osi&th=1&psc=1">View Product</a></div>
<div class="product"><a href="https://www.amazon.com/dp/B09ZG8P7ZB?tag=eloabder-20&linkCode=osi&th=1&psc=1"><img src="https://m.media-amazon.com/images/I/51o+EjUxogL._SL500_.jpg" alt="Product Image"></a><p>Hearth & Harbor Soy Candle Wax for Candle Making 10 lb Bag, Premium Natural Soy Wax Flakes, 100 Cotton Candle Wicks, 100 Wick Stickers, & 2 Centering Devices</p><p> -8% 0FF </p><p>$36.99</p><a href="https://www.amazon.com/dp/B09ZG8P7ZB?tag=eloabder-20&linkCode=osi&th=1&psc=1">View Product</a></div><div class="product"><a href="https://www.amazon.com/dp/B0BX2NXZCN?tag=eloabder-20&linkCode=osi&th=1&psc=1"><img src="https://m.media-amazon.com/images/I/51nxdXNpRYL._SL500_.jpg" alt="Product Image"></a><p>Complete Candle Making Kits for Adults Beginners,DIY Candle Making Supplies Include Soy Wax,Wax Melter,Scents,Dyes,Wicks,Wicks Sticker,Candle Tins & More-Full Candle Making Set - Arts & Crafts Kits</p><p> -43% 0FF </p><p>$22.99</p><a href="https://www.amazon.com/dp/B0BX2NXZCN?tag=eloabder-20&linkCode=osi&th=1&psc=1">View Product</a></div><div class="product"><a href="https://www.amazon.com/dp/B09KG8CXJV?tag=eloabder-20&linkCode=osi&th=1&psc=1"><img src="https://m.media-amazon.com/images/I/518SqpeIjbL._SL500_.jpg" alt="Product Image"></a><p>SAEUYVB Candle Making Kit for Adults with Hot Plate, DIY Starter Soy Candle Making Supplies/Kit - Perfect as Home Decorations（Black）</p><p> -13% 0FF </p><p>$54.99</p><a href="https://www.amazon.com/dp/B09KG8CXJV?tag=eloabder-20&linkCode=osi&th=1&psc=1">View Product</a></div><div class="product"><a href="https://www.amazon.com/dp/B09RX3HR32?tag=eloabder-20&linkCode=osi&th=1&psc=1"><img src="https://m.media-amazon.com/images/I/51yOqj55w3L._SL500_.jpg" alt="Product Image"></a><p>FAIRYELF Candle Making Kit with Wax Melter, Complete Candle Making Supplies, Soy Candle Wax Kit for Kids, Beginners, Adults, Including Electronic Stove, Soy Wax, Melting Pot, Rich Scents and Dyes</p><p> -17% 0FF </p><p>$49.99</p><a href="https://www.amazon.com/dp/B09RX3HR32?tag=eloabder-20&linkCode=osi&th=1&psc=1">View Product</a></div>
<div class="product"><a href="https://www.amazon.com/dp/B0CH67W758?tag=eloabder-20&linkCode=osi&th=1&psc=1"><img src="https://m.media-amazon.com/images/I/41jiPzWJO4L._SL500_.jpg" alt="Product Image"></a><p>Diamond Ball Mold Ball Candle Mold Diamond Shape Resin Casting Mold Resin Making Molds Silicone Mold for Candle Home Decorate Mold Candle Making Mold 3D Animal Mold</p><p> -17% 0FF </p><p>$9.99</p><a href="https://www.amazon.com/dp/B0CH67W758?tag=eloabder-20&linkCode=osi&th=1&psc=1">View Product</a></div><div class="product"><a href="https://www.amazon.com/dp/B09P9RFKJF?tag=eloabder-20&linkCode=osi&th=1&psc=1"><img src="https://m.media-amazon.com/images/I/41r1hyLKb7L._SL500_.jpg" alt="Product Image"></a><p>Silicone Candle Molds Set, 4PCS Bubble Candle Molds, Candle Molds for Candle Making, Epoxy Mold for Decor, Soap Making Resin Mold for Handmade Chocolate, Pudding, Clay, Ornament</p><p> -50% 0FF </p><p>$5.99</p><a href="https://www.amazon.com/dp/B09P9RFKJF?tag=eloabder-20&linkCode=osi&th=1&psc=1">View Product</a></div>
<div class="product"><a href="https://www.amazon.com/dp/B015W8DWUO?tag=eloabder-20&linkCode=osi&th=1&psc=1"><img src="https://m.media-amazon.com/images/I/41umHqV4zhL._SL500_.jpg" alt="Product Image"></a><p>EricX Light 100 Piece Cotton Candle Wick 6" Pre-Waxed for Candle Making,Candle DIY</p><p> -34% 0FF </p><p>$5.25</p><a href="https://www.amazon.com/dp/B015W8DWUO?tag=eloabder-20&linkCode=osi&th=1&psc=1">View Product</a></div><div class="product"><a href="https://www.amazon.com/dp/B097D7S6KB?tag=eloabder-20&linkCode=osi&th=1&psc=1"><img src="https://m.media-amazon.com/images/I/41jpnnrDAjL._SL500_.jpg" alt="Product Image"></a><p>CandMak Candle Wick Kit, 60 Cotton Candle Wicks with Candle Making Tools for Candle Making (Thick 4"+6"+8")</p><p> -30% 0FF </p><p>$6.99</p><a href="https://www.amazon.com/dp/B097D7S6KB?tag=eloabder-20&linkCode=osi&th=1&psc=1">View Product</a></div><div class="product"><a href="https://www.amazon.com/dp/B084ZSZQ4T?tag=eloabder-20&linkCode=osi&th=1&psc=1"><img src="https://m.media-amazon.com/images/I/41vLRbXIHhL._SL500_.jpg" alt="Product Image"></a><p>Candle Wick,100 Piece Candle Wicks for Candle Making DIY, 6 Inch Pre-Waxed Cotton Wick with Tabs</p><p> -40% 0FF </p><p>$4.79</p><a href="https://www.amazon.com/dp/B084ZSZQ4T?tag=eloabder-20&linkCode=osi&th=1&psc=1">View Product</a></div><div class="product"><a href="https://www.amazon.com/dp/B08Z334W66?tag=eloabder-20&linkCode=osi&th=1&psc=1"><img src="https://m.media-amazon.com/images/I/51nsfCzAwwL._SL500_.jpg" alt="Product Image"></a><p>DINGPAI 100pcs Cotton Candle Wicks, 6 inches Low Smoke Pre-Waxed Candle Wicks for Candle Making, Candle DIY</p><p> -41% 0FF </p><p>$4.99</p><a href="https://www.amazon.com/dp/B08Z334W66?tag=eloabder-20&linkCode=osi&th=1&psc=1">View Product</a></div>
<div class="product"><a href="https://www.amazon.com/dp/B087CPQ9GW?tag=eloabder-20&linkCode=osi&th=1&psc=1"><img src="https://m.media-amazon.com/images/I/41TL1NEX1NL._SL500_.jpg" alt="Product Image"></a><p>Simetufy Canvas Boards for Painting 52 Pack 8 x 10 Inch Blank Canvas Panels 100% Cotton Canvases Pre-Primed for Acrylic & Oil Paint</p><p> -29% 0FF </p><p>$35.99</p><a href="https://www.amazon.com/dp/B087CPQ9GW?tag=eloabder-20&linkCode=osi&th=1&psc=1">View Product</a></div><div class="product"><a href="https://www.amazon.com/dp/B087F4F5DK?tag=eloabder-20&linkCode=osi&th=1&psc=1"><img src="https://m.media-amazon.com/images/I/41zXOPu42qL._SL500_.jpg" alt="Product Image"></a><p>Simetufy 11 x 14 Inch Canvas Boards for Painting 32 Pack, Pre-Primed Blank Canvases for Painting 100% Cotton Paint Canvas for Acrylic, Oil</p><p> -25% 0FF </p><p>$37.99</p><a href="https://www.amazon.com/dp/B087F4F5DK?tag=eloabder-20&linkCode=osi&th=1&psc=1">View Product</a></div><div class="product"><a href="https://www.amazon.com/dp/B0CFV54VSS?tag=eloabder-20&linkCode=osi&th=1&psc=1"><img src="https://m.media-amazon.com/images/I/518YbprzAiL._SL500_.jpg" alt="Product Image"></a><p>Simetufy 8 Pack 8x10 Inch Canvas Boards for Painting Canvas Panels Painting Canvas-Gesso Primed Acid-Free 100% Cotton Canvases for Acrylics Oil Watercolor Tempera Paints</p><p> -5% 0FF </p><p>$8.99</p><a href="https://www.amazon.com/dp/B0CFV54VSS?tag=eloabder-20&linkCode=osi&th=1&psc=1">View Product</a></div><div class="product"><a href="https://www.amazon.com/dp/B07RT3865J?tag=eloabder-20&linkCode=osi&th=1&psc=1"><img src="https://m.media-amazon.com/images/I/51N9Bt-h3PL._SL500_.jpg" alt="Product Image"></a><p>FIXSMITH Canvas Boards for Painting 5x7 Inch, Super Value 24 Pack Mini Canvases, White Blank Canvas Panels, 100% Cotton Primed, Painting Art Supplies</p><p> -16% 0FF </p><p>$15.99</p><a href="https://www.amazon.com/dp/B07RT3865J?tag=eloabder-20&linkCode=osi&th=1&psc=1">View Product</a></div>
<div class="product"><a href="https://www.amazon.com/dp/B09MCHDSPR?tag=eloabder-20&linkCode=osi&th=1&psc=1"><img src="https://m.media-amazon.com/images/I/41S+37Lx2wL._SL500_.jpg" alt="Product Image"></a><p>100% Natural Cotton 7 oz Canvas Fabric (Duck), 63 Inches Wide X 3 Yards Long</p><p> -23% 0FF </p><p>$29.95</p><a href="https://www.amazon.com/dp/B09MCHDSPR?tag=eloabder-20&linkCode=osi&th=1&psc=1">View Product</a></div>
<div class="product"><a href="https://www.amazon.com/dp/B07D4YF3K4?tag=eloabder-20&linkCode=osi&th=1&psc=1"><img src="https://m.media-amazon.com/images/I/41ffykOOE7L._SL500_.jpg" alt="Product Image"></a><p>Neenah Index Cardstock, 8.5" x 11", 90 lb/163 gsm, White, Lightweight, 94 Brightness, 300 Sheets (91437)</p><p> -34% 0FF </p><p>$12.99</p><a href="https://www.amazon.com/dp/B07D4YF3K4?tag=eloabder-20&linkCode=osi&th=1&psc=1">View Product</a></div><div class="product"><a href="https://www.amazon.com/dp/B00006IDRW?tag=eloabder-20&linkCode=osi&th=1&psc=1"><img src="https://m.media-amazon.com/images/I/412xLv5ae7L._SL500_.jpg" alt="Product Image"></a><p>Neenah Premium Cardstock, 8.5" x 11", 65 lb/176 gsm, Bright White, 250 Sheets (91904)</p><p> -5% 0FF </p><p>$14.29</p><a href="https://www.amazon.com/dp/B00006IDRW?tag=eloabder-20&linkCode=osi&th=1&psc=1">View Product</a></div><div class="product"><a href="https://www.amazon.com/dp/B0CYPPHFV9?tag=eloabder-20&linkCode=osi&th=1&psc=1"><img src="https://m.media-amazon.com/images/I/51IQR4E5R1L._SL500_.jpg" alt="Product Image"></a><p>96 Sheets Colored Cardstock 24 Colors, 8.5x11 Color Cardstock Bulk, 200gsm/75lb Assorted Colors Construction Paper for Printing, Card Making, Die Cutting, Crafts, Scrapbooking, Party Decorations</p><p> -7% 0FF </p><p>$12.99</p><a href="https://www.amazon.com/dp/B0CYPPHFV9?tag=eloabder-20&linkCode=osi&th=1&psc=1">View Product</a></div><div class="product"><a href="https://www.amazon.com/dp/B08DCF5B4P?tag=eloabder-20&linkCode=osi&th=1&psc=1"><img src="https://m.media-amazon.com/images/I/41GRzmuulDL._SL500_.jpg" alt="Product Image"></a><p>Hammermill White Cardstock, 110 Lb, 8.5 x 11 Colored Cardstock, 1 Pack (200 Sheets) - Thick Card Stock, Made in the USA, 168380R</p><p> -38% 0FF </p><p>$13.32</p><a href="https://www.amazon.com/dp/B08DCF5B4P?tag=eloabder-20&linkCode=osi&th=1&psc=1">View Product</a></div><div class="product"><a href="https://www.amazon.com/dp/B0CNVRRWT1?tag=eloabder-20&linkCode=osi&th=1&psc=1"><img src="https://m.media-amazon.com/images/I/31WHKeB3LrL._SL500_.jpg" alt="Product Image"></a><p>BigOtters 27Sheets Black Cardstock Paper 8.5” x 11”, Craft Cardstock Construction Card Stock for Card Making Kids Art Crafts Scrapbooking, School Supplies, 92lb/250gsm</p><p> -43% 0FF </p><p>$3.99</p><a href="https://www.amazon.com/dp/B0CNVRRWT1?tag=eloabder-20&linkCode=osi&th=1&psc=1">View Product</a></div><div class="product"><a href="https://www.amazon.com/dp/B07QNMF4ZP?tag=eloabder-20&linkCode=osi&th=1&psc=1"><img src="https://m.media-amazon.com/images/I/41k97BuiQeL._SL500_.jpg" alt="Product Image"></a><p>Printworks White Cardstock, Standard, 67 lb. Vellum, 92 Bright, 250 sheets, 8.5 x 11, For Office, Home & School Printing, Craft Projects (00564)</p><p> -11% 0FF </p><p>$13.35</p><a href="https://www.amazon.com/dp/B07QNMF4ZP?tag=eloabder-20&linkCode=osi&th=1&psc=1">View Product</a></div>
<div class="product"><a href="https://www.amazon.com/dp/B0CW1LC631?tag=eloabder-20&linkCode=osi&th=1&psc=1"><img src="https://m.media-amazon.com/images/I/51wPMkRVlrL._SL500_.jpg" alt="Product Image"></a><p>Dragon Creek Wood Whittling Kit Complete Whittling Knife Wood Carving Tools Set Wood Carving Knives Kit for Kids Adults Beginners</p><p> -50% 0FF </p><p>$19.49</p><a href="https://www.amazon.com/dp/B0CW1LC631?tag=eloabder-20&linkCode=osi&th=1&psc=1">View Product</a></div>
<div class="product"><a href="https://www.amazon.com/dp/B07TVWD15T?tag=eloabder-20&linkCode=osi&th=1&psc=1"><img src="https://m.media-amazon.com/images/I/51fGMe-HqPL._SL500_.jpg" alt="Product Image"></a><p>AUGSUN Wood Carving Knife Set - 20 PCS Hand Carving Tool Set for DIY Sculpture Carpenter Experts & Beginners</p><p> -6% 0FF </p><p>$14.99</p><a href="https://www.amazon.com/dp/B07TVWD15T?tag=eloabder-20&linkCode=osi&th=1&psc=1">View Product</a></div><div class="product"><a href="https://www.amazon.com/dp/B001UYUVL8?tag=eloabder-20&linkCode=osi&th=1&psc=1"><img src="https://m.media-amazon.com/images/I/51Idf3mdhXL._SL500_.jpg" alt="Product Image"></a><p>FLEXCUT Carving Tools, Micro Palm Craving Set, Set of 4 (FR804)</p><p> -7% 0FF </p><p>$68.94</p><a href="https://www.amazon.com/dp/B001UYUVL8?tag=eloabder-20&linkCode=osi&th=1&psc=1">View Product</a></div><div class="product"><a href="https://www.amazon.com/dp/B0BZ7GMCST?tag=eloabder-20&linkCode=osi&th=1&psc=1"><img src="https://m.media-amazon.com/images/I/413mIJ+ZgrL._SL500_.jpg" alt="Product Image"></a><p>Blisstime 18PCS Clay Sculpting Tools, Basic Clay Pottery Carving Tool Kit with Wooden Handles and Tool Bag</p><p> -40% 0FF </p><p>$11.99</p><a href="https://www.amazon.com/dp/B0BZ7GMCST?tag=eloabder-20&linkCode=osi&th=1&psc=1">View Product</a></div>
<div class="product"><a href="https://www.amazon.com/dp/B09Q612DBG?tag=eloabder-20&linkCode=osi&th=1&psc=1"><img src="https://m.media-amazon.com/images/I/511LJ44qugL._SL500_.jpg" alt="Product Image"></a><p>Teexpert Epoxy Resin Crystal Clear: 64OZ Epoxy Resin kit Fast Curing Heat Resistant for Casting Coating Art DIY Craft Jewelry Wood Table Top Flower Preservation- 2 Part(32OZ Resin and 32OZ Hardener)</p><p> -10% 0FF </p><p>$22.49 ($0.35 / Fl Oz)</p><a href="https://www.amazon.com/dp/B09Q612DBG?tag=eloabder-20&linkCode=osi&th=1&psc=1">View Product</a></div><div class="product"><a href="https://www.amazon.com/dp/B0B2K12XQ8?tag=eloabder-20&linkCode=osi&th=1&psc=1"><img src="https://m.media-amazon.com/images/I/51qEL8qPgCL._SL500_.jpg" alt="Product Image"></a><p>LET'S RESIN 80oz Crystal Clear Casting Resin Kit,Bubbles Free Epoxy Resin Supplies,Clear Resin for Craft,Tumblers,Molds,Jewelry,Resin and Hardener with 6 Mica Powders,Large Silicone Cup</p><p> -42% 0FF </p><p>$36.79 ($0.46 / Ounce)</p><a href="https://www.amazon.com/dp/B0B2K12XQ8?tag=eloabder-20&linkCode=osi&th=1&psc=1">View Product</a></div><div class="product"><a href="https://www.amazon.com/dp/B086L1CDMT?tag=eloabder-20&linkCode=osi&th=1&psc=1"><img src="https://m.media-amazon.com/images/I/41icNRW2NRL._SL500_.jpg" alt="Product Image"></a><p>Epoxy Resin, 32OZ Resin Kit, Epoxy Resin Crystal Clear-Not Yellowing and No Bubble Self Leveling Easy Mix 1:1 Casting & Coating for DIY Jewelry Making of The Art Resin & Epoxy Resin (32oz)</p><p> -10% 0FF </p><p>$15.29</p><a href="https://www.amazon.com/dp/B086L1CDMT?tag=eloabder-20&linkCode=osi&th=1&psc=1">View Product</a></div><div class="product"><a href="https://www.amazon.com/dp/B0BY2PFY62?tag=eloabder-20&linkCode=osi&th=1&psc=1"><img src="https://m.media-amazon.com/images/I/51jY4DbLEVL._SL500_.jpg" alt="Product Image"></a><p>LET'S RESIN Polyurethane Resin, 60oz 2 Part Casting Resin, Fast Cured Resin within 10 Minutes, Ultra Low Viscosity & Low Odor Pourable Liquid Plastic for Casting Models, Prototypes & Other Resin Craft</p><p> -5% 0FF </p><p>$40.99 ($0.68 / Ounce)</p><a href="https://www.amazon.com/dp/B0BY2PFY62?tag=eloabder-20&linkCode=osi&th=1&psc=1">View Product</a></div><div class="product"><a href="https://www.amazon.com/dp/B0CPVCRD93?tag=eloabder-20&linkCode=osi&th=1&psc=1"><img src="https://m.media-amazon.com/images/I/51mBmD2NCqL._SL500_.jpg" alt="Product Image"></a><p>Puduo Epoxy Resin Kit 72OZ，Newly Formulated Crystal Clear Epoxy Resin，Strong, Bubble-Free, Anti-Yellowing Art Resin That，Suitable for Casting, DIY, Resin Art, Molds, Jewelry, Easy to Mix 1:1 Ratio</p><p> -21% 0FF </p><p>$36.99 ($0.51 / Ounce)</p><a href="https://www.amazon.com/dp/B0CPVCRD93?tag=eloabder-20&linkCode=osi&th=1&psc=1">View Product</a></div><div class="product"><a href="https://www.amazon.com/dp/B0B7DZ4YPN?tag=eloabder-20&linkCode=osi&th=1&psc=1"><img src="https://m.media-amazon.com/images/I/51NIBuS801L._SL500_.jpg" alt="Product Image"></a><p>Epoxy Resin 64OZ - Crystal Clear Epoxy Resin Kit - No Yellowing No Bubble Art Resin Casting Resin for Art Crafts, Jewelry Making, Wood & Resin Molds(32OZ x 2)</p><p> -32% 0FF </p><p>$29.99 ($0.47 / Ounce)</p><a href="https://www.amazon.com/dp/B0B7DZ4YPN?tag=eloabder-20&linkCode=osi&th=1&psc=1">View Product</a></div><div class="product"><a href="https://www.amazon.com/dp/B0C1FL6QR3?tag=eloabder-20&linkCode=osi&th=1&psc=1"><img src="https://m.media-amazon.com/images/I/51Lv4KyEb4L._SL500_.jpg" alt="Product Image"></a><p>LET'S RESIN 1 Gallon Casting Epoxy Resin with Pumps, Crystal Clear Epoxy Resin Kit for Beginners, with Ocean White Paste, Color Pigment, for DIY Art, Craft,Jewelry,River Table</p><p> -5% 0FF </p><p>$74.99</p><a href="https://www.amazon.com/dp/B0C1FL6QR3?tag=eloabder-20&linkCode=osi&th=1&psc=1">View Product</a></div><div class="product"><a href="https://www.amazon.com/dp/B08SJ58YBG?tag=eloabder-20&linkCode=osi&th=1&psc=1"><img src="https://m.media-amazon.com/images/I/51vDNE5fyxL._SL500_.jpg" alt="Product Image"></a><p>JDiction Epoxy Resin Clear High Gloss Epoxy Resin, Maximum 1.5 Inch Deep Pour 1 Gallon Casting Resin for Jewelry Making, Table Top, Wood and Mold Crafts</p><p> -35% 0FF </p><p>$47.99 ($0.37 / Fl Oz)</p><a href="https://www.amazon.com/dp/B08SJ58YBG?tag=eloabder-20&linkCode=osi&th=1&psc=1">View Product</a></div>
<div class="product"><a href="https://www.amazon.com/dp/B0021IK626?tag=eloabder-20&linkCode=osi&th=1&psc=1"><img src="https://m.media-amazon.com/images/I/317wgA0GITL._SL500_.jpg" alt="Product Image"></a><p>Winsor & Newton Artist Vine Charcoal Sticks, Soft, Box of 12 Sticks</p><p> -12% 0FF </p><p>$10.56</p><a href="https://www.amazon.com/dp/B0021IK626?tag=eloabder-20&linkCode=osi&th=1&psc=1">View Product</a></div><div class="product"><a href="https://www.amazon.com/dp/B004O7FFR8?tag=eloabder-20&linkCode=osi&th=1&psc=1"><img src="https://m.media-amazon.com/images/I/51JJnYm-n2L._SL500_.jpg" alt="Product Image"></a><p>Strathmore 300 Series Charcoal Paper Pad, Top Wire Bound, 9x12 inches, 32 Sheets (64lb/95g) - Artist Paper for Adults and Students - Charcoal and Pastel</p><p> -28% 0FF </p><p>$7.82</p><a href="https://www.amazon.com/dp/B004O7FFR8?tag=eloabder-20&linkCode=osi&th=1&psc=1">View Product</a></div><div class="product"><a href="https://www.amazon.com/dp/B004XMELLA?tag=eloabder-20&linkCode=osi&th=1&psc=1"><img src="https://m.media-amazon.com/images/I/41wklAOeEwS._SL500_.jpg" alt="Product Image"></a><p>CRETACOLOR Charcoal Powder, 175 gram</p><p> -17% 0FF </p><p>$19.99</p><a href="https://www.amazon.com/dp/B004XMELLA?tag=eloabder-20&linkCode=osi&th=1&psc=1">View Product</a></div>
<div class="product"><a href="https://www.amazon.com/dp/B08MFWBCKT?tag=eloabder-20&linkCode=osi&th=1&psc=1"><img src="https://m.media-amazon.com/images/I/41I3tDQXv9L._SL500_.jpg" alt="Product Image"></a><p>Winsor & Newton Studio Collection, 6 Count, Charcoal Pencils</p><p> -29% 0FF </p><p>$9.99</p><a href="https://www.amazon.com/dp/B08MFWBCKT?tag=eloabder-20&linkCode=osi&th=1&psc=1">View Product</a></div>
<div class="product"><a href="https://www.amazon.com/dp/B001BYK7RA?tag=eloabder-20&linkCode=osi&th=1&psc=1"><img src="https://m.media-amazon.com/images/I/316EZYjc1XL._SL500_.jpg" alt="Product Image"></a><p>Winsor & Newton Artist Vine Charcoal Sticks, Soft, Box of 3 Sticks</p><p> -27% 0FF </p><p>$2.99 ($1.00 / Count)</p><a href="https://www.amazon.com/dp/B001BYK7RA?tag=eloabder-20&linkCode=osi&th=1&psc=1">View Product</a></div><div class="product"><a href="https://www.amazon.com/dp/B08L8JKP72?tag=eloabder-20&linkCode=osi&th=1&psc=1"><img src="https://m.media-amazon.com/images/I/41pXzOgpC8L._SL500_.jpg" alt="Product Image"></a><p>Pacific Arc Compressed Charcoal Sticks Soft 12 Pack for Drawing, Sketching, and Shading</p><p> -24% 0FF </p><p>$9.17</p><a href="https://www.amazon.com/dp/B08L8JKP72?tag=eloabder-20&linkCode=osi&th=1&psc=1">View Product</a></div>
<div class="product"><a href="https://www.amazon.com/dp/B07BYVFMB1?tag=eloabder-20&linkCode=osi&th=1&psc=1"><img src="https://m.media-amazon.com/images/I/31rrg6weNlL._SL500_.jpg" alt="Product Image"></a><p>50 Chipboard Sheets 8.5 x 11 inch - 50pt (point) Heavy Weight Brown Kraft Cardboard for Scrapbooking & Picture Frame Backing (.050 Caliper Thick) Paper Board | MagicWater Supply</p><p> -42% 0FF </p><p>$24.99</p><a href="https://www.amazon.com/dp/B07BYVFMB1?tag=eloabder-20&linkCode=osi&th=1&psc=1">View Product</a></div><div class="product"><a href="https://www.amazon.com/dp/B00161W6L8?tag=eloabder-20&linkCode=osi&th=1&psc=1"><img src="https://m.media-amazon.com/images/I/41MflHlo3JL._SL500_.jpg" alt="Product Image"></a><p>GRAFIX Natural Medium Weight Chipboard Sheets 8.5"X11" 25/Pkg, 8.5"x11"x0.057", Count</p><p> -27% 0FF </p><p>$18.26 ($0.73 / Count)</p><a href="https://www.amazon.com/dp/B00161W6L8?tag=eloabder-20&linkCode=osi&th=1&psc=1">View Product</a></div>
<div class="product"><a href="https://www.amazon.com/dp/B0CG82NVDX?tag=eloabder-20&linkCode=osi&th=1&psc=1"><img src="https://m.media-amazon.com/images/I/41LZLhnqZ2L._SL500_.jpg" alt="Product Image"></a><p>4 Piece Wood Chisel Sets Woodworking Tools Set, Wood Chisels for Woodworking with Steel Hammer End, Wood Tools Chisel Set Woodworking with Ergonomic Plastic Handle, 6mm, 12mm, 18mm, 24mm</p><p> -8% 0FF </p><p>$9.18</p><a href="https://www.amazon.com/dp/B0CG82NVDX?tag=eloabder-20&linkCode=osi&th=1&psc=1">View Product</a></div><div class="product"><a href="https://www.amazon.com/dp/B07GGYNHSQ?tag=eloabder-20&linkCode=osi&th=1&psc=1"><img src="https://m.media-amazon.com/images/I/41jGbSe1quL._SL500_.jpg" alt="Product Image"></a><p>HURRICANE 4 Piece Wood Chisel Set for Woodworking, CR-V Steel Beveled Edge Blade, Durable PVC High Impact Handle Wood Chisel</p><p> -30% 0FF </p><p>$13.99</p><a href="https://www.amazon.com/dp/B07GGYNHSQ?tag=eloabder-20&linkCode=osi&th=1&psc=1">View Product</a></div><div class="product"><a href="https://www.amazon.com/dp/B07WPHDX7L?tag=eloabder-20&linkCode=osi&th=1&psc=1"><img src="https://m.media-amazon.com/images/I/51dts-90AqL._SL500_.jpg" alt="Product Image"></a><p>GREBSTK 9.5in Wood Chisel Set for Woodworking, 4pcs Chrome Vanadium Steel Bevel-Edge Bench Chisels with Cap, Comfortable Beech High Impact Handle, with Oxford Bag</p><p> -25% 0FF </p><p>$14.99</p><a href="https://www.amazon.com/dp/B07WPHDX7L?tag=eloabder-20&linkCode=osi&th=1&psc=1">View Product</a></div>
<div class="product"><a href="https://www.amazon.com/dp/B07DMGLTVZ?tag=eloabder-20&linkCode=osi&th=1&psc=1"><img src="https://m.media-amazon.com/images/I/41UaGK9mQ+L._SL500_.jpg" alt="Product Image"></a><p>Darnell Nehemiah Metal Alloy Sugar Paste Extruder Craft Gun with 20 Tips Sugar Craft Fondant Cake Sculpture Polymer Clay Tool Perfect (Green)</p><p> -14% 0FF </p><p>$5.99</p><a href="https://www.amazon.com/dp/B07DMGLTVZ?tag=eloabder-20&linkCode=osi&th=1&psc=1">View Product</a></div><div class="product"><a href="https://www.amazon.com/dp/B0DDCDZCCV?tag=eloabder-20&linkCode=osi&th=1&psc=1"><img src="https://m.media-amazon.com/images/I/410i1A+6UmL._SL500_.jpg" alt="Product Image"></a><p>ORIISIN Automatic Clay Extruder, Electric Extruder for Polymer Clay & Fondant, Clay Extruder for Pottery, Polymer Clay Extruder with Multiple Disks</p><p> -20% 0FF </p><p>$19.99</p><a href="https://www.amazon.com/dp/B0DDCDZCCV?tag=eloabder-20&linkCode=osi&th=1&psc=1">View Product</a></div><div class="product"><a href="https://www.amazon.com/dp/B0CNH2G6PB?tag=eloabder-20&linkCode=osi&th=1&psc=1"><img src="https://m.media-amazon.com/images/I/51l5sO0abDL._SL500_.jpg" alt="Product Image"></a><p>FVIEXE 2PCS Clay Extruder Tool, Polymer Clay Extruder Kit with 40 Extruder Discs and 40 Clay Cutters, Sugar Paste Fondant Extruder Tool Gun Cake Fondant Decorating Tool Set for Making Craft Border</p><p> -6% 0FF </p><p>$15.99</p><a href="https://www.amazon.com/dp/B0CNH2G6PB?tag=eloabder-20&linkCode=osi&th=1&psc=1">View Product</a></div>
<div class="product"><a href="https://www.amazon.com/dp/B0776SN7Y5?tag=eloabder-20&linkCode=osi&th=1&psc=1"><img src="https://m.media-amazon.com/images/I/41qik78i76L._SL500_.jpg" alt="Product Image"></a><p>RUBFAC Polymer Clay Tools, Clay Tools Kit, 24pcs Clay Sculpting Tools Set with Stylus and Rock Painting Kit - Air Dry Clay Modeling Tools for Pottery and Sculpture</p><p> -25% 0FF </p><p>$8.99</p><a href="https://www.amazon.com/dp/B0776SN7Y5?tag=eloabder-20&linkCode=osi&th=1&psc=1">View Product</a></div>
<div class="product"><a href="https://www.amazon.com/dp/B00T5LIRFU?tag=eloabder-20&linkCode=osi&th=1&psc=1"><img src="https://m.media-amazon.com/images/I/41HLrbxWYNL._SL500_.jpg" alt="Product Image"></a><p>Sculpey Tools Clay Conditioning Pasta Machine, polymer oven-bake clay tool, 9 thickness settings, includes clamp and hand crank, great for all skill levels and craft projects</p><p> -23% 0FF </p><p>$39.44</p><a href="https://www.amazon.com/dp/B00T5LIRFU?tag=eloabder-20&linkCode=osi&th=1&psc=1">View Product</a></div>
<div class="product"><a href="https://www.amazon.com/dp/B0D473MKHZ?tag=eloabder-20&linkCode=osi&th=1&psc=1"><img src="https://m.media-amazon.com/images/I/41GZeErV9FL._SL500_.jpg" alt="Product Image"></a><p>JRKOO Clay Tools Kit,28 PCS Pottery Tools,Polymer Clay Tools,Air Dry Clay Tools Set for Kids, Adults,Pottery Craft,Drawing,Dotting,Carving,Molding,Baking,Modeling,Shaping</p><p> -25% 0FF </p><p>$7.49</p><a href="https://www.amazon.com/dp/B0D473MKHZ?tag=eloabder-20&linkCode=osi&th=1&psc=1">View Product</a></div>
<div class="product"><a href="https://www.amazon.com/dp/B06XG9XHCG?tag=eloabder-20&linkCode=osi&th=1&psc=1"><img src="https://m.media-amazon.com/images/I/51deqHG5MFL._SL500_.jpg" alt="Product Image"></a><p>ARTEZA Pottery & Polymer Clay Tools, 42-Piece Sculpting Set, Steel Tip Pottery Tools with Wooden Handles, Craft Kit for Pottery Modeling, Carving</p><p> -34% 0FF </p><p>$29.39 ($0.70 / Count)</p><a href="https://www.amazon.com/dp/B06XG9XHCG?tag=eloabder-20&linkCode=osi&th=1&psc=1">View Product</a></div>
<div class="product"><a href="https://www.amazon.com/dp/B07KBZQN2F?tag=eloabder-20&linkCode=osi&th=1&psc=1"><img src="https://m.media-amazon.com/images/I/41Or4t3NbSL._SL500_.jpg" alt="Product Image"></a><p>Artlicious Drawing Board - 13 x 17 Sketch Boards with Handle for Drafting Art - Portable Wooden Clipboard for Class or Studio Fit in Artists Tote</p><p> -12% 0FF </p><p>$16.25</p><a href="https://www.amazon.com/dp/B07KBZQN2F?tag=eloabder-20&linkCode=osi&th=1&psc=1">View Product</a></div><div class="product"><a href="https://www.amazon.com/dp/B096DGLQRK?tag=eloabder-20&linkCode=osi&th=1&psc=1"><img src="https://m.media-amazon.com/images/I/31tsJJ2gVUL._SL500_.jpg" alt="Product Image"></a><p>2-Pack Artist's Drawing Sketch Boards, Large Art Clipboards with Left-Side Handle Holes and Paper Retaining Rubber Bands, Portable Drafting Boards for Home, Office, Studio, and Field (13x17 in)</p><p> -30% 0FF </p><p>$13.99</p><a href="https://www.amazon.com/dp/B096DGLQRK?tag=eloabder-20&linkCode=osi&th=1&psc=1">View Product</a></div><div class="product"><a href="https://www.amazon.com/dp/B0027AAMSG?tag=eloabder-20&linkCode=osi&th=1&psc=1"><img src="https://m.media-amazon.com/images/I/31fE-qZkGQL._SL500_.jpg" alt="Product Image"></a><p>Art Advantage Artist Sketch Tote Board 23x26, Drawing Board, Art Board, Painting Board, Masonite Board, Hardboard, Paint Board, Sketch Board, Drawing Boards for Artists</p><p> -11% 0FF </p><p>$26.69</p><a href="https://www.amazon.com/dp/B0027AAMSG?tag=eloabder-20&linkCode=osi&th=1&psc=1">View Product</a></div><div class="product"><a href="https://www.amazon.com/dp/B08PBD8JZH?tag=eloabder-20&linkCode=osi&th=1&psc=1"><img src="https://m.media-amazon.com/images/I/411Zn2OP2YL._SL500_.jpg" alt="Product Image"></a><p>Artist Sketch Board, 8K Wooden Water Proof Sketching Clipboard Student Travel Art Drawing Writing Board with Metal Clip for Classroom Studio or Field Use</p><p> -5% 0FF </p><p>$13.10</p><a href="https://www.amazon.com/dp/B08PBD8JZH?tag=eloabder-20&linkCode=osi&th=1&psc=1">View Product</a></div><div class="product"><a href="https://www.amazon.com/dp/B096DNF5LW?tag=eloabder-20&linkCode=osi&th=1&psc=1"><img src="https://m.media-amazon.com/images/I/41WTiS7xFZL._SL500_.jpg" alt="Product Image"></a><p>Bright Creations 2-Pack Artist's Drawing Sketch Boards, Large Art Clipboard with Left-Side Handle Holes & Paper Holding Rubber Bands, Portable Drafting Boards for Home, Office, Studio, Field(18x18")</p><p> -16% 0FF </p><p>$26.99</p><a href="https://www.amazon.com/dp/B096DNF5LW?tag=eloabder-20&linkCode=osi&th=1&psc=1">View Product</a></div>
<div class="product"><a href="https://www.amazon.com/dp/B07H6JWKCK?tag=eloabder-20&linkCode=osi&th=1&psc=1"><img src="https://m.media-amazon.com/images/I/41o0NPLKJtL._SL500_.jpg" alt="Product Image"></a><p>LWR CRAFTS Jute Cord Twine 1.5mm 90ft Natural for Mini Clothespins</p><p> -13% 0FF </p><p>$3.49 ($0.04 / Foot)</p><a href="https://www.amazon.com/dp/B07H6JWKCK?tag=eloabder-20&linkCode=osi&th=1&psc=1">View Product</a></div><div class="product"><a href="https://www.amazon.com/dp/B08GM954K3?tag=eloabder-20&linkCode=osi&th=1&psc=1"><img src="https://m.media-amazon.com/images/I/51HzWiyDe7L._SL500_.jpg" alt="Product Image"></a><p>Wenrook 300 Pack Safety Pins Assorted, 4 Different Sizes, Strong Nickel Plated Steel, Safety Pins for Clothes, Crafts, Pinning and More</p><p> -28% 0FF </p><p>$5.79 ($0.02 / Count)</p><a href="https://www.amazon.com/dp/B08GM954K3?tag=eloabder-20&linkCode=osi&th=1&psc=1">View Product</a></div><div class="product"><a href="https://www.amazon.com/dp/B0BHVGYVJJ?tag=eloabder-20&linkCode=osi&th=1&psc=1"><img src="https://m.media-amazon.com/images/I/4169Jf5yW0L._SL500_.jpg" alt="Product Image"></a><p>Sewing clips for fabric and quilting,WENICE 40pcs embroidery clips of sewing products for sewing supplies and accessories</p><p> -36% 0FF </p><p>$4.49</p><a href="https://www.amazon.com/dp/B0BHVGYVJJ?tag=eloabder-20&linkCode=osi&th=1&psc=1">View Product</a></div>
<div class="product"><a href="https://www.amazon.com/dp/B0BHYGM2XG?tag=eloabder-20&linkCode=osi&th=1&psc=1"><img src="https://m.media-amazon.com/images/I/51D88wLFFAL._SL500_.jpg" alt="Product Image"></a><p>KALOUR 72 Count Colored Pencils for Adult Coloring Books, Soft Core,Ideal for Drawing Blending Shading,Color Pencils Set Gift for Adults Kids Beginners</p><p> -40% 0FF </p><p>$11.99</p><a href="https://www.amazon.com/dp/B0BHYGM2XG?tag=eloabder-20&linkCode=osi&th=1&psc=1">View Product</a></div><div class="product"><a href="https://www.amazon.com/dp/B0CCJ8K7BG?tag=eloabder-20&linkCode=osi&th=1&psc=1"><img src="https://m.media-amazon.com/images/I/51+YRjtIYnL._SL500_.jpg" alt="Product Image"></a><p>HIFORNY 125 Pack Colored Pencils Set for Adult Coloring,120 Colors Coloring Pencils with Extras,Drawing Pencils Art Craft Supplies for Adults Beginners</p><p> -26% 0FF </p><p>$13.29</p><a href="https://www.amazon.com/dp/B0CCJ8K7BG?tag=eloabder-20&linkCode=osi&th=1&psc=1">View Product</a></div><div class="product"><a href="https://www.amazon.com/dp/B09FJN5R5C?tag=eloabder-20&linkCode=osi&th=1&psc=1"><img src="https://m.media-amazon.com/images/I/51HNg7VkaPL._SL500_.jpg" alt="Product Image"></a><p>PRINA Art Supplies 120 Colors Colored Pencils Set for Adults Coloring Books with Sketchbook, Professional Vibrant Artists Coloring Pencils for Drawing Sketching Blending Shading, Soft Core Oil Based</p><p> -10% 0FF </p><p>$27.99</p><a href="https://www.amazon.com/dp/B09FJN5R5C?tag=eloabder-20&linkCode=osi&th=1&psc=1">View Product</a></div><div class="product"><a href="https://www.amazon.com/dp/B0B8MFGW36?tag=eloabder-20&linkCode=osi&th=1&psc=1"><img src="https://m.media-amazon.com/images/I/51umBJsfZDL._SL500_.jpg" alt="Product Image"></a><p>KALOUR Premium Colored Pencils,Set of 120 Colors,Artists Soft Core with Vibrant Color,Ideal for Drawing Sketching Shading,Coloring Pencils for Adults Beginners kids</p><p> -17% 0FF </p><p>$24.99</p><a href="https://www.amazon.com/dp/B0B8MFGW36?tag=eloabder-20&linkCode=osi&th=1&psc=1">View Product</a></div><div class="product"><a href="https://www.amazon.com/dp/B06ZZNF7GS?tag=eloabder-20&linkCode=osi&th=1&psc=1"><img src="https://m.media-amazon.com/images/I/51yeXw2QRdL._SL500_.jpg" alt="Product Image"></a><p>Castle Art Supplies 72 Colored Pencils Set | Quality Soft Core Colored Leads for Adult Artists, Professionals and Colorists | Protected and Organized in Presentation Tin Box</p><p> -35% 0FF </p><p>$36.98</p><a href="https://www.amazon.com/dp/B06ZZNF7GS?tag=eloabder-20&linkCode=osi&th=1&psc=1">View Product</a></div><div class="product"><a href="https://www.amazon.com/dp/B005O2ZU68?tag=eloabder-20&linkCode=osi&th=1&psc=1"><img src="https://m.media-amazon.com/images/I/51iZ-dj8GBL._SL500_.jpg" alt="Product Image"></a><p>Prismacolor Premier Colored Pencils, Soft Core, 150 Count, Lightfast, Ultra-smooth, Adult Coloring Books</p><p> -7% 0FF </p><p>$139.99</p><a href="https://www.amazon.com/dp/B005O2ZU68?tag=eloabder-20&linkCode=osi&th=1&psc=1">View Product</a></div>
<div class="product"><a href="https://www.amazon.com/dp/B004BN9U30?tag=eloabder-20&linkCode=osi&th=1&psc=1"><img src="https://m.media-amazon.com/images/I/51r8f-9WzoL._SL500_.jpg" alt="Product Image"></a><p>ACTIVA Decor Sand, 5-Pound, Light Blue,4555</p><p> -13% 0FF </p><p>$20.30 ($0.25 / Ounce)</p><a href="https://www.amazon.com/dp/B004BN9U30?tag=eloabder-20&linkCode=osi&th=1&psc=1">View Product</a></div>
<div class="product"><a href="https://www.amazon.com/dp/B076TT3TYN?tag=eloabder-20&linkCode=osi&th=1&psc=1"><img src="https://m.media-amazon.com/images/I/614S+VRElYL._SL500_.jpg" alt="Product Image"></a><p>Embroidery Floss Rainbow Color 50 Skeins Per Pack Cross Stitch Threads Friendship Bracelets Floss Crafts Floss</p><p> -60% 0FF </p><p>$5.97 ($0.00 / Foot)</p><a href="https://www.amazon.com/dp/B076TT3TYN?tag=eloabder-20&linkCode=osi&th=1&psc=1">View Product</a></div><div class="product"><a href="https://www.amazon.com/dp/B06XRF1LCM?tag=eloabder-20&linkCode=osi&th=1&psc=1"><img src="https://m.media-amazon.com/images/I/51HOGqvHonS._SL500_.jpg" alt="Product Image"></a><p>CiaraQ Sewing Threads Kits, 30 Colors Polyester 250 Yards Per Spools for Hand Sewing & Embroidery</p><p> -47% 0FF </p><p>$8.99 ($0.00 / Foot)</p><a href="https://www.amazon.com/dp/B06XRF1LCM?tag=eloabder-20&linkCode=osi&th=1&psc=1">View Product</a></div><div class="product"><a href="https://www.amazon.com/dp/B002KASKRS?tag=eloabder-20&linkCode=osi&th=1&psc=1"><img src="https://m.media-amazon.com/images/I/51GVfmIT-kL._SL500_.jpg" alt="Product Image"></a><p>Singer 264 Polyester Thread, Assorted Colors, 24 Spools</p><p> -31% 0FF </p><p>$2.69 ($0.00 / Foot)</p><a href="https://www.amazon.com/dp/B002KASKRS?tag=eloabder-20&linkCode=osi&th=1&psc=1">View Product</a></div>
<div class="product"><a href="https://www.amazon.com/dp/B0868M9MFP?tag=eloabder-20&linkCode=osi&th=1&psc=1"><img src="https://m.media-amazon.com/images/I/41MathwPKuL._SL500_.jpg" alt="Product Image"></a><p>Simetufy 360 Sheets 36 Multicolor Tissue Paper Bulk Gift Wrapping Tissue Paper Decorative Art Rainbow Tissue Paper 11.5in x 8in for Art Craft Floral Birthday Party Festival Tissue Paper Pom Pom</p><p> -38% 0FF </p><p>$7.99 ($0.02 / Count)</p><a href="https://www.amazon.com/dp/B0868M9MFP?tag=eloabder-20&linkCode=osi&th=1&psc=1">View Product</a></div><div class="product"><a href="https://www.amazon.com/dp/B0B9SF3Y4D?tag=eloabder-20&linkCode=osi&th=1&psc=1"><img src="https://m.media-amazon.com/images/I/419aeFWjtAL._SL500_.jpg" alt="Product Image"></a><p>Simetufy 60 Sheets Tissue Paper for Gift Bags, 10 Bold Colored Tissue Paper for Crafts, Art Tissue Paper Bulk, Gift Tissue Paper 20 x 20 Inch</p><p> -7% 0FF </p><p>$6.49 ($0.65 / Count)</p><a href="https://www.amazon.com/dp/B0B9SF3Y4D?tag=eloabder-20&linkCode=osi&th=1&psc=1">View Product</a></div><div class="product"><a href="https://www.amazon.com/dp/B0C8SYQJS1?tag=eloabder-20&linkCode=osi&th=1&psc=1"><img src="https://m.media-amazon.com/images/I/41gbdOrx9cL._SL500_.jpg" alt="Product Image"></a><p>VGOODALL 450 Sheets Multicolor Tissue Paper, Gift Wrapping Paper 11.5x8 Inch Craft Tissue Paper for Holiday Birthday Gift Wrapping DIY Project 40 Assorted Colors</p><p> -44% 0FF </p><p>$4.99 ($0.01 / Count)</p><a href="https://www.amazon.com/dp/B0C8SYQJS1?tag=eloabder-20&linkCode=osi&th=1&psc=1">View Product</a></div><div class="product"><a href="https://www.amazon.com/dp/B0CSG6Q67Y?tag=eloabder-20&linkCode=osi&th=1&psc=1"><img src="https://m.media-amazon.com/images/I/417iKgFw8BL._SL500_.jpg" alt="Product Image"></a><p>Longerse Colored Tissue Paper for Gift Bags,60 Sheets Art Tissue Paper Bulk,20”x20” Tissue Paper for Gift Wrapping,Gift Decoration,Art and DIY (Colorful)</p><p> -60% 0FF </p><p>$3.99 ($0.07 / Count)</p><a href="https://www.amazon.com/dp/B0CSG6Q67Y?tag=eloabder-20&linkCode=osi&th=1&psc=1">View Product</a></div><div class="product"><a href="https://www.amazon.com/dp/B08PP63JVH?tag=eloabder-20&linkCode=osi&th=1&psc=1"><img src="https://m.media-amazon.com/images/I/51Z1SH4GpyL._SL500_.jpg" alt="Product Image"></a><p>KESOTE Colored Tissue Paper for Gift Bags Crafts, 14" x 20" Tissue Paper Bulk 100 Sheets Gift Paper Tissue for Packaging - 20 Colors</p><p> -11% 0FF </p><p>$7.99 ($0.08 / Count)</p><a href="https://www.amazon.com/dp/B08PP63JVH?tag=eloabder-20&linkCode=osi&th=1&psc=1">View Product</a></div>
<div class="product"><a href="https://www.amazon.com/dp/B0CGR8W9QL?tag=eloabder-20&linkCode=osi&th=1&psc=1"><img src="https://m.media-amazon.com/images/I/51Zzm+7K6CL._SL500_.jpg" alt="Product Image"></a><p>Beautiful Adult Coloring Book Set of 2 for Relaxation - Gratitude and Mindfulness Books with Inspirational Quotes Making it a Great Gift - Perfect Stress-Relieving Books Fun to Color for Women</p><p> -10% 0FF </p><p>$11.69 ($5.84 / Count)</p><a href="https://www.amazon.com/dp/B0CGR8W9QL?tag=eloabder-20&linkCode=osi&th=1&psc=1">View Product</a></div><div class="product"><a href="https://www.amazon.com/dp/B01ELWWX98?tag=eloabder-20&linkCode=osi&th=1&psc=1"><img src="https://m.media-amazon.com/images/I/51g67GhksOL._SL500_.jpg" alt="Product Image"></a><p>Maybe Swearing Will Help Adult Coloring Book Set - for Adults Relaxation with Markers in a Case - Motivational Swear Word Anxiety Relief - Color Cuss & Laugh Your Way to Less Stress</p><p> -13% 0FF </p><p>$24.99</p><a href="https://www.amazon.com/dp/B01ELWWX98?tag=eloabder-20&linkCode=osi&th=1&psc=1">View Product</a></div><div class="product"><a href="https://www.amazon.com/dp/B0828BM6PW?tag=eloabder-20&linkCode=osi&th=1&psc=1"><img src="https://m.media-amazon.com/images/I/61rJ0ivLQ0L._SL500_.jpg" alt="Product Image"></a><p>ARTEZA Adult Coloring Book, Doodle Designs, 72 Sheets, 6.4x6.4 Inches Coloring Pages, 100 lb Paper</p><p> -43% 0FF </p><p>$7.40</p><a href="https://www.amazon.com/dp/B0828BM6PW?tag=eloabder-20&linkCode=osi&th=1&psc=1">View Product</a></div><div class="product"><a href="https://www.amazon.com/dp/B09NB2GZTD?tag=eloabder-20&linkCode=osi&th=1&psc=1"><img src="https://m.media-amazon.com/images/I/51FROdttEnL._SL500_.jpg" alt="Product Image"></a><p>RYVE Adult Coloring Book for Women - Mindfulness Coloring Book with Personal Growth Prompts - Coloring Book for Adults Relaxation, Coloring Book Adult, Mindfulness Gifts, Relaxation Gifts for Women</p><p> -35% 0FF </p><p>$12.95</p><a href="https://www.amazon.com/dp/B09NB2GZTD?tag=eloabder-20&linkCode=osi&th=1&psc=1">View Product</a></div><div class="product"><a href="https://www.amazon.com/dp/B07P57M4ZR?tag=eloabder-20&linkCode=osi&th=1&psc=1"><img src="https://m.media-amazon.com/images/I/6101oGV4dKL._SL500_.jpg" alt="Product Image"></a><p>Adult Coloring Book Bundle with 10 Deluxe Coloring Books for Adults and Teens (Over 250 Stress Relieving Patterns).</p><p> -6% 0FF </p><p>$16.96</p><a href="https://www.amazon.com/dp/B07P57M4ZR?tag=eloabder-20&linkCode=osi&th=1&psc=1">View Product</a></div>
<div class="product"><a href="https://www.amazon.com/dp/B0BWH7CWFW?tag=eloabder-20&linkCode=osi&th=1&psc=1"><img src="https://m.media-amazon.com/images/I/51jUg2AkDyL._SL500_.jpg" alt="Product Image"></a><p>AnyMark 60 Colors Alcohol Markers, Markers Set, Dual Tip Alcohol Based Art Markers for Kids Adults Coloring Drawing, Chisel & Fine</p><p> -15% 0FF </p><p>$16.99 ($0.28 / Count)</p><a href="https://www.amazon.com/dp/B0BWH7CWFW?tag=eloabder-20&linkCode=osi&th=1&psc=1">View Product</a></div><div class="product"><a href="https://www.amazon.com/dp/B09SG83ZZG?tag=eloabder-20&linkCode=osi&th=1&psc=1"><img src="https://m.media-amazon.com/images/I/51Qb5KktWiL._SL500_.jpg" alt="Product Image"></a><p>Sunacme Art Supplier Dual Brush Markers Pens, 110 Artist Coloring Marker Set, Fineliner & Brush Tip Pen with Premium Case for Adults Coloring Books & Kids Journal, Drawing, Doodlin</p><p> -14% 0FF </p><p>$29.99</p><a href="https://www.amazon.com/dp/B09SG83ZZG?tag=eloabder-20&linkCode=osi&th=1&psc=1">View Product</a></div><div class="product"><a href="https://www.amazon.com/dp/B075WQPKNK?tag=eloabder-20&linkCode=osi&th=1&psc=1"><img src="https://m.media-amazon.com/images/I/51EOXvmdwnL._SL500_.jpg" alt="Product Image"></a><p>Dual Brush Marker Pens for Coloring Books, Tanmit Fine Tip Coloring Marker & Brush Pen Set for Journaling Note Taking Writing Planning Art Project</p><p> -29% 0FF </p><p>$9.97</p><a href="https://www.amazon.com/dp/B075WQPKNK?tag=eloabder-20&linkCode=osi&th=1&psc=1">View Product</a></div><div class="product"><a href="https://www.amazon.com/dp/B0CMLFSJ32?tag=eloabder-20&linkCode=osi&th=1&psc=1"><img src="https://m.media-amazon.com/images/I/51tOlopoSsL._SL500_.jpg" alt="Product Image"></a><p>TOSHARE Double Brush Marker Pens, 72 Colors Art Markers Set with Fine Tip and Brush Tip for Kids Adult Coloring Book Hand Lettering Calligraphy Drawing Art Supplies Kit</p><p> -43% 0FF </p><p>$16.99</p><a href="https://www.amazon.com/dp/B0CMLFSJ32?tag=eloabder-20&linkCode=osi&th=1&psc=1">View Product</a></div>
<div class="product"><a href="https://www.amazon.com/dp/B011KGGTYI?tag=eloabder-20&linkCode=osi&th=1&psc=1"><img src="https://m.media-amazon.com/images/I/5132ds0q8dL._SL500_.jpg" alt="Product Image"></a><p>Prang (Formerly Art Street) Construction Paper, 10 Assorted Colors, Standard Weight, 9" x 12", 500 Sheets</p><p> -39% 0FF </p><p>$11.88</p><a href="https://www.amazon.com/dp/B011KGGTYI?tag=eloabder-20&linkCode=osi&th=1&psc=1">View Product</a></div><div class="product"><a href="https://www.amazon.com/dp/B00JKHFR2K?tag=eloabder-20&linkCode=osi&th=1&psc=1"><img src="https://m.media-amazon.com/images/I/31-VtYKPhLL._SL500_.jpg" alt="Product Image"></a><p>Childcraft Construction Paper, 9 x 12 Inches, Assorted Colors, 500 Sheets - 1465886</p><p> -12% 0FF </p><p>$14.02 ($0.03 / Count)</p><a href="https://www.amazon.com/dp/B00JKHFR2K?tag=eloabder-20&linkCode=osi&th=1&psc=1">View Product</a></div><div class="product"><a href="https://www.amazon.com/dp/B0044O9S9M?tag=eloabder-20&linkCode=osi&th=1&psc=1"><img src="https://m.media-amazon.com/images/I/51LYJXeYUuL._SL500_.jpg" alt="Product Image"></a><p>Crayola 9" x 12" 8-Assorted Color Construction Paper - 96/Pack</p><p> -7% 0FF </p><p>$7.53 ($0.08 / Count)</p><a href="https://www.amazon.com/dp/B0044O9S9M?tag=eloabder-20&linkCode=osi&th=1&psc=1">View Product</a></div><div class="product"><a href="https://www.amazon.com/dp/B07RPBV5QV?tag=eloabder-20&linkCode=osi&th=1&psc=1"><img src="https://m.media-amazon.com/images/I/31NYvEA9UbL._SL500_.jpg" alt="Product Image"></a><p>Colorations Construction Paper, Classroom Art Supplies, 9" x 12" Craft Paper 2200 Sheet Pack, Heavyweight Construction Paper, Bulk Packs, Assorted Colors, Drawing, Coloring, Painting, School Supplies</p><p> -7% 0FF </p><p>$82.99 ($0.04 / Count)</p><a href="https://www.amazon.com/dp/B07RPBV5QV?tag=eloabder-20&linkCode=osi&th=1&psc=1">View Product</a></div><div class="product"><a href="https://www.amazon.com/dp/B0017OHG1O?tag=eloabder-20&linkCode=osi&th=1&psc=1"><img src="https://m.media-amazon.com/images/I/21ulYe3YW0L._SL500_.jpg" alt="Product Image"></a><p>Prang (Formerly SunWorks) Construction Paper, White, 9" x 12", 100 Sheets</p><p> -11% 0FF </p><p>$4.27</p><a href="https://www.amazon.com/dp/B0017OHG1O?tag=eloabder-20&linkCode=osi&th=1&psc=1">View Product</a></div>
<div class="product"><a href="https://www.amazon.com/dp/B07VPLN92N?tag=eloabder-20&linkCode=osi&th=1&psc=1"><img src="https://m.media-amazon.com/images/I/419sJC3gTyS._SL500_.jpg" alt="Product Image"></a><p>Colorations® Geo Shapes Dough Cutters and Rolling Pin, Set of 9, 8 different Shapes & the Roller, Use with Dough, Dough Cutter Shapes, Great Starter Set for using Dough, Learn About Shapes</p><p> -41% 0FF </p><p>$7.49</p><a href="https://www.amazon.com/dp/B07VPLN92N?tag=eloabder-20&linkCode=osi&th=1&psc=1">View Product</a></div><div class="product"><a href="https://www.amazon.com/dp/B07JG76SSJ?tag=eloabder-20&linkCode=osi&th=1&psc=1"><img src="https://m.media-amazon.com/images/I/41AXTn1lZjL._SL500_.jpg" alt="Product Image"></a><p>Wilton Plastic Cookie Cutters Gift Boxed 10/Pkg, Christmas</p><p> -23% 0FF </p><p>$9.99</p><a href="https://www.amazon.com/dp/B07JG76SSJ?tag=eloabder-20&linkCode=osi&th=1&psc=1">View Product</a></div><div class="product"><a href="https://www.amazon.com/dp/B0D95TVN4T?tag=eloabder-20&linkCode=osi&th=1&psc=1"><img src="https://m.media-amazon.com/images/I/51tcz-zfq1L._SL500_.jpg" alt="Product Image"></a><p>KEOKER Halloween Polymer Clay Cutters, 12 Shapes Polymer Clay Cutters Halloween, Halloween Clay Cutters for Polymer Clay Jewelry, Halloween Clay Cutters for Earrings, Polymer Clay Halloween Cutters</p><p> -6% 0FF </p><p>$15.99</p><a href="https://www.amazon.com/dp/B0D95TVN4T?tag=eloabder-20&linkCode=osi&th=1&psc=1">View Product</a></div>
<div class="product"><a href="https://www.amazon.com/dp/B01MR5DSCM?tag=eloabder-20&linkCode=osi&th=1&psc=1"><img src="https://m.media-amazon.com/images/I/41TXQrK84SL._SL500_.jpg" alt="Product Image"></a><p>Zehhe Copper Foil Tape with Double-Sided Conductive - EMI Shielding,Stained Glass,Soldering,Electrical Repairs,Paper Circuits,Grounding (1/4inch)</p><p> -16% 0FF </p><p>$5.88 ($0.09 / Foot)</p><a href="https://www.amazon.com/dp/B01MR5DSCM?tag=eloabder-20&linkCode=osi&th=1&psc=1">View Product</a></div><div class="product"><a href="https://www.amazon.com/dp/B00WVKO1LG?tag=eloabder-20&linkCode=osi&th=1&psc=1"><img src="https://m.media-amazon.com/images/I/31J15yH0QGL._SL500_.jpg" alt="Product Image"></a><p>K&S 6020 Metallic Copper Crafting Foil, 0.005" Thick x 12" Width x 30" Long, 1 Piece, Made in The USA</p><p> -22% 0FF </p><p>$14.89</p><a href="https://www.amazon.com/dp/B00WVKO1LG?tag=eloabder-20&linkCode=osi&th=1&psc=1">View Product</a></div><div class="product"><a href="https://www.amazon.com/dp/B01MPYH5EQ?tag=eloabder-20&linkCode=osi&th=1&psc=1"><img src="https://m.media-amazon.com/images/I/51DowmFlktL._SL500_.jpg" alt="Product Image"></a><p>7/32" Edco Silver Backed Foil - 1.0 Mil</p><p> -15% 0FF </p><p>$15.49</p><a href="https://www.amazon.com/dp/B01MPYH5EQ?tag=eloabder-20&linkCode=osi&th=1&psc=1">View Product</a></div><div class="product"><a href="https://www.amazon.com/dp/B000VGRVSC?tag=eloabder-20&linkCode=osi&th=1&psc=1"><img src="https://m.media-amazon.com/images/I/51fDxB9va0L._SL500_.jpg" alt="Product Image"></a><p>Studio Pro 7/32-Inch Black Lined Copper Foil</p><p> -27% 0FF </p><p>$10.99</p><a href="https://www.amazon.com/dp/B000VGRVSC?tag=eloabder-20&linkCode=osi&th=1&psc=1">View Product</a></div>
<div class="product"><a href="https://www.amazon.com/dp/B08ZMVBT4F?tag=eloabder-20&linkCode=osi&th=1&psc=1"><img src="https://m.media-amazon.com/images/I/51nhj8aUk3L._SL500_.jpg" alt="Product Image"></a><p>NOANTA Natural Macrame Cord 3mm x 109Yards, Beige Macrame Rope, Cotton Cord for Wall Hanging, Plant Hangers, Christmas Crafts, Knitting</p><p> -50% 0FF </p><p>$4.99 ($0.02 / Foot)</p><a href="https://www.amazon.com/dp/B08ZMVBT4F?tag=eloabder-20&linkCode=osi&th=1&psc=1">View Product</a></div><div class="product"><a href="https://www.amazon.com/dp/B08YJBQ7WZ?tag=eloabder-20&linkCode=osi&th=1&psc=1"><img src="https://m.media-amazon.com/images/I/51MPyR+wDWL._SL500_.jpg" alt="Product Image"></a><p>45 Color Options Macrame Cord 2mm/3mm/4mm/5mm/6mmx109 Yards Cotton Cord, 4 Ply Twisted Yarn, Natural Perfect Supplies DIY Crafts (Natural White)</p><p> -29% 0FF </p><p>$4.98 ($0.02 / Foot)</p><a href="https://www.amazon.com/dp/B08YJBQ7WZ?tag=eloabder-20&linkCode=osi&th=1&psc=1">View Product</a></div><div class="product"><a href="https://www.amazon.com/dp/B08PZ2VDPM?tag=eloabder-20&linkCode=osi&th=1&psc=1"><img src="https://m.media-amazon.com/images/I/51DQgq3cfXL._SL500_.jpg" alt="Product Image"></a><p>Tenn Well Nylon Satin Cord, 295 Feet 2mm Black Nylon String for Jewelry Making, Silky Rattail Cord for Bracelets, Necklaces, Macrame Keychains, Lanyards, Beading</p><p> -33% 0FF </p><p>$7.99 ($0.03 / Foot)</p><a href="https://www.amazon.com/dp/B08PZ2VDPM?tag=eloabder-20&linkCode=osi&th=1&psc=1">View Product</a></div><div class="product"><a href="https://www.amazon.com/dp/B08GXFQ2ZZ?tag=eloabder-20&linkCode=osi&th=1&psc=1"><img src="https://m.media-amazon.com/images/I/51ETQrmuWuL._SL500_.jpg" alt="Product Image"></a><p>NOANTA Natural Macrame Cord 2mm x 220yards, Colored Macrame Rope, 3 Strand Twisted Cotton Rope Macrame Yarn, Colorful Cotton Craft Cord for Wall Hanging, Plant Hangers, Crafts, Knitting</p><p> -29% 0FF </p><p>$4.99 ($0.01 / Foot)</p><a href="https://www.amazon.com/dp/B08GXFQ2ZZ?tag=eloabder-20&linkCode=osi&th=1&psc=1">View Product</a></div>
<div class="product"><a href="https://www.amazon.com/dp/B009MRH3R0?tag=eloabder-20&linkCode=osi&th=1&psc=1"><img src="https://m.media-amazon.com/images/I/51KvHbQ47aL._SL500_.jpg" alt="Product Image"></a><p>Hygloss Corrugated Cardboard Sheets, 8-Pack, 8 Pieces</p><p> -37% 0FF </p><p>$5.35 ($0.67 / Count)</p><a href="https://www.amazon.com/dp/B009MRH3R0?tag=eloabder-20&linkCode=osi&th=1&psc=1">View Product</a></div><div class="product"><a href="https://www.amazon.com/dp/B0013JR8QQ?tag=eloabder-20&linkCode=osi&th=1&psc=1"><img src="https://m.media-amazon.com/images/I/41xFj3BmirL._SL500_.jpg" alt="Product Image"></a><p>Uchida Corru-Gator Paper Crimper, 8-1/2-Inch, Straight</p><p> -37% 0FF </p><p>$13.79</p><a href="https://www.amazon.com/dp/B0013JR8QQ?tag=eloabder-20&linkCode=osi&th=1&psc=1">View Product</a></div>
<div class="product"><a href="https://www.amazon.com/dp/B07FFM3DPB?tag=eloabder-20&linkCode=osi&th=1&psc=1"><img src="https://m.media-amazon.com/images/I/51J4bxAVK3L._SL500_.jpg" alt="Product Image"></a><p>Caydo [400 pcs] - 300 Pieces 1 Inch Assorted Pompoms with 100pieces Wiggle Eyes Multicolor Arts and Crafts Pom Poms Balls for Kids DIY Art Creative Crafts Decorations</p><p> -15% 0FF </p><p>$7.64</p><a href="https://www.amazon.com/dp/B07FFM3DPB?tag=eloabder-20&linkCode=osi&th=1&psc=1">View Product</a></div><div class="product"><a href="https://www.amazon.com/dp/B000F8XACW?tag=eloabder-20&linkCode=osi&th=1&psc=1"><img src="https://m.media-amazon.com/images/I/41g1iHmB5ML._SL500_.jpg" alt="Product Image"></a><p>Creativity Street Cotton Decorated Craft Fluff Ball, Pink, Pack of 100,4 oz</p><p> -14% 0FF </p><p>$9.91</p><a href="https://www.amazon.com/dp/B000F8XACW?tag=eloabder-20&linkCode=osi&th=1&psc=1">View Product</a></div><div class="product"><a href="https://www.amazon.com/dp/B01MTOWHJH?tag=eloabder-20&linkCode=osi&th=1&psc=1"><img src="https://m.media-amazon.com/images/I/513R8zmLclL._SL500_.jpg" alt="Product Image"></a><p>HEHALI 1000pcs Multicolor Pom Pom Balls, Assorted Sizes & Colors Pompoms for Arts and Craft Making Decorations</p><p> -25% 0FF </p><p>$8.99</p><a href="https://www.amazon.com/dp/B01MTOWHJH?tag=eloabder-20&linkCode=osi&th=1&psc=1">View Product</a></div><div class="product"><a href="https://www.amazon.com/dp/B0BHSYPBH1?tag=eloabder-20&linkCode=osi&th=1&psc=1"><img src="https://m.media-amazon.com/images/I/51RUOSHbY5L._SL500_.jpg" alt="Product Image"></a><p>Iooleem Multi-Color Pom Poms, 1200pcs Assorted Size & Color, Pom Poms for Arts and Crafts, Pom Pom Balls with Wiggle Eyes in jar, Glitter Pom Poms, Craft Supplies.</p><p> -15% 0FF </p><p>$6.76</p><a href="https://www.amazon.com/dp/B0BHSYPBH1?tag=eloabder-20&linkCode=osi&th=1&psc=1">View Product</a></div>
<div class="product"><a href="https://www.amazon.com/dp/B0B1J8TYT1?tag=eloabder-20&linkCode=osi&th=1&psc=1"><img src="https://m.media-amazon.com/images/I/41NdyrANVlL._SL500_.jpg" alt="Product Image"></a><p>HOTGODEN Medium Weight 100% Cotton Muslin Fabric: 63 inch x 2,5,10 Yards Unbleached Muslin Linen Fabric Material for Sewing Material Apparel Cloth</p><p> -19% 0FF </p><p>$12.99</p><a href="https://www.amazon.com/dp/B0B1J8TYT1?tag=eloabder-20&linkCode=osi&th=1&psc=1">View Product</a></div><div class="product"><a href="https://www.amazon.com/dp/B08GJHYMGN?tag=eloabder-20&linkCode=osi&th=1&psc=1"><img src="https://m.media-amazon.com/images/I/51wD1FT1eeL._SL500_.jpg" alt="Product Image"></a><p>50pcs 8 x 8 inches Multicolor Cotton Fabric Bundle Squares for Quilting Sewing, Precut Fabric Squares for Craft Patchwork</p><p> -14% 0FF </p><p>$13.77</p><a href="https://www.amazon.com/dp/B08GJHYMGN?tag=eloabder-20&linkCode=osi&th=1&psc=1">View Product</a></div><div class="product"><a href="https://www.amazon.com/dp/B0CRBH5FZT?tag=eloabder-20&linkCode=osi&th=1&psc=1"><img src="https://m.media-amazon.com/images/I/41v-8KZCA5L._SL500_.jpg" alt="Product Image"></a><p>Singer Fabric, 100% Cotton, Pink Purple Sunset Solid 5Pc Bundle</p><p> -24% 0FF </p><p>$8.02 ($1.60 / Count)</p><a href="https://www.amazon.com/dp/B0CRBH5FZT?tag=eloabder-20&linkCode=osi&th=1&psc=1">View Product</a></div>
<div class="product"><a href="https://www.amazon.com/dp/B08GCSLV5T?tag=eloabder-20&linkCode=osi&th=1&psc=1"><img src="https://m.media-amazon.com/images/I/51qmNvhzRUS._SL500_.jpg" alt="Product Image"></a><p>Macrame Cord 4mm x 328Yards(984Feet),Natural Cotton Macrame Rope - 3 Strands Twisted Macrame Cotton Cord for Wall Hanging, Plant Hangers, Crafts, Gift Wrapping and Wedding Decorations</p><p> -15% 0FF </p><p>$16.99 ($0.02 / Foot)</p><a href="https://www.amazon.com/dp/B08GCSLV5T?tag=eloabder-20&linkCode=osi&th=1&psc=1">View Product</a></div><div class="product"><a href="https://www.amazon.com/dp/B07XFYVM62?tag=eloabder-20&linkCode=osi&th=1&psc=1"><img src="https://m.media-amazon.com/images/I/51u2PPpSoOL._SL500_.jpg" alt="Product Image"></a><p>Tenn Well 8mm Macrame Cord, 59 Feet 3Ply Twisted Craft Cotton Rope Thick Nautical Rope for Crafts, Wall Hangings, Plant Hangers, Knotting, Rope Basket Making (Beige)</p><p> -33% 0FF </p><p>$9.99 ($0.17 / Foot)</p><a href="https://www.amazon.com/dp/B07XFYVM62?tag=eloabder-20&linkCode=osi&th=1&psc=1">View Product</a></div><div class="product"><a href="https://www.amazon.com/dp/B07GX8B3PC?tag=eloabder-20&linkCode=osi&th=1&psc=1"><img src="https://m.media-amazon.com/images/I/416oClGC4ZL._SL500_.jpg" alt="Product Image"></a><p>Tenn Well 5mm Macrame Cord, 165Feet Braided Cotton Rope Thick Craft Twine for Macrame Plant Hangers, Wall Hangings, Drawstrings, Clothes Lines, DIY Crafts (Beige)</p><p> -31% 0FF </p><p>$8.99 ($0.05 / Foot)</p><a href="https://www.amazon.com/dp/B07GX8B3PC?tag=eloabder-20&linkCode=osi&th=1&psc=1">View Product</a></div>

<div class="product"><a href="https://www.amazon.com/dp/B00178KLEY?tag=eloabder-20&linkCode=osi&th=1&psc=1"><img src="https://m.media-amazon.com/images/I/31wcgL5xRkL._SL500_.jpg" alt="Product Image"></a><p>Aleene's All Purpose Tacky Glue, 8-Ounce</p><p> -30% 0FF </p><p>$2.44 ($0.30 / Fl Oz)</p><a href="https://www.amazon.com/dp/B00178KLEY?tag=eloabder-20&linkCode=osi&th=1&psc=1">View Product</a></div><div class="product"><a href="https://www.amazon.com/dp/B088NN5GD8?tag=eloabder-20&linkCode=osi&th=1&psc=1"><img src="https://m.media-amazon.com/images/I/417dgxV3dfL._SL500_.jpg" alt="Product Image"></a><p>Bearly Art Precision Craft Glue - The Mini - 2fl oz with Tip Kit - Acid Free Archival - Strong Hold Adhesive - Ideal for Fine Paper Crafting Scrapbooking and Card Making - Made in USA</p><p> -13% 0FF </p><p>$12.99 ($6.50 / Fl Oz)</p><a href="https://www.amazon.com/dp/B088NN5GD8?tag=eloabder-20&linkCode=osi&th=1&psc=1">View Product</a></div><div class="product"><a href="https://www.amazon.com/dp/B09BW3G5FY?tag=eloabder-20&linkCode=osi&th=1&psc=1"><img src="https://m.media-amazon.com/images/I/51nUSHqdX-L._SL500_.jpg" alt="Product Image"></a><p>Adtech 05603 Glue Runner Permanent 35 Yards Total - Pack of 3 (4 each), Blue</p><p> -9% 0FF </p><p>$19.96</p><a href="https://www.amazon.com/dp/B09BW3G5FY?tag=eloabder-20&linkCode=osi&th=1&psc=1">View Product</a></div><div class="product"><a href="https://www.amazon.com/dp/B0948WG3KV?tag=eloabder-20&linkCode=osi&th=1&psc=1"><img src="https://m.media-amazon.com/images/I/41Y1CQR-TqL._SL500_.jpg" alt="Product Image"></a><p>ALLFUN 1000 Pieces Clear Glue Points Dots Double Sided Adhesive Removable for Balloons Craft Sticky</p><p> -32% 0FF </p><p>$6.79 ($0.01 / Count)</p><a href="https://www.amazon.com/dp/B0948WG3KV?tag=eloabder-20&linkCode=osi&th=1&psc=1">View Product</a></div>
<div class="product"><a href="https://www.amazon.com/dp/B0CRDH745H?tag=eloabder-20&linkCode=osi&th=1&psc=1"><img src="https://m.media-amazon.com/images/I/4145DgxWb+L._SL500_.jpg" alt="Product Image"></a><p>Gift Bags 8.25"X5.9 "X3.15" 100pcs Brown Paper Bags with Handles,Kraft Paper Bags for Small Business Christmas Bulk Bags, Wedding Party Favor Bags,Shopping Lunch Bags, Halloween Trick-or-Treat (Brown)</p><p> -8% 0FF </p><p>$16.99</p><a href="https://www.amazon.com/dp/B0CRDH745H?tag=eloabder-20&linkCode=osi&th=1&psc=1">View Product</a></div><div class="product"><a href="https://www.amazon.com/dp/B07MLMXNH1?tag=eloabder-20&linkCode=osi&th=1&psc=1"><img src="https://m.media-amazon.com/images/I/31j9z9qZ3mL._SL500_.jpg" alt="Product Image"></a><p>Qutuus Kraft Paper Gift Bags with Handles - 8x4.5x10 25Pcs Brown Shopping Bags for Parties, Favors, Businesses</p><p> -10% 0FF </p><p>$8.99 ($0.36 / Count)</p><a href="https://www.amazon.com/dp/B07MLMXNH1?tag=eloabder-20&linkCode=osi&th=1&psc=1">View Product</a></div><div class="product"><a href="https://www.amazon.com/dp/B07L63T76G?tag=eloabder-20&linkCode=osi&th=1&psc=1"><img src="https://m.media-amazon.com/images/I/412nJkSNUXL._SL500_.jpg" alt="Product Image"></a><p>Juvale 50-Pack Small Brown Gift Bags with Handles - Small Kraft Paper Bags for Birthday, Retail, Crafts (3.5x2.4x7 In)</p><p> -18% 0FF </p><p>$13.99</p><a href="https://www.amazon.com/dp/B07L63T76G?tag=eloabder-20&linkCode=osi&th=1&psc=1">View Product</a></div><div class="product"><a href="https://www.amazon.com/dp/B09Z2N3QKT?tag=eloabder-20&linkCode=osi&th=1&psc=1"><img src="https://m.media-amazon.com/images/I/416VQ3Ke3PL._SL500_.jpg" alt="Product Image"></a><p>Moretoes 40pcs Brown Paper Bags with Handles Assorted Size Gift Bags, Kraft Paper Bags, Paper Shopping Bags, Craft Bags, Merchandise Bags</p><p> -8% 0FF </p><p>$22.99</p><a href="https://www.amazon.com/dp/B09Z2N3QKT?tag=eloabder-20&linkCode=osi&th=1&psc=1">View Product</a></div>
<div class="product"><a href="https://www.amazon.com/dp/B09Z7NYVG9?tag=eloabder-20&linkCode=osi&th=1&psc=1"><img src="https://m.media-amazon.com/images/I/51XjAkleH5L._SL500_.jpg" alt="Product Image"></a><p>Gxueshan 1000 Pcs Acrylic 9 Color Pony Beads 6x9mm Bulk Glow in The Dark for Necklace Friendship Bracelet Making Hair Beads for Braids Kandi Beads</p><p> -36% 0FF </p><p>$6.99</p><a href="https://www.amazon.com/dp/B09Z7NYVG9?tag=eloabder-20&linkCode=osi&th=1&psc=1">View Product</a></div>
<div class="product"><a href="https://www.amazon.com/dp/B000PD0DSG?tag=eloabder-20&linkCode=osi&th=1&psc=1"><img src="https://m.media-amazon.com/images/I/41bsxH8ol7L._SL500_.jpg" alt="Product Image"></a><p>Fiskars 12x18 Inch Cutting Mat (12-83707097J) , Gray</p><p> -54% 0FF </p><p>$10.97</p><a href="https://www.amazon.com/dp/B000PD0DSG?tag=eloabder-20&linkCode=osi&th=1&psc=1">View Product</a></div><div class="product"><a href="https://www.amazon.com/dp/B0C6TGHYC7?tag=eloabder-20&linkCode=osi&th=1&psc=1"><img src="https://m.media-amazon.com/images/I/41FpOZ2suaL._SL500_.jpg" alt="Product Image"></a><p>DIYDEC 12 Pack Basswood Sheets 12 x 8 x 1/13 Inch Thin Plywood Wood Sheets Unfinished Wood Squares Boards Balsa Wood Sheets for Crafts Architectural Models Laser Cutting Wood Burning and Drawing</p><p> -8% 0FF </p><p>$11.99</p><a href="https://www.amazon.com/dp/B0C6TGHYC7?tag=eloabder-20&linkCode=osi&th=1&psc=1">View Product</a></div>
<div class="product"><a href="https://www.amazon.com/dp/1594745250?tag=eloabder-20&linkCode=osi&th=1&psc=1"><img src="https://m.media-amazon.com/images/I/51m6tJZw-uL._SL500_.jpg" alt="Product Image"></a><p>Crafting with Cat Hair: Cute Handicrafts to Make with Your Cat</p><p> -47% 0FF </p><p>$8.01</p><a href="https://www.amazon.com/dp/1594745250?tag=eloabder-20&linkCode=osi&th=1&psc=1">View Product</a></div><div class="product"><a href="https://www.amazon.com/dp/B0BW876C87?tag=eloabder-20&linkCode=osi&th=1&psc=1"><img src="https://m.media-amazon.com/images/I/41J2NOgeokL._SL500_.jpg" alt="Product Image"></a><p>Popotop Photo Album Self Adhesive Scrapbook Album for 4x6 5x7 8x10 Pictures DIY Photo Book,Birthday Gifts for Women Mom,Wedding Baby Family Travel</p><p> -58% 0FF </p><p>$9.98</p><a href="https://www.amazon.com/dp/B0BW876C87?tag=eloabder-20&linkCode=osi&th=1&psc=1">View Product</a></div><div class="product"><a href="https://www.amazon.com/dp/1574215051?tag=eloabder-20&linkCode=osi&th=1&psc=1"><img src="https://m.media-amazon.com/images/I/51vVL4Vf6vL._SL500_.jpg" alt="Product Image"></a><p>Pyrography Basics: Techniques and Exercises for Beginners (Design Originals) Patterns for Woodburning with Skill-Building Step-by-Step Instructions and Advice from Lora Irish on Texture and Layering</p><p> -45% 0FF </p><p>$5.49</p><a href="https://www.amazon.com/dp/1574215051?tag=eloabder-20&linkCode=osi&th=1&psc=1">View Product</a></div>
<div class="product"><a href="https://www.amazon.com/dp/B01CUI384E?tag=eloabder-20&linkCode=osi&th=1&psc=1"><img src="https://m.media-amazon.com/images/I/41rizh5PQFL._SL500_.jpg" alt="Product Image"></a><p>ArtBin 6918AH Twin Top 17 inch Supply Box, Portable Art & Craft Supply Organizer with Handle, [1] Plastic Storage Case, Translucent</p><p> -51% 0FF </p><p>$15.32</p><a href="https://www.amazon.com/dp/B01CUI384E?tag=eloabder-20&linkCode=osi&th=1&psc=1">View Product</a></div><div class="product"><a href="https://www.amazon.com/dp/B08YBYBVX6?tag=eloabder-20&linkCode=osi&th=1&psc=1"><img src="https://m.media-amazon.com/images/I/41G5mV07PnL._SL500_.jpg" alt="Product Image"></a><p>Logix 12535 Translucent Craft Organizer, Art Supply Organizer and Storage, Lockable School Supplies Organization, Moisture Resistant, Made in USA</p><p> -19% 0FF </p><p>$4.98</p><a href="https://www.amazon.com/dp/B08YBYBVX6?tag=eloabder-20&linkCode=osi&th=1&psc=1">View Product</a></div><div class="product"><a href="https://www.amazon.com/dp/B01BPEX7YA?tag=eloabder-20&linkCode=osi&th=1&psc=1"><img src="https://m.media-amazon.com/images/I/31dTR7w0DXL._SL500_.jpg" alt="Product Image"></a><p>ArtBin 6937AG Essentials Lift-Out Tray Box, Portable Art & Craft Organizer with Handle and Tray, Clear/Aqua</p><p> -33% 0FF </p><p>$9.44</p><a href="https://www.amazon.com/dp/B01BPEX7YA?tag=eloabder-20&linkCode=osi&th=1&psc=1">View Product</a></div><div class="product"><a href="https://www.amazon.com/dp/B08DKT4WSY?tag=eloabder-20&linkCode=osi&th=1&psc=1"><img src="https://m.media-amazon.com/images/I/316yo4e1UuL._SL500_.jpg" alt="Product Image"></a><p>BTSKY 2 Layer Stack & Carry Box, Plastic Multipurpose Portable Storage Container Box Handled Organizer Storage Box for Organizing Stationery, Sewing, Art Craft, Jewelry and Beauty Supplies Blue</p><p> -11% 0FF </p><p>$24.99</p><a href="https://www.amazon.com/dp/B08DKT4WSY?tag=eloabder-20&linkCode=osi&th=1&psc=1">View Product</a></div>
<div class="product"><a href="https://www.amazon.com/dp/B08WX1ZVQD?tag=eloabder-20&linkCode=osi&th=1&psc=1"><img src="https://m.media-amazon.com/images/I/51U7X2OJFAL._SL500_.jpg" alt="Product Image"></a><p>Premium 100 Pcs Resin Sewing Buttons, Eco-Friendly 4-Hole Craft Buttons, 5 Sizes of Black Round Mixed Buttons Suitable for Sewing, DIY and Holiday Decoration</p><p> -54% 0FF </p><p>$5.98</p><a href="https://www.amazon.com/dp/B08WX1ZVQD?tag=eloabder-20&linkCode=osi&th=1&psc=1">View Product</a></div>
<div class="product"><a href="https://www.amazon.com/dp/B075NYWF5P?tag=eloabder-20&linkCode=osi&th=1&psc=1"><img src="https://m.media-amazon.com/images/I/51IoM9rBW1L._SL500_.jpg" alt="Product Image"></a><p>Firbon A4 Paper Cutter 12 Inch Titanium Paper Trimmer Scrapbooking Tool with Automatic Security Safeguard and Side Ruler for Craft Paper, Coupon, Label and Cardstock (Black)</p><p> -39% 0FF </p><p>$10.99</p><a href="https://www.amazon.com/dp/B075NYWF5P?tag=eloabder-20&linkCode=osi&th=1&psc=1">View Product</a></div><div class="product"><a href="https://www.amazon.com/dp/B07BKYH2G5?tag=eloabder-20&linkCode=osi&th=1&psc=1"><img src="https://m.media-amazon.com/images/I/31emK9wKwhL._SL500_.jpg" alt="Product Image"></a><p>45mm Rotary Cutter with 5pcs Extra Blades, Ergonomic Handle Rolling Cutter with Safety Lock for Fabric, Leather, Crafting, Sewing, Quilting, Fabric Rotary Cutter Perfect for Left & Right Hand(Pink)</p><p> -41% 0FF </p><p>$9.99</p><a href="https://www.amazon.com/dp/B07BKYH2G5?tag=eloabder-20&linkCode=osi&th=1&psc=1">View Product</a></div><div class="product"><a href="https://www.amazon.com/dp/B0C8BRB3RH?tag=eloabder-20&linkCode=osi&th=1&psc=1"><img src="https://m.media-amazon.com/images/I/41IwAR4t6FL._SL500_.jpg" alt="Product Image"></a><p>Fiskars 45mm Rotary Cutter for Fabric - Premium Stick Rotary Cutter - Craft Supplies - Crafts, Sewing, and Quilting Projects - White</p><p> -48% 0FF </p><p>$10.98</p><a href="https://www.amazon.com/dp/B0C8BRB3RH?tag=eloabder-20&linkCode=osi&th=1&psc=1">View Product</a></div>
<div class="product"><a href="https://www.amazon.com/dp/B0D7J5HNXQ?tag=eloabder-20&linkCode=osi&th=1&psc=1"><img src="https://m.media-amazon.com/images/I/51kM77Z-7-L._SL500_.jpg" alt="Product Image"></a><p>Tinyspool & Co. Jelly Roll Fabric Strips for Quilting, Crafting, and Sewing, 40 Strip Assorted Bundle, Soft Cotton for Blanket, Rug, Upholstery, Home Decor, and Purse Making, Fall is Here</p><p> -20% 0FF </p><p>$27.99</p><a href="https://www.amazon.com/dp/B0D7J5HNXQ?tag=eloabder-20&linkCode=osi&th=1&psc=1">View Product</a></div>
<div class="product"><a href="https://www.amazon.com/dp/B0BXJB2NTY?tag=eloabder-20&linkCode=osi&th=1&psc=1"><img src="https://m.media-amazon.com/images/I/51z2B9dVEnL._SL500_.jpg" alt="Product Image"></a><p>Soarer Colorful Craft Rooster Feathers - 300pcs 3-5inch Colored Feathers Bulk for Kindergarten DIY Crafts,Wedding Home Party Decorations,Dream Catcher Supplies(Rooster Colorful)</p><p> -22% 0FF </p><p>$6.99</p><a href="https://www.amazon.com/dp/B0BXJB2NTY?tag=eloabder-20&linkCode=osi&th=1&psc=1">View Product</a></div><div class="product"><a href="https://www.amazon.com/dp/B06VWKVZH1?tag=eloabder-20&linkCode=osi&th=1&psc=1"><img src="https://m.media-amazon.com/images/I/51u4jX7ycdL._SL500_.jpg" alt="Product Image"></a><p>Coceca 300pcs Colorful Feathers 3-5 Inches Bulk Feathers Assorted Colors for Crafts DIY, Art Projects, Party Decorations, Dream Catchers</p><p> -36% 0FF </p><p>$6.99 ($0.02 / Count)</p><a href="https://www.amazon.com/dp/B06VWKVZH1?tag=eloabder-20&linkCode=osi&th=1&psc=1">View Product</a></div>
<div class="product"><a href="https://www.amazon.com/dp/B089DPDYKV?tag=eloabder-20&linkCode=osi&th=1&psc=1"><img src="https://m.media-amazon.com/images/I/51L58by1dXL._SL500_.jpg" alt="Product Image"></a><p>Better Office Products 100 Pack EVA Foam Sheets, 5.5 x 8.5 Inch, Assorted Colors (20 Colors), 2mm Thick, for Arts and Crafts, 100 Sheets</p><p> -22% 0FF </p><p>$13.99 ($0.14 / Count)</p><a href="https://www.amazon.com/dp/B089DPDYKV?tag=eloabder-20&linkCode=osi&th=1&psc=1">View Product</a></div><div class="product"><a href="https://www.amazon.com/dp/B08YXYN327?tag=eloabder-20&linkCode=osi&th=1&psc=1"><img src="https://m.media-amazon.com/images/I/41VfV+-ZFTL._SL500_.jpg" alt="Product Image"></a><p>EVA Foam Cosplay - 2mm (1mm to 10mm) - Black or White - 14" x 39" Sheet - Ultra High Density Craft Foam 85 kg/m3 - by The Foamory</p><p> -17% 0FF </p><p>$14.99</p><a href="https://www.amazon.com/dp/B08YXYN327?tag=eloabder-20&linkCode=osi&th=1&psc=1">View Product</a></div><div class="product"><a href="https://www.amazon.com/dp/B07BPRHWL5?tag=eloabder-20&linkCode=osi&th=1&psc=1"><img src="https://m.media-amazon.com/images/I/317FYGugGnL._SL500_.jpg" alt="Product Image"></a><p>6 Pack 12x12-Inch Round Foam Circles for Crafts, 1" Thick, for DIY Projects, Decorations (White)</p><p> -12% 0FF </p><p>$22.99</p><a href="https://www.amazon.com/dp/B07BPRHWL5?tag=eloabder-20&linkCode=osi&th=1&psc=1">View Product</a></div>
<div class="product"><a href="https://www.amazon.com/dp/B001683NAO?tag=eloabder-20&linkCode=osi&th=1&psc=1"><img src="https://m.media-amazon.com/images/I/31cwr-m138L._SL500_.jpg" alt="Product Image"></a><p>BEACON 3-in-1 Advanced Craft Glue - Fast-Drying, Crystal Clear Adhesive for Wood, Ceramics, Fabrics, and More, 4-Ounce</p><p> -18% 0FF </p><p>$8.99 ($2.25 / Fl Oz)</p><a href="https://www.amazon.com/dp/B001683NAO?tag=eloabder-20&linkCode=osi&th=1&psc=1">View Product</a></div><div class="product"><a href="https://www.amazon.com/dp/B000HWY6EM?tag=eloabder-20&linkCode=osi&th=1&psc=1"><img src="https://m.media-amazon.com/images/I/41-SNkQTUaL._SL500_.jpg" alt="Product Image"></a><p>Mod Podge Matte Sealer, Glue & Finish: All-in-One Craft Solution- Quick Dry, Easy Clean, for Wood, Paper, Fabric & More. Non-Toxic - Craft with Confidence, Made in USA, 8 oz., Pack of 1</p><p> -35% 0FF </p><p>$3.98 ($0.50 / Fl Oz)</p><a href="https://www.amazon.com/dp/B000HWY6EM?tag=eloabder-20&linkCode=osi&th=1&psc=1">View Product</a></div><div class="product"><a href="https://www.amazon.com/dp/B07X1SJPSZ?tag=eloabder-20&linkCode=osi&th=1&psc=1"><img src="https://m.media-amazon.com/images/I/61EOLdPbKxL._SL500_.jpg" alt="Product Image"></a><p>E6000 237032 Craft Adhesive, 2 fl oz Clear, 2 Pack</p><p> -49% 0FF </p><p>$8.58 ($2.14 / Fl Oz)</p><a href="https://www.amazon.com/dp/B07X1SJPSZ?tag=eloabder-20&linkCode=osi&th=1&psc=1">View Product</a></div><div class="product"><a href="https://www.amazon.com/dp/B000LNR27U?tag=eloabder-20&linkCode=osi&th=1&psc=1"><img src="https://m.media-amazon.com/images/I/41SoXYVTzvL._SL500_.jpg" alt="Product Image"></a><p>Elmer's Craft Bond Tacky Glue, 4 oz, Clear</p><p> -20% 0FF </p><p>$6.49 ($1.62 / Fl Oz)</p><a href="https://www.amazon.com/dp/B000LNR27U?tag=eloabder-20&linkCode=osi&th=1&psc=1">View Product</a></div>
<div class="product"><a href="https://www.amazon.com/dp/B0BWMPGFVL?tag=eloabder-20&linkCode=osi&th=1&psc=1"><img src="https://m.media-amazon.com/images/I/61gMu32RzEL._SL500_.jpg" alt="Product Image"></a><p>Dowsabel Clay Beads Bracelet Making Kit for Beginner, 5000 Pcs Preppy Polymer Clay Beads with Charms Kit for Jewelry Making, DIY Arts and Crafts Birthday Gifts Toys for Kids Age 6-13</p><p> -65% 0FF </p><p>$6.98 ($0.00 / Count)</p><a href="https://www.amazon.com/dp/B0BWMPGFVL?tag=eloabder-20&linkCode=osi&th=1&psc=1">View Product</a></div><div class="product"><a href="https://www.amazon.com/dp/B09X1YX59W?tag=eloabder-20&linkCode=osi&th=1&psc=1"><img src="https://m.media-amazon.com/images/I/61Cr68venIL._SL500_.jpg" alt="Product Image"></a><p>Hula Home Stained Glass Mandala Art Kit - DIY Window Clings with Markers, 10 Suncatchers - Perfect Hobby for Adults, Kids, Teens & Seniors - Ideal Gift for Beginners, Women & Elderly</p><p> -36% 0FF </p><p>$15.99</p><a href="https://www.amazon.com/dp/B09X1YX59W?tag=eloabder-20&linkCode=osi&th=1&psc=1">View Product</a></div><div class="product"><a href="https://www.amazon.com/dp/B09KGBWF4M?tag=eloabder-20&linkCode=osi&th=1&psc=1"><img src="https://m.media-amazon.com/images/I/615WTC7aH4L._SL500_.jpg" alt="Product Image"></a><p>Craft Culture Beginners Wood Burning Kit for Kids and Teenage Boys & Girls Cool Gifts for Boy or Girl Craft Projects Gift Idea for Older Children Teen Woodburning DIY Hobby Kits Art Crafts Activities</p><p> -20% 0FF </p><p>$39.99</p><a href="https://www.amazon.com/dp/B09KGBWF4M?tag=eloabder-20&linkCode=osi&th=1&psc=1">View Product</a></div><div class="product"><a href="https://www.amazon.com/dp/B0BK35RMN4?tag=eloabder-20&linkCode=osi&th=1&psc=1"><img src="https://m.media-amazon.com/images/I/513JTylDEHL._SL500_.jpg" alt="Product Image"></a><p>WATHFKCU 4 Sets DIY Glass Mosaic Tiles for Crafts,Mixed Color Mosaic Kits with Wooden Coaster for Adults,Mosaic Crafts Materials Package for Coaster Handmade Home Decor Gifts</p><p> -15% 0FF </p><p>$22.99</p><a href="https://www.amazon.com/dp/B0BK35RMN4?tag=eloabder-20&linkCode=osi&th=1&psc=1">View Product</a></div><div class="product"><a href="https://www.amazon.com/dp/B0CGD74KX7?tag=eloabder-20&linkCode=osi&th=1&psc=1"><img src="https://m.media-amazon.com/images/I/51rNpMlv3wL._SL500_.jpg" alt="Product Image"></a><p>Shimmer Markers Outline Double Line: 12 Colors Metallic Glitter Pens Set Sparkle Kid Age 4 8 10 14 Year Old Gift Present Doodle Drawing Supplies Art Craft Tween Teen Girl Christmas Stocking Stuffers</p><p> -17% 0FF </p><p>$9.99</p><a href="https://www.amazon.com/dp/B0CGD74KX7?tag=eloabder-20&linkCode=osi&th=1&psc=1">View Product</a></div><div class="product"><a href="https://www.amazon.com/dp/B09LVDT4QK?tag=eloabder-20&linkCode=osi&th=1&psc=1"><img src="https://m.media-amazon.com/images/I/41CaNa9XKLL._SL500_.jpg" alt="Product Image"></a><p>DOODLE HOG Polymer Clay Earring Making Kit, Gift for Teens and Adults, Make 12 Earrings, Jewelry Making Supplies for Kids and Adults - Arts and Crafts for Kids Ages 12+ Girls</p><p> -35% 0FF </p><p>$12.99</p><a href="https://www.amazon.com/dp/B09LVDT4QK?tag=eloabder-20&linkCode=osi&th=1&psc=1">View Product</a></div><div class="product"><a href="https://www.amazon.com/dp/B0BS4BVG3M?tag=eloabder-20&linkCode=osi&th=1&psc=1"><img src="https://m.media-amazon.com/images/I/61r89vPgOtL._SL500_.jpg" alt="Product Image"></a><p>2774pcs Gem Stickers Jewels for Crafts - Self Adhesive Rhinestone Jewel Stickers, Stick on Gems Rhinestones for Crafts, Acrylic Bling Heart Stickers, Craft Supplies for Kids</p><p> -29% 0FF </p><p>$8.97</p><a href="https://www.amazon.com/dp/B0BS4BVG3M?tag=eloabder-20&linkCode=osi&th=1&psc=1">View Product</a></div>
<div class="product"><a href="https://www.amazon.com/dp/B001A42CTW?tag=eloabder-20&linkCode=osi&th=1&psc=1"><img src="https://m.media-amazon.com/images/I/31TZjc3LZUL._SL500_.jpg" alt="Product Image"></a><p>Fiskars SoftGrip Detail Craft Knife - 8" Exacto Knife for Crafting - Multi-Use Exacto Blade Included with Protective Cover</p><p> -25% 0FF </p><p>$5.97</p><a href="https://www.amazon.com/dp/B001A42CTW?tag=eloabder-20&linkCode=osi&th=1&psc=1">View Product</a></div><div class="product"><a href="https://www.amazon.com/dp/B07G9PKH9H?tag=eloabder-20&linkCode=osi&th=1&psc=1"><img src="https://m.media-amazon.com/images/I/31f5z1IyHaL._SL500_.jpg" alt="Product Image"></a><p>Cricut TrueControl Knife Kit - For Use As a Precision Knife, Craft knife, Carving Knife and Hobby Knife - For Art, Scrapbooking, Stencils, and DIY Projects - Comes With 5 Spare Blades - [Blue]</p><p> -50% 0FF </p><p>$9.49 ($9.49 / Count)</p><a href="https://www.amazon.com/dp/B07G9PKH9H?tag=eloabder-20&linkCode=osi&th=1&psc=1">View Product</a></div>
<div class="product"><a href="https://www.amazon.com/dp/B07M6CDS77?tag=eloabder-20&linkCode=osi&th=1&psc=1"><img src="https://m.media-amazon.com/images/I/51Om2onDSZL._SL500_.jpg" alt="Product Image"></a><p>COO&KOO Charm Bracelet Making Kit, A Unicorn Girls Toy That Inspires Creativity and Imagination, Crafts for Ages 8-12 with Jewelry Making & Art Kit Perfect Gifts, Self-Expression!</p><p> -43% 0FF </p><p>$16.99</p><a href="https://www.amazon.com/dp/B07M6CDS77?tag=eloabder-20&linkCode=osi&th=1&psc=1">View Product</a></div><div class="product"><a href="https://www.amazon.com/dp/B0932TB3Z6?tag=eloabder-20&linkCode=osi&th=1&psc=1"><img src="https://m.media-amazon.com/images/I/617ElT9g-7L._SL500_.jpg" alt="Product Image"></a><p>Made By Me Ultimate Bead Pets by Horizon Group USA, Bead Pets Crafts for Kids, Includes Over 1400 Beads, Cording, Keychains & Carabiner Clips, Design Templates, Storage Cases & More</p><p> -5% 0FF </p><p>$20.81</p><a href="https://www.amazon.com/dp/B0932TB3Z6?tag=eloabder-20&linkCode=osi&th=1&psc=1">View Product</a></div><div class="product"><a href="https://www.amazon.com/dp/B0BZHX7HP9?tag=eloabder-20&linkCode=osi&th=1&psc=1"><img src="https://m.media-amazon.com/images/I/61qd1GFIZiL._SL500_.jpg" alt="Product Image"></a><p>Paodey 20,000 Pcs Clay Beads Bracelet Making Kit, 120 Colors 6 Boxes Polymer Beads Spacer Heishi Beads & Jewelry Kit with Pendant Charms Elastic Strings, Crafts Gift for Kids Adults</p><p> -33% 0FF </p><p>$19.99</p><a href="https://www.amazon.com/dp/B0BZHX7HP9?tag=eloabder-20&linkCode=osi&th=1&psc=1">View Product</a></div><div class="product"><a href="https://www.amazon.com/dp/B0895MW2C9?tag=eloabder-20&linkCode=osi&th=1&psc=1"><img src="https://m.media-amazon.com/images/I/61SQh61RDwL._SL500_.jpg" alt="Product Image"></a><p>Charm Bracelet Making Kit,Jewelry Making Supplies Beads,Unicorn/Mermaid Crafts Gifts Set for Girls Teens Age 6-12</p><p> -43% 0FF </p><p>$16.96</p><a href="https://www.amazon.com/dp/B0895MW2C9?tag=eloabder-20&linkCode=osi&th=1&psc=1">View Product</a></div><div class="product"><a href="https://www.amazon.com/dp/0545703190?tag=eloabder-20&linkCode=osi&th=1&psc=1"><img src="https://m.media-amazon.com/images/I/51TP-RXeg0L._SL500_.jpg" alt="Product Image"></a><p>Klutz Mini Pom-Pom Pets 8" Length x 1.25" Width x 9" Height</p><p> -10% 0FF </p><p>$17.99</p><a href="https://www.amazon.com/dp/0545703190?tag=eloabder-20&linkCode=osi&th=1&psc=1">View Product</a></div><div class="product"><a href="https://www.amazon.com/dp/B07TBJSZFH?tag=eloabder-20&linkCode=osi&th=1&psc=1"><img src="https://m.media-amazon.com/images/I/51NVC4bdfvL._SL500_.jpg" alt="Product Image"></a><p>FUNZBO Arts and Crafts Supplies for Kids - Craft Kit with Glitter Glue Stick, Pipe Cleaners Craft & Craft Tools, DIY School Supplies Kit, Girls Toys, Gifts for Girls and Boys Age 4+</p><p> -20% 0FF </p><p>$15.98</p><a href="https://www.amazon.com/dp/B07TBJSZFH?tag=eloabder-20&linkCode=osi&th=1&psc=1">View Product</a></div>
<div class="product"><a href="https://www.amazon.com/dp/B0116VGHLW?tag=eloabder-20&linkCode=osi&th=1&psc=1"><img src="https://m.media-amazon.com/images/I/41sV-drwy7L._SL500_.jpg" alt="Product Image"></a><p>G2PLUS Kraft Paper Gift Tags with String,100PCS Blank Gift Tags,Christmas Gift Tags,Holiday Hangtags for Art&Craft,Gift Wrapping,Halloween(2'' x 4'')</p><p> -29% 0FF </p><p>$4.99 ($0.05 / Count)</p><a href="https://www.amazon.com/dp/B0116VGHLW?tag=eloabder-20&linkCode=osi&th=1&psc=1">View Product</a></div><div class="product"><a href="https://www.amazon.com/dp/B076CL8JMB?tag=eloabder-20&linkCode=osi&th=1&psc=1"><img src="https://m.media-amazon.com/images/I/41rBOccjjXL._SL500_.jpg" alt="Product Image"></a><p>SallyFashion 200pcs Kraft Paper Gift Tags with Free 200 Root Natural Jute Twine, Blank Gift Bags Tags Price Tags（Brown Water Ripple）</p><p> -9% 0FF </p><p>$4.99 ($0.02 / Count)</p><a href="https://www.amazon.com/dp/B076CL8JMB?tag=eloabder-20&linkCode=osi&th=1&psc=1">View Product</a></div>
<div class="product"><a href="https://www.amazon.com/dp/B07XDC7FP9?tag=eloabder-20&linkCode=osi&th=1&psc=1"><img src="https://m.media-amazon.com/images/I/41JKgogWT9L._SL500_.jpg" alt="Product Image"></a><p>Magnetic Dots - Self Adhesive Magnet Dots (0.8" x 0.8") - Classroom Must Have Peel & Stick Magnetic Circles - Flexible Sticky Magnets - Sheets is Alternative, Stickers, Strip, Magnetic Tape (120 Pcs)</p><p> -13% 0FF </p><p>$13.99</p><a href="https://www.amazon.com/dp/B07XDC7FP9?tag=eloabder-20&linkCode=osi&th=1&psc=1">View Product</a></div><div class="product"><a href="https://www.amazon.com/dp/B09BBHBZMG?tag=eloabder-20&linkCode=osi&th=1&psc=1"><img src="https://m.media-amazon.com/images/I/51kT5DaZIPL._SL500_.jpg" alt="Product Image"></a><p>Mr. Pen- Adhesive Magnetic Sheets, 4" x 6", 10 Pack, with Adhesive Backing, Flexible Picture Magnets, Cuttable Magnetic Sheets.</p><p> -41% 0FF </p><p>$5.85</p><a href="https://www.amazon.com/dp/B09BBHBZMG?tag=eloabder-20&linkCode=osi&th=1&psc=1">View Product</a></div><div class="product"><a href="https://www.amazon.com/dp/B09WCXS3NV?tag=eloabder-20&linkCode=osi&th=1&psc=1"><img src="https://m.media-amazon.com/images/I/51jUQGCcMPL._SL500_.jpg" alt="Product Image"></a><p>DIYMAG Magnetic Adhesive Sheets, |4" x 6"|, 10 Pack Cuttable, Flexible magnet sheets with adhesive for Crafts, Photos, Easy Peel and Stick</p><p> -10% 0FF </p><p>$5.38 ($0.54 / Count)</p><a href="https://www.amazon.com/dp/B09WCXS3NV?tag=eloabder-20&linkCode=osi&th=1&psc=1">View Product</a></div><div class="product"><a href="https://www.amazon.com/dp/B07V4STWPV?tag=eloabder-20&linkCode=osi&th=1&psc=1"><img src="https://m.media-amazon.com/images/I/51g56RBuH8L._SL500_.jpg" alt="Product Image"></a><p>Magnetic Sheets with Adhesive Backing - Each 4" x 6" - Flexible Magnetic Paper with Strong Self Adhesive - Sticky Magnet Sheets for Photo and Picture Magnets, Stickers and Other Craft Magnets</p><p> -33% 0FF </p><p>$5.99</p><a href="https://www.amazon.com/dp/B07V4STWPV?tag=eloabder-20&linkCode=osi&th=1&psc=1">View Product</a></div><div class="product"><a href="https://www.amazon.com/dp/B0D6R56J5T?tag=eloabder-20&linkCode=osi&th=1&psc=1"><img src="https://m.media-amazon.com/images/I/51tODUxLo4L._SL500_.jpg" alt="Product Image"></a><p>96pcs Craft Magnets Glass w Adhesive Backing and Transparent Clear Glass Cabochons DIY Craft Fridge Magnets for Whiteboard Refrigerator(Round, 48 Sets,1-Inch)</p><p> -17% 0FF </p><p>$9.99 ($0.10 / Count)</p><a href="https://www.amazon.com/dp/B0D6R56J5T?tag=eloabder-20&linkCode=osi&th=1&psc=1">View Product</a></div><div class="product"><a href="https://www.amazon.com/dp/B07V3SRKFW?tag=eloabder-20&linkCode=osi&th=1&psc=1"><img src="https://m.media-amazon.com/images/I/51HyHWF+PVL._SL500_.jpg" alt="Product Image"></a><p>Magnetic Sheets with Adhesive Backing - Each 4" x 6" - Flexible Magnetic Paper with Strong Self Adhesive - Sticky Magnet Sheets for Photo and Picture Magnets, Stickers and Other Craft Magnets</p><p> -38% 0FF </p><p>$4.99</p><a href="https://www.amazon.com/dp/B07V3SRKFW?tag=eloabder-20&linkCode=osi&th=1&psc=1">View Product</a></div>
<div class="product"><a href="https://www.amazon.com/dp/B0CP48JPCH?tag=eloabder-20&linkCode=osi&th=1&psc=1"><img src="https://m.media-amazon.com/images/I/51-IkKBja0L._SL500_.jpg" alt="Product Image"></a><p>ARTISTRO Acrylic Paint Pens, Acrylic Paint Markers, Fabric Markers for Textile, Canvas, Rock, Glass, Wood, Paper, DIY, Paint Markers for Kids and Adults (Dual Tip Dot + Fine, 24)</p><p> -50% 0FF </p><p>$9.99 ($0.42 / Count)</p><a href="https://www.amazon.com/dp/B0CP48JPCH?tag=eloabder-20&linkCode=osi&th=1&psc=1">View Product</a></div><div class="product"><a href="https://www.amazon.com/dp/B0891WKPN3?tag=eloabder-20&linkCode=osi&th=1&psc=1"><img src="https://m.media-amazon.com/images/I/51qPnBJt4QL._SL500_.jpg" alt="Product Image"></a><p>Caliart 34 Double Tip Brush Pens Art Markers, Aesthetic Cute Preppy Stuff School Supplies, Artist Fine & Brush Pen Coloring Markers for Kids Adult Book Cards Drawing Craft Kit Teacher Office Supplies</p><p> -33% 0FF </p><p>$9.99</p><a href="https://www.amazon.com/dp/B0891WKPN3?tag=eloabder-20&linkCode=osi&th=1&psc=1">View Product</a></div><div class="product"><a href="https://www.amazon.com/dp/B073XHP9N2?tag=eloabder-20&linkCode=osi&th=1&psc=1"><img src="https://m.media-amazon.com/images/I/519tKwqmbtL._SL500_.jpg" alt="Product Image"></a><p>Shuttle Art 51 Colors Dual Tip Alcohol Based Art Markers, 50 Colors plus 1 Blender Permanent Marker Pens Highlighters with Case Perfect for Illustration Adult Coloring Sketching and Card Making…</p><p> -28% 0FF </p><p>$25.99</p><a href="https://www.amazon.com/dp/B073XHP9N2?tag=eloabder-20&linkCode=osi&th=1&psc=1">View Product</a></div><div class="product"><a href="https://www.amazon.com/dp/B0BXPTLMRW?tag=eloabder-20&linkCode=osi&th=1&psc=1"><img src="https://m.media-amazon.com/images/I/51NWNk2VHnL._SL500_.jpg" alt="Product Image"></a><p>Peablce Art Markers Brush Pen, 32 Colored Pens Fine Point Highlighter Pen & Brush for Adult Kids Coloring Journaling Note Taking Planner</p><p> -36% 0FF </p><p>$6.39</p><a href="https://www.amazon.com/dp/B0BXPTLMRW?tag=eloabder-20&linkCode=osi&th=1&psc=1">View Product</a></div><div class="product"><a href="https://www.amazon.com/dp/B0CPMFV2ZF?tag=eloabder-20&linkCode=osi&th=1&psc=1"><img src="https://m.media-amazon.com/images/I/51rnUOzj7oL._SL500_.jpg" alt="Product Image"></a><p>Sharpie Acrylic Creative Markers, Bullet Tip, Vibrant Assorted Colors, Non-Bleeding Water-Based Ink, Pack of 12</p><p> -19% 0FF </p><p>$14.90</p><a href="https://www.amazon.com/dp/B0CPMFV2ZF?tag=eloabder-20&linkCode=osi&th=1&psc=1">View Product</a></div>
<div class="product"><a href="https://www.amazon.com/dp/B07XFJ5YKN?tag=eloabder-20&linkCode=osi&th=1&psc=1"><img src="https://m.media-amazon.com/images/I/31IiXY7q0uL._SL500_.jpg" alt="Product Image"></a><p>3 Pack Silicone mat Large Silicone Sheets for Crafts, Liquid, Resin Jewelry Casting Molds Mat, Silicone Placemat 15.7” x 11.8” (Blue & Rose Red & Green)</p><p> -33% 0FF </p><p>$7.99 ($2.66 / Count)</p><a href="https://www.amazon.com/dp/B07XFJ5YKN?tag=eloabder-20&linkCode=osi&th=1&psc=1">View Product</a></div>
<div class="product"><a href="https://www.amazon.com/dp/B0CYZC3TCM?tag=eloabder-20&linkCode=osi&th=1&psc=1"><img src="https://m.media-amazon.com/images/I/41vBPX7IX9L._SL500_.jpg" alt="Product Image"></a><p>Vanhench 36"x 2520" (210') Brown Kraft Paper Roll, Craft Paper, Wrapping Paper for Bulletin Board Paper Roll Art Craft Bouquet Flower Table Covering Poster Packing Shipping Moving Supplies 70GSM 55LB</p><p> -17% 0FF </p><p>$29.98 ($0.05 / Sq Ft)</p><a href="https://www.amazon.com/dp/B0CYZC3TCM?tag=eloabder-20&linkCode=osi&th=1&psc=1">View Product</a></div><div class="product"><a href="https://www.amazon.com/dp/B01HZMQJ8C?tag=eloabder-20&linkCode=osi&th=1&psc=1"><img src="https://m.media-amazon.com/images/I/41CQa4BxU7L._SL500_.jpg" alt="Product Image"></a><p>Colorations Art Paper, 9" x 12" Painting & Craft Paper, Finger Paints, Watercolor, Tempera, Drawing, Art Room & Homeschool Crafts 100 sheets</p><p> -6% 0FF </p><p>$14.99 ($0.15 / Count)</p><a href="https://www.amazon.com/dp/B01HZMQJ8C?tag=eloabder-20&linkCode=osi&th=1&psc=1">View Product</a></div>
<div class="product"><a href="https://www.amazon.com/dp/B08WHP8FX1?tag=eloabder-20&linkCode=osi&th=1&psc=1"><img src="https://m.media-amazon.com/images/I/51G7adQRmcL._SL500_.jpg" alt="Product Image"></a><p>Apple Barrel Acrylic Craft Paint Set, Matte Finish, Set of 8, 8 Fl Oz (Pack of 8), Assorted</p><p> -17% 0FF </p><p>$22.39 ($0.35 / Fl Oz)</p><a href="https://www.amazon.com/dp/B08WHP8FX1?tag=eloabder-20&linkCode=osi&th=1&psc=1">View Product</a></div><div class="product"><a href="https://www.amazon.com/dp/B08RYRW7SP?tag=eloabder-20&linkCode=osi&th=1&psc=1"><img src="https://m.media-amazon.com/images/I/51NgwH3pVpL._SL500_.jpg" alt="Product Image"></a><p>Shuttle Art Acrylic Paint Set, 25 Vintage Colours Acrylic Paints, 2oz/60ml Bottles, Rich Pigmented, Premium Acrylic Paints for Artists, Beginners and Kids on Rocks Crafts Canvas Wood Ceramic</p><p> -20% 0FF </p><p>$19.99 ($0.40 / Fl Oz)</p><a href="https://www.amazon.com/dp/B08RYRW7SP?tag=eloabder-20&linkCode=osi&th=1&psc=1">View Product</a></div>
<div class="product"><a href="https://www.amazon.com/dp/B08C5LKG4L?tag=eloabder-20&linkCode=osi&th=1&psc=1"><img src="https://m.media-amazon.com/images/I/510He-DL-US._SL500_.jpg" alt="Product Image"></a><p>12pcs Craft Hole Punch Shapes Set,Small Paper Puncher for Kids,Single Crafting Scrapbook Punches,Star,Butterfly,Leaf,Christmas Tree.Heart,Tag stamp Cards Mini Cutter Nail Arts crafts Punchers Supplies</p><p> -41% 0FF </p><p>$9.99</p><a href="https://www.amazon.com/dp/B08C5LKG4L?tag=eloabder-20&linkCode=osi&th=1&psc=1">View Product</a></div><div class="product"><a href="https://www.amazon.com/dp/B08VHGLBPT?tag=eloabder-20&linkCode=osi&th=1&psc=1"><img src="https://m.media-amazon.com/images/I/31UvXlbVq7L._SL500_.jpg" alt="Product Image"></a><p>QIQQIKIN Paper Corner Rounder 3 in 1 （R4mm+R7mm+R10mm）， Punches for Crafts， Cutter ，Envelope Punch Board ，Hole Puncher， Laminate, DIY Projects, Photo Cutter,Card Making Scrapbooking and Journaling</p><p> -54% 0FF </p><p>$5.99</p><a href="https://www.amazon.com/dp/B08VHGLBPT?tag=eloabder-20&linkCode=osi&th=1&psc=1">View Product</a></div>
<div class="product"><a href="https://www.amazon.com/dp/B08722TFPH?tag=eloabder-20&linkCode=osi&th=1&psc=1"><img src="https://m.media-amazon.com/images/I/51DqPIU5lcL._SL500_.jpg" alt="Product Image"></a><p>LIUYAXI 20 Colors 100 Yard Satin Ribbon Fabric Ribbon Silk Ribbon Assorted Colors Rolls, 2/5" Wide 5 Yard/Roll, Ribbons Perfect for Gift Wrapping,Crafts, Hair Bows, Wedding Party Decoration and More</p><p> -20% 0FF </p><p>$6.39 ($0.02 / Foot)</p><a href="https://www.amazon.com/dp/B08722TFPH?tag=eloabder-20&linkCode=osi&th=1&psc=1">View Product</a></div><div class="product"><a href="https://www.amazon.com/dp/B09VD664SF?tag=eloabder-20&linkCode=osi&th=1&psc=1"><img src="https://m.media-amazon.com/images/I/416ujI6fREL._SL500_.jpg" alt="Product Image"></a><p>YASEO 1 Inch Champaign Gold Solid Satin Ribbon, 50 Yards Craft Fabric Ribbon for Gift Wrapping Floral Bouquets Wedding Party Decoration</p><p> -15% 0FF </p><p>$6.79 ($0.05 / Foot)</p><a href="https://www.amazon.com/dp/B09VD664SF?tag=eloabder-20&linkCode=osi&th=1&psc=1">View Product</a></div><div class="product"><a href="https://www.amazon.com/dp/B0999BWTRD?tag=eloabder-20&linkCode=osi&th=1&psc=1"><img src="https://m.media-amazon.com/images/I/31y0rlK1bIL._SL500_.jpg" alt="Product Image"></a><p>Vitalizart Handmade Chiffon Silk Ribbon Fringe Green & Cream 1.5" x 21 Yd Frayed Edges Ribbons for Wedding Invitations Bridal Bouquets Gifts Wrapping Crafts Holiday Party Decorations</p><p> -21% 0FF </p><p>$14.99 ($0.24 / Foot)</p><a href="https://www.amazon.com/dp/B0999BWTRD?tag=eloabder-20&linkCode=osi&th=1&psc=1">View Product</a></div><div class="product"><a href="https://www.amazon.com/dp/B0CS59KQ52?tag=eloabder-20&linkCode=osi&th=1&psc=1"><img src="https://m.media-amazon.com/images/I/41JGsqqFc0L._SL500_.jpg" alt="Product Image"></a><p>Ribbli Pink Satin Ribbon 3/8 Inch x 4 Rolls Total 40 Yards- White/Light Pink/Pink/Hot Pink Ribbon for Gift Wrapping Craft Wedding Decoration</p><p> -29% 0FF </p><p>$9.99 ($0.08 / Foot)</p><a href="https://www.amazon.com/dp/B0CS59KQ52?tag=eloabder-20&linkCode=osi&th=1&psc=1">View Product</a></div>
<div class="product"><a href="https://www.amazon.com/dp/B07FDV6NN3?tag=eloabder-20&linkCode=osi&th=1&psc=1"><img src="https://m.media-amazon.com/images/I/41cwit3vbXL._SL500_.jpg" alt="Product Image"></a><p>Juvale Wooden Rings for Crafts, Macrame, Crochet, Jewelry Making, Natural Unfinished 3 Inch Wood Rings (75mm, 30 Pack)</p><p> -13% 0FF </p><p>$16.49</p><a href="https://www.amazon.com/dp/B07FDV6NN3?tag=eloabder-20&linkCode=osi&th=1&psc=1">View Product</a></div><div class="product"><a href="https://www.amazon.com/dp/B0CLXW96T8?tag=eloabder-20&linkCode=osi&th=1&psc=1"><img src="https://m.media-amazon.com/images/I/41U4yOgr+XL._SL500_.jpg" alt="Product Image"></a><p>50 PCS 50mm Unfinished Wooden Rings for Craft, Nature Solid Wood Rings for DIY Crafts Without Paint, Macrame Wooden Rings for Ring Pendant and Connectors Jewelry Making</p><p> -50% 0FF </p><p>$4.49</p><a href="https://www.amazon.com/dp/B0CLXW96T8?tag=eloabder-20&linkCode=osi&th=1&psc=1">View Product</a></div><div class="product"><a href="https://www.amazon.com/dp/B09BLCGGQH?tag=eloabder-20&linkCode=osi&th=1&psc=1"><img src="https://m.media-amazon.com/images/I/41khWby2u3L._SL500_.jpg" alt="Product Image"></a><p>Mr. Pen- Wooden Rings, 2.7", 10 Pack, Wooden Rings for Crafts, Wood Rings, Macrame Rings, Wood Rings for Crafts, Wooden Ring, Wooden Rings for Macrame, Craft Rings, Wood Ring, Wood Teething Ring</p><p> -30% 0FF </p><p>$6.95</p><a href="https://www.amazon.com/dp/B09BLCGGQH?tag=eloabder-20&linkCode=osi&th=1&psc=1">View Product</a></div>
<div class="product"><a href="https://www.amazon.com/dp/B072RV8SC7?tag=eloabder-20&linkCode=osi&th=1&psc=1"><img src="https://m.media-amazon.com/images/I/31dSkcEq21L._SL500_.jpg" alt="Product Image"></a><p>Westcott 5" Micro-Tip Craft Scissors with Titanium-Bonded Blades for Crafting, Sewing & More</p><p> -53% 0FF </p><p>$7.50</p><a href="https://www.amazon.com/dp/B072RV8SC7?tag=eloabder-20&linkCode=osi&th=1&psc=1">View Product</a></div><div class="product"><a href="https://www.amazon.com/dp/B07H4N8DL9?tag=eloabder-20&linkCode=osi&th=1&psc=1"><img src="https://m.media-amazon.com/images/I/41qf77NvDqL._SL500_.jpg" alt="Product Image"></a><p>Scissors Bulk Set of 5-Pack, Niutop 8" Multipurpose Sharp Sewing Craft Fabric Scissors for Office Home High/Middle School Student Office Teacher Art Supplies, Soft Comfort-Grip Right/Left Handles</p><p> -31% 0FF </p><p>$6.89 ($1.38 / Count)</p><a href="https://www.amazon.com/dp/B07H4N8DL9?tag=eloabder-20&linkCode=osi&th=1&psc=1">View Product</a></div><div class="product"><a href="https://www.amazon.com/dp/B0CFJNX6DR?tag=eloabder-20&linkCode=osi&th=1&psc=1"><img src="https://m.media-amazon.com/images/I/41MtlRnWlwL._SL500_.jpg" alt="Product Image"></a><p>Mr. Pen- Craft Scissors Decorative Edge, 6 Pack, Craft Scissors, Zig Zag Scissors, Decorative Scissors, Scrapbooking Scissors, Fancy Scissors, Scissors for Crafting, Pattern Scissors, Design Scissors</p><p> -21% 0FF </p><p>$7.85</p><a href="https://www.amazon.com/dp/B0CFJNX6DR?tag=eloabder-20&linkCode=osi&th=1&psc=1">View Product</a></div><div class="product"><a href="https://www.amazon.com/dp/B079L16LN6?tag=eloabder-20&linkCode=osi&th=1&psc=1"><img src="https://m.media-amazon.com/images/I/31XwkWsWIrS._SL500_.jpg" alt="Product Image"></a><p>LIVINGO Premium Tailor Scissors Heavy Duty Multi-Purpose Titanium Coating Forged Stainless Steel Sewing Fabric Leather Dressmaking Comfort Grip Shears Professional Crafting (9.5 INCH)</p><p> -30% 0FF </p><p>$13.99</p><a href="https://www.amazon.com/dp/B079L16LN6?tag=eloabder-20&linkCode=osi&th=1&psc=1">View Product</a></div><div class="product"><a href="https://www.amazon.com/dp/B001KYQP22?tag=eloabder-20&linkCode=osi&th=1&psc=1"><img src="https://m.media-amazon.com/images/I/31Cg9f0+hkL._SL500_.jpg" alt="Product Image"></a><p>Scotch 6" Precision Scissors, Great for Everyday Use (1446)</p><p> -21% 0FF </p><p>$4.94</p><a href="https://www.amazon.com/dp/B001KYQP22?tag=eloabder-20&linkCode=osi&th=1&psc=1">View Product</a></div><div class="product"><a href="https://www.amazon.com/dp/B07H4LTQ1D?tag=eloabder-20&linkCode=osi&th=1&psc=1"><img src="https://m.media-amazon.com/images/I/41Nhiysl2XL._SL500_.jpg" alt="Product Image"></a><p>LIVINGO 2 Pack 8" Titanium Non-Stick Scissors, Professional Stainless Steel Comfort Grip, All-Purpose, Straight Office Craft Scissors for DIY(Red/Black)</p><p> -50% 0FF </p><p>$9.99</p><a href="https://www.amazon.com/dp/B07H4LTQ1D?tag=eloabder-20&linkCode=osi&th=1&psc=1">View Product</a></div>
<div class="product"><a href="https://www.amazon.com/dp/B072JW6NQT?tag=eloabder-20&linkCode=osi&th=1&psc=1"><img src="https://m.media-amazon.com/images/I/61uY6781clL._SL500_.jpg" alt="Product Image"></a><p>260 Pieces Colorful Glitter Foam Stickers Self Adhesive Stars Mini Heart Shapes Glitter Stickers, Kid's Arts Craft Supplies Greeting Cards Home Decoration Stars&Heart Shapes</p><p> -33% 0FF </p><p>$6.74 ($0.03 / Count)</p><a href="https://www.amazon.com/dp/B072JW6NQT?tag=eloabder-20&linkCode=osi&th=1&psc=1">View Product</a></div><div class="product"><a href="https://www.amazon.com/dp/B00290N4NY?tag=eloabder-20&linkCode=osi&th=1&psc=1"><img src="https://m.media-amazon.com/images/I/41hejL-+6qL._SL500_.jpg" alt="Product Image"></a><p>Creative Arts by Charles Leonard Foam Shapes, Assorted Colors, 264 Pieces/Bag (70526)</p><p> -7% 0FF </p><p>$7.10</p><a href="https://www.amazon.com/dp/B00290N4NY?tag=eloabder-20&linkCode=osi&th=1&psc=1">View Product</a></div><div class="product"><a href="https://www.amazon.com/dp/B09KG4RZ6J?tag=eloabder-20&linkCode=osi&th=1&psc=1"><img src="https://m.media-amazon.com/images/I/415lhoEhZ4L._SL500_.jpg" alt="Product Image"></a><p>100PCS Unfinished Blank Wood Pieces, 4 x 4 Inch Natural Wooden Slices Star & Heart Shape Cutouts for DIY Crafts Pyrograph Painting Staining Burning Engraving Carving Coasters</p><p> -50% 0FF </p><p>$9.49</p><a href="https://www.amazon.com/dp/B09KG4RZ6J?tag=eloabder-20&linkCode=osi&th=1&psc=1">View Product</a></div><div class="product"><a href="https://www.amazon.com/dp/B000F8V6BY?tag=eloabder-20&linkCode=osi&th=1&psc=1"><img src="https://m.media-amazon.com/images/I/41pWKfVnCpL._SL500_.jpg" alt="Product Image"></a><p>Creativity Street Natural Wood Shapes - 1000 Piece Assortment</p><p> -48% 0FF </p><p>$19.99</p><a href="https://www.amazon.com/dp/B000F8V6BY?tag=eloabder-20&linkCode=osi&th=1&psc=1">View Product</a></div>
<div class="product"><a href="https://www.amazon.com/dp/B0C8T7G5PX?tag=eloabder-20&linkCode=osi&th=1&psc=1"><img src="https://m.media-amazon.com/images/I/61Uk3mYLt1L._SL500_.jpg" alt="Product Image"></a><p>120Pcs Vintage Stickers, Waterproof Scrapbook Aesthetic Sticker, Daily Planner, Water Bottles, Handbook Junk Diary Stickers Teens Adults, Scrapbooking Supplies for DIY Paper Crafts</p><p> -44% 0FF </p><p>$4.49 ($0.04 / Count)</p><a href="https://www.amazon.com/dp/B0C8T7G5PX?tag=eloabder-20&linkCode=osi&th=1&psc=1">View Product</a></div><div class="product"><a href="https://www.amazon.com/dp/B09C8HTDWP?tag=eloabder-20&linkCode=osi&th=1&psc=1"><img src="https://m.media-amazon.com/images/I/61CXW4fAMYL._SL500_.jpg" alt="Product Image"></a><p>Knaid Vintage Scrapbook Supplies Pack (200 Pieces) for Junk Journal Bullet Journals Planners Botanical Paper Stickers Craft Kits Aesthetic Cottagecore Collage Album (Nature)</p><p> -38% 0FF </p><p>$7.99 ($0.04 / Count)</p><a href="https://www.amazon.com/dp/B09C8HTDWP?tag=eloabder-20&linkCode=osi&th=1&psc=1">View Product</a></div><div class="product"><a href="https://www.amazon.com/dp/B07C3C55WD?tag=eloabder-20&linkCode=osi&th=1&psc=1"><img src="https://m.media-amazon.com/images/I/415xE6CNe-L._SL500_.jpg" alt="Product Image"></a><p>Lependor Black White Eye Stickers Labels -2000 Pcs Per Roll</p><p> -14% 0FF </p><p>$5.98</p><a href="https://www.amazon.com/dp/B07C3C55WD?tag=eloabder-20&linkCode=osi&th=1&psc=1">View Product</a></div>
<div class="product"><a href="https://www.amazon.com/dp/B07C8YSWDR?tag=eloabder-20&linkCode=osi&th=1&psc=1"><img src="https://m.media-amazon.com/images/I/21NSnmeygVL._SL500_.jpg" alt="Product Image"></a><p>novelinks Transparent 4" x 6" Photo Cases and Clear Craft Keeper with Handle - 16 Inner Cases Plastic Storage Container Box (Clear)</p><p> -31% 0FF </p><p>$24.99</p><a href="https://www.amazon.com/dp/B07C8YSWDR?tag=eloabder-20&linkCode=osi&th=1&psc=1">View Product</a></div><div class="product"><a href="https://www.amazon.com/dp/B00FZVPWO8?tag=eloabder-20&linkCode=osi&th=1&psc=1"><img src="https://m.media-amazon.com/images/I/41RO8A3v88L._SL500_.jpg" alt="Product Image"></a><p>IRIS USA Plastic Pencil Case Box Craft Hobby Art School Supply Storage Organizer Container with Latching Lid, 10-Pack, for Bead Pens Ribbons Wahi Tape Sticker Yarn Ornaments, Stackable, Clear, Small</p><p> -9% 0FF </p><p>$14.63 ($1.46 / Count)</p><a href="https://www.amazon.com/dp/B00FZVPWO8?tag=eloabder-20&linkCode=osi&th=1&psc=1">View Product</a></div><div class="product"><a href="https://www.amazon.com/dp/B0C8RXPQH5?tag=eloabder-20&linkCode=osi&th=1&psc=1"><img src="https://m.media-amazon.com/images/I/417+DSY9kaL._SL500_.jpg" alt="Product Image"></a><p>IRIS USA Plastic Storage Bins with Removable Tray for Organizing 9.4 Qt. Craft Organizers and Storage with Handle, Art Supply Storage Organizer, Arts and Crafts Organizer, Clear/Violet</p><p> -10% 0FF </p><p>$17.99</p><a href="https://www.amazon.com/dp/B0C8RXPQH5?tag=eloabder-20&linkCode=osi&th=1&psc=1">View Product</a></div><div class="product"><a href="https://www.amazon.com/dp/B07PW3Z5K6?tag=eloabder-20&linkCode=osi&th=1&psc=1"><img src="https://m.media-amazon.com/images/I/41-0CvaNdfL._SL500_.jpg" alt="Product Image"></a><p>OUTUXED 2pack 36 Grids Clear Plastic Organizer Box Container Craft Storage with Adjustable Dividers for Beads Organizer Art DIY Crafts Jewelry Fishing Tackles with 5 Sheets Label Stickers</p><p> -22% 0FF </p><p>$13.99 ($7.00 / Count)</p><a href="https://www.amazon.com/dp/B07PW3Z5K6?tag=eloabder-20&linkCode=osi&th=1&psc=1">View Product</a></div>
<div class="product"><a href="https://www.amazon.com/dp/B0C77HVR5G?tag=eloabder-20&linkCode=osi&th=1&psc=1"><img src="https://m.media-amazon.com/images/I/61ObPp2RlRL._SL500_.jpg" alt="Product Image"></a><p>Selizo 12 Rolls Nylon String for Bracelets, Chinese Knotting Nylon Cord for Jewelry Making, Nylon Beading Thread for Kumihimo, Braided Bracelets, Necklaces, Macrame Craft, Wind Chime</p><p> -7% 0FF </p><p>$12.99 ($0.02 / Foot)</p><a href="https://www.amazon.com/dp/B0C77HVR5G?tag=eloabder-20&linkCode=osi&th=1&psc=1">View Product</a></div><div class="product"><a href="https://www.amazon.com/dp/B0CJT9N6NY?tag=eloabder-20&linkCode=osi&th=1&psc=1"><img src="https://m.media-amazon.com/images/I/51FnHCLGgzL._SL500_.jpg" alt="Product Image"></a><p>50 Skeins Embroidery Floss Rainbow Color Per Pack Cross Stitch Threads Friendship Bracelets Floss Crafts Floss (50)</p><p> -50% 0FF </p><p>$4.99</p><a href="https://www.amazon.com/dp/B0CJT9N6NY?tag=eloabder-20&linkCode=osi&th=1&psc=1">View Product</a></div>
<div class="product"><a href="https://www.amazon.com/dp/B089T7PX27?tag=eloabder-20&linkCode=osi&th=1&psc=1"><img src="https://m.media-amazon.com/images/I/41aDJyks7kL._SL500_.jpg" alt="Product Image"></a><p>Crayola Air Dry Clay (5lbs), Natural White Modeling Clay for Kids, Sculpting Material, Bulk Craft Supplies for School Classrooms [Amazon Exclusive]</p><p> -18% 0FF </p><p>$10.62</p><a href="https://www.amazon.com/dp/B089T7PX27?tag=eloabder-20&linkCode=osi&th=1&psc=1">View Product</a></div><div class="product"><a href="https://www.amazon.com/dp/B09HBVBSMS?tag=eloabder-20&linkCode=osi&th=1&psc=1"><img src="https://m.media-amazon.com/images/I/51jD0QyqmfL._SL500_.jpg" alt="Product Image"></a><p>445 PCS Vintage Scrapbook Paper Journaling Scrapbooking Supplies Kit Aesthetic Decorative Craft Paper include 40 Sheet Flowers Stickers for Planner, Bullet Journaling, Junk Journal, Retro Crafts</p><p> -16% 0FF </p><p>$10.07 ($10.07 / Count)</p><a href="https://www.amazon.com/dp/B09HBVBSMS?tag=eloabder-20&linkCode=osi&th=1&psc=1">View Product</a></div><div class="product"><a href="https://www.amazon.com/dp/B092CMPBPW?tag=eloabder-20&linkCode=osi&th=1&psc=1"><img src="https://m.media-amazon.com/images/I/41bjib63eGL._SL500_.jpg" alt="Product Image"></a><p>KTOJOY 100Pcs Jumbo Wooden Craft Sticks Popsicle Stick 6” Long x 3/4”Wide Treat Ice Pop for DIY Crafts，Home Art Projects, Classroom Supplies</p><p> -29% 0FF </p><p>$4.99</p><a href="https://www.amazon.com/dp/B092CMPBPW?tag=eloabder-20&linkCode=osi&th=1&psc=1">View Product</a></div><div class="product"><a href="https://www.amazon.com/dp/B01LWIYJH3?tag=eloabder-20&linkCode=osi&th=1&psc=1"><img src="https://m.media-amazon.com/images/I/51YUb9W2RZL._SL500_.jpg" alt="Product Image"></a><p>DECORA 500 Pieces 6mm -12mm Black Wiggle Googly Eyes with Self-Adhesive Backs for DIY Crafts Doll Making Sewing Supplies</p><p> -50% 0FF </p><p>$4.99</p><a href="https://www.amazon.com/dp/B01LWIYJH3?tag=eloabder-20&linkCode=osi&th=1&psc=1">View Product</a></div>
<div class="product"><a href="https://www.amazon.com/dp/B0BM4YBN63?tag=eloabder-20&linkCode=osi&th=1&psc=1"><img src="https://m.media-amazon.com/images/I/418RLJhy9mL._SL500_.jpg" alt="Product Image"></a><p>Best Choice Products Large Folding Sewing Table, Multipurpose Portable Craft Station & Side Desk w/Compact Design, Caster Wheels, Storage Shelves, 2 Storage Trays, Magnetic Doors - White</p><p> -24% 0FF </p><p>$144.98</p><a href="https://www.amazon.com/dp/B0BM4YBN63?tag=eloabder-20&linkCode=osi&th=1&psc=1">View Product</a></div><div class="product"><a href="https://www.amazon.com/dp/B0B96X3JT2?tag=eloabder-20&linkCode=osi&th=1&psc=1"><img src="https://m.media-amazon.com/images/I/31BtnYvgAuL._SL500_.jpg" alt="Product Image"></a><p>MELLCOM Height Adjustable Craft Table with Storage Shelves, Mobile Folding Cutting Table for Large Fabric, Foldable Table for Home Office Sewing Room Craft Room</p><p> -13% 0FF </p><p>$147.14</p><a href="https://www.amazon.com/dp/B0B96X3JT2?tag=eloabder-20&linkCode=osi&th=1&psc=1">View Product</a></div><div class="product"><a href="https://www.amazon.com/dp/B08GHGQP6T?tag=eloabder-20&linkCode=osi&th=1&psc=1"><img src="https://m.media-amazon.com/images/I/41vrF5yi4VL._SL500_.jpg" alt="Product Image"></a><p>Best Choice Products Folding Sewing Table Multipurpose Craft Station & Side Desk with Compact Design, Wheels, Shelves, Storage Trays, Pegs, Magnetic Doors, Metal Doorknobs - White</p><p> -8% 0FF </p><p>$109.99</p><a href="https://www.amazon.com/dp/B08GHGQP6T?tag=eloabder-20&linkCode=osi&th=1&psc=1">View Product</a></div><div class="product"><a href="https://www.amazon.com/dp/B0B6CNQQ5R?tag=eloabder-20&linkCode=osi&th=1&psc=1"><img src="https://m.media-amazon.com/images/I/41OGnJvFoBL._SL500_.jpg" alt="Product Image"></a><p>Giantex Craft Table with Storage, Artwork Sewing Table with 10 Large & Small Storage Compartments, 2 Sliding Drawer and 2 Shelves, 53inch Craft Drafting Writing Sewing Station Desk, White</p><p> -17% 0FF </p><p>$199.99</p><a href="https://www.amazon.com/dp/B0B6CNQQ5R?tag=eloabder-20&linkCode=osi&th=1&psc=1">View Product</a></div>
<div class="product"><a href="https://www.amazon.com/dp/B091FD53S7?tag=eloabder-20&linkCode=osi&th=1&psc=1"><img src="https://m.media-amazon.com/images/I/31tC6uNvagL._SL500_.jpg" alt="Product Image"></a><p>Craftzilla Colored Masking Tape - 11 Roll Multi-Pack, 825 Ft x 1 in Colorful Craft Tape – Vibrant Rainbow Colored Painters Tape – Great for Arts & Crafts, Labeling and Color-Coding</p><p> -23% 0FF </p><p>$21.44 ($1.95 / Count)</p><a href="https://www.amazon.com/dp/B091FD53S7?tag=eloabder-20&linkCode=osi&th=1&psc=1">View Product</a></div><div class="product"><a href="https://www.amazon.com/dp/B08L5PB8N6?tag=eloabder-20&linkCode=osi&th=1&psc=1"><img src="https://m.media-amazon.com/images/I/51GHDoUpNYL._SL500_.jpg" alt="Product Image"></a><p>Mr. Pen- Washi Tape Set, 21 Rolls, Decorative Cute Floral Washi Tape for Bible Journaling, Bullet Journal Supplies</p><p> -36% 0FF </p><p>$6.99</p><a href="https://www.amazon.com/dp/B08L5PB8N6?tag=eloabder-20&linkCode=osi&th=1&psc=1">View Product</a></div><div class="product"><a href="https://www.amazon.com/dp/B07G5TRF4R?tag=eloabder-20&linkCode=osi&th=1&psc=1"><img src="https://m.media-amazon.com/images/I/411vF809PnL._SL500_.jpg" alt="Product Image"></a><p>JONYEE Colored Masking Tape, Colored Painters Tape for Arts & Crafts, Labeling or Coding - Art Supplies for Kids - 6 Different Color Rolls - Masking Tape 1 Inch x 13 Yards (2.4cm X 12m)</p><p> -42% 0FF </p><p>$7.59 ($0.03 / Foot)</p><a href="https://www.amazon.com/dp/B07G5TRF4R?tag=eloabder-20&linkCode=osi&th=1&psc=1">View Product</a></div>
<div class="product"><a href="https://www.amazon.com/dp/B09XR1XBWG?tag=eloabder-20&linkCode=osi&th=1&psc=1"><img src="https://m.media-amazon.com/images/I/31h+RS-Nv6L._SL500_.jpg" alt="Product Image"></a><p>10PCS 7mil Blank Mylar Stencil Sheets,12X12 inch Milky Translucent PET Blank Stencils Sheets,Template Material for Cutting Machines, Laser Cutting, Food-Safe Craft Plastic</p><p> -11% 0FF </p><p>$7.99</p><a href="https://www.amazon.com/dp/B09XR1XBWG?tag=eloabder-20&linkCode=osi&th=1&psc=1">View Product</a></div><div class="product"><a href="https://www.amazon.com/dp/B08VF9WZ5V?tag=eloabder-20&linkCode=osi&th=1&psc=1"><img src="https://m.media-amazon.com/images/I/514BzvTuTAL._SL500_.jpg" alt="Product Image"></a><p>Boutique Calligraphy Stencil Template Kit - 45 Reusable Pieces Includes Lettering Upper and Lowercase both Large Small, Numbers, Punctuation, Laurels Flowers For Arts Crafts Painting Wood</p><p> -23% 0FF </p><p>$22.99</p><a href="https://www.amazon.com/dp/B08VF9WZ5V?tag=eloabder-20&linkCode=osi&th=1&psc=1">View Product</a></div><div class="product"><a href="https://www.amazon.com/dp/B0BYCQ7L8Y?tag=eloabder-20&linkCode=osi&th=1&psc=1"><img src="https://m.media-amazon.com/images/I/41ZW6Pj+rUL._SL500_.jpg" alt="Product Image"></a><p>Tamaki Circle Template Circle Round Stencil Templates for Drafting for Office and School Building Formwork Drawings Templates, Large and Small Size, 3 Pack</p><p> -22% 0FF </p><p>$6.99</p><a href="https://www.amazon.com/dp/B0BYCQ7L8Y?tag=eloabder-20&linkCode=osi&th=1&psc=1">View Product</a></div>
<div class="product"><a href="https://www.amazon.com/dp/B001AH5EXK?tag=eloabder-20&linkCode=osi&th=1&psc=1"><img src="https://m.media-amazon.com/images/I/417030sMkFL._SL500_.jpg" alt="Product Image"></a><p>Surebonder Cordless Hot Glue Gun, High Temperature, Full Size, 60W, 50% More Power - Sturdily Bonds Metal, Wood, Ceramics, Leather & Other Strong Materials (Specialty Series CL-800F)</p><p> -46% 0FF </p><p>$12.40</p><a href="https://www.amazon.com/dp/B001AH5EXK?tag=eloabder-20&linkCode=osi&th=1&psc=1">View Product</a></div><div class="product"><a href="https://www.amazon.com/dp/B08H528HCX?tag=eloabder-20&linkCode=osi&th=1&psc=1"><img src="https://m.media-amazon.com/images/I/51DP2NKuq1L._SL500_.jpg" alt="Product Image"></a><p>Jewelry Pliers, Acejoz 6pcs Jewelry Making Tools Kit Includs Needle Round Nose Pliers, Wire Cutters, Crimping Pliers, Bent Nose Pliers, End Nippers for Beading Craft</p><p> -6% 0FF </p><p>$16.99</p><a href="https://www.amazon.com/dp/B08H528HCX?tag=eloabder-20&linkCode=osi&th=1&psc=1">View Product</a></div>

<div class="product"><a href="https://www.amazon.com/dp/B0BLV5S1HV?tag=eloabder-20&linkCode=osi&th=1&psc=1"><img src="https://m.media-amazon.com/images/I/51fXn6Tp3wL._SL500_.jpg" alt="Product Image"></a><p>30 Pack Basswood Sheets 12"x12"x1/8", 3mm Basswood for Laser Cutting, Thin Plywood Board Unfinished Wood for Crafts, DIY Architectural Models Making, Wood Engraving, Wood Burning Product.</p><p> -18% 0FF </p><p>$32.89</p><a href="https://www.amazon.com/dp/B0BLV5S1HV?tag=eloabder-20&linkCode=osi&th=1&psc=1">View Product</a></div><div class="product"><a href="https://www.amazon.com/dp/B083TT4XVN?tag=eloabder-20&linkCode=osi&th=1&psc=1"><img src="https://m.media-amazon.com/images/I/41QMxzlQglL._SL500_.jpg" alt="Product Image"></a><p>6" Jumbo Wood Craft Sticks - Pack of 1,000</p><p> -8% 0FF </p><p>$15.61 ($0.02 / Count)</p><a href="https://www.amazon.com/dp/B083TT4XVN?tag=eloabder-20&linkCode=osi&th=1&psc=1">View Product</a></div>
<div class="product"><a href="https://www.amazon.com/dp/B08QZ69GJM?tag=eloabder-20&linkCode=osi&th=1&psc=1"><img src="https://m.media-amazon.com/images/I/51zjX4hictL._SL500_.jpg" alt="Product Image"></a><p>Polymer Clay 50 Colors, Modeling Clay for Kids DIY Starter Kits, Oven Baked Model Clay, Non-Sticky Molding Clay with Sculpting Tools, Gift for Children and Artists (50 Colors A)</p><p> -27% 0FF </p><p>$21.99</p><a href="https://www.amazon.com/dp/B08QZ69GJM?tag=eloabder-20&linkCode=osi&th=1&psc=1">View Product</a></div><div class="product"><a href="https://www.amazon.com/dp/B093P5QK9B?tag=eloabder-20&linkCode=osi&th=1&psc=1"><img src="https://m.media-amazon.com/images/I/51N0pYvtv-L._SL500_.jpg" alt="Product Image"></a><p>FlyFlag Air Dry Clay Kit - 36 Colors, Soft & Ultra Light, Modeling Clay for Kids with Accessories, Tools and Tutorials</p><p> -29% 0FF </p><p>$16.98</p><a href="https://www.amazon.com/dp/B093P5QK9B?tag=eloabder-20&linkCode=osi&th=1&psc=1">View Product</a></div><div class="product"><a href="https://www.amazon.com/dp/B0CRD3HNHT?tag=eloabder-20&linkCode=osi&th=1&psc=1"><img src="https://m.media-amazon.com/images/I/51THopNyk-L._SL500_.jpg" alt="Product Image"></a><p>CiaraQ Polymer Clay 51 Colors, Modeling Clay for Kids, Oven Bake Clay with Sculpting Tools, Non Toxic, Ideal for Sculpture, Crafting, DIY Projects. (Assorted Colors, 0.7oz/Colors)</p><p> -44% 0FF </p><p>$16.79</p><a href="https://www.amazon.com/dp/B0CRD3HNHT?tag=eloabder-20&linkCode=osi&th=1&psc=1">View Product</a></div>
<div class="product"><a href="https://www.amazon.com/dp/B07ZGFK411?tag=eloabder-20&linkCode=osi&th=1&psc=1"><img src="https://m.media-amazon.com/images/I/41e3h9sXdtL._SL500_.jpg" alt="Product Image"></a><p>Shynek Jewelry Pliers, 3pcs, Tools with Needle/Chain Nose Pliers, Round Nose Pliers and Wire Cutter for Jewelry Repair, Wire Wrapping, Crafts, Jewelry Making Supplies</p><p> -11% 0FF </p><p>$7.99</p><a href="https://www.amazon.com/dp/B07ZGFK411?tag=eloabder-20&linkCode=osi&th=1&psc=1">View Product</a></div><div class="product"><a href="https://www.amazon.com/dp/B0B8QBVXXR?tag=eloabder-20&linkCode=osi&th=1&psc=1"><img src="https://m.media-amazon.com/images/I/31SXtqvQA8L._SL500_.jpg" alt="Product Image"></a><p>WORKPRO Jewelry Pliers Set, 3 Pack Jewelry Making Tool Kit Includes Mini Needle Nose Pliers/Chain Nose Pliers, Round Nose Pliers and Wire Cutter for Jewelry Repair, DIY Crafts, Jewelry Making Supplies</p><p> -31% 0FF </p><p>$8.99</p><a href="https://www.amazon.com/dp/B0B8QBVXXR?tag=eloabder-20&linkCode=osi&th=1&psc=1">View Product</a></div><div class="product"><a href="https://www.amazon.com/dp/B0CYPCD5KS?tag=eloabder-20&linkCode=osi&th=1&psc=1"><img src="https://m.media-amazon.com/images/I/41ojIhg30DL._SL500_.jpg" alt="Product Image"></a><p>4 Pack Jewelry Making Pliers Tools Set, Jewelry Pliers with Needle Nose Pliers, Round Nose Pliers, Bent Nose Pliers, Wire Jewelry Pliers for Jewelry Craft Making Repair Supplies</p><p> -11% 0FF </p><p>$7.88</p><a href="https://www.amazon.com/dp/B0CYPCD5KS?tag=eloabder-20&linkCode=osi&th=1&psc=1">View Product</a></div>
<div class="product"><a href="https://www.amazon.com/dp/B08NY4HWVH?tag=eloabder-20&linkCode=osi&th=1&psc=1"><img src="https://m.media-amazon.com/images/I/41qHSFWo+AL._SL500_.jpg" alt="Product Image"></a><p>Fansunta 100pcs 15.7x0.35 Inch Strong Natural Bamboo Sticks, Wooden Craft Sticks, Extra Long Sticks, Wood Strips for Craft Projects</p><p> -13% 0FF </p><p>$11.99</p><a href="https://www.amazon.com/dp/B08NY4HWVH?tag=eloabder-20&linkCode=osi&th=1&psc=1">View Product</a></div><div class="product"><a href="https://www.amazon.com/dp/B00W68CVEW?tag=eloabder-20&linkCode=osi&th=1&psc=1"><img src="https://m.media-amazon.com/images/I/41EtWBlJWXL._SL500_.jpg" alt="Product Image"></a><p>KOLE IMPORTS Skinny Natural Wood Craft Sticks</p><p> -12% 0FF </p><p>$4.38</p><a href="https://www.amazon.com/dp/B00W68CVEW?tag=eloabder-20&linkCode=osi&th=1&psc=1">View Product</a></div><div class="product"><a href="https://www.amazon.com/dp/B08XQQ69WD?tag=eloabder-20&linkCode=osi&th=1&psc=1"><img src="https://m.media-amazon.com/images/I/51yd67LjFaS._SL500_.jpg" alt="Product Image"></a><p>HOPELF 25PCS Dowel Rods Wood Sticks Wooden Dowel Rods - 1/4 x 12 Inch Bamboo Sticks - for Crafts，Hardwood Dowel Rod Assortment，Wooden Rod Sticks Doweling Rods， Cake Dowels and DIYers.</p><p> -9% 0FF </p><p>$4.99</p><a href="https://www.amazon.com/dp/B08XQQ69WD?tag=eloabder-20&linkCode=osi&th=1&psc=1">View Product</a></div><div class="product"><a href="https://www.amazon.com/dp/B081R25K4S?tag=eloabder-20&linkCode=osi&th=1&psc=1"><img src="https://m.media-amazon.com/images/I/41vxFW4BIvL._SL500_.jpg" alt="Product Image"></a><p>Perfect Stix - PS-114st-1,000 4.5" Craft Sticks/ Ice Cream Sticks/ Natural Wood - Box of 1,000ct</p><p> -6% 0FF </p><p>$13.15</p><a href="https://www.amazon.com/dp/B081R25K4S?tag=eloabder-20&linkCode=osi&th=1&psc=1">View Product</a></div><div class="product"><a href="https://www.amazon.com/dp/B0BLYTVS2T?tag=eloabder-20&linkCode=osi&th=1&psc=1"><img src="https://m.media-amazon.com/images/I/51+kkj4MnOL._SL500_.jpg" alt="Product Image"></a><p>150 Pcs Dowel Rods, 1/8 x 12 Inch Wooden Dowels Craft Wood Sticks Unfinished Natural Bamboo Sticks for Flower Bouquet Crafts and DIYers</p><p> -11% 0FF </p><p>$7.99</p><a href="https://www.amazon.com/dp/B0BLYTVS2T?tag=eloabder-20&linkCode=osi&th=1&psc=1">View Product</a></div>

<div class="product"><a href="https://www.amazon.com/dp/B09QXCP828?tag=eloabder-20&linkCode=osi&th=1&psc=1"><img src="https://m.media-amazon.com/images/I/61SVk6IlsmL._SL500_.jpg" alt="Product Image"></a><p>66 Pcs Small Stencils for Painting on Wood 3 Inch Reusable Fall Stencils Flower Animal Deer Bear Butterfly Bird Mountain Themed DIY Craft Template Paint Stencils for Wall Home Decor</p><p> -17% 0FF </p><p>$9.99</p><a href="https://www.amazon.com/dp/B09QXCP828?tag=eloabder-20&linkCode=osi&th=1&psc=1">View Product</a></div>
<div class="product"><a href="https://www.amazon.com/dp/B0019NBZQK?tag=eloabder-20&linkCode=osi&th=1&psc=1"><img src="https://m.media-amazon.com/images/I/41+u+qzqb3L._SL500_.jpg" alt="Product Image"></a><p>Excel Blades 44283 Craftsman Hobby Knife Set, Precision Cutting Tool Set, Craft Knife Set Includes Assortment of Light Duty to Heavy Duty Handles and 13 Blades</p><p> -16% 0FF </p><p>$23.37</p><a href="https://www.amazon.com/dp/B0019NBZQK?tag=eloabder-20&linkCode=osi&th=1&psc=1">View Product</a></div>
<div class="product"><a href="https://www.amazon.com/dp/B00FX9G28C?tag=eloabder-20&linkCode=osi&th=1&psc=1"><img src="https://m.media-amazon.com/images/I/41kEiPT3HRL._SL500_.jpg" alt="Product Image"></a><p>Crayola Classic Color Pack Crayons, 24 Count, (Pack of 4)</p><p> -31% 0FF </p><p>$6.36</p><a href="https://www.amazon.com/dp/B00FX9G28C?tag=eloabder-20&linkCode=osi&th=1&psc=1">View Product</a></div><div class="product"><a href="https://www.amazon.com/dp/B002OF2C50?tag=eloabder-20&linkCode=osi&th=1&psc=1"><img src="https://m.media-amazon.com/images/I/51Z+wK6C2VL._SL500_.jpg" alt="Product Image"></a><p>Crayola Crayons 8 in a Box (Pack of 12) 96 Crayons Total</p><p> -34% 0FF </p><p>$14.41</p><a href="https://www.amazon.com/dp/B002OF2C50?tag=eloabder-20&linkCode=osi&th=1&psc=1">View Product</a></div><div class="product"><a href="https://www.amazon.com/dp/B06XDJJ6D1?tag=eloabder-20&linkCode=osi&th=1&psc=1"><img src="https://m.media-amazon.com/images/I/516tOQjdgIL._SL500_.jpg" alt="Product Image"></a><p>Color Swell Bulk Crayon Packs - 36 Boxes of 24 Vibrant Colored Durable Bulk Crayons of Teacher Quality for Classroom and Home</p><p> -13% 0FF </p><p>$35.75</p><a href="https://www.amazon.com/dp/B06XDJJ6D1?tag=eloabder-20&linkCode=osi&th=1&psc=1">View Product</a></div>
<div class="product"><a href="https://www.amazon.com/dp/B07JPL5NYX?tag=eloabder-20&linkCode=osi&th=1&psc=1"><img src="https://m.media-amazon.com/images/I/31B4rKplkML._SL500_.jpg" alt="Product Image"></a><p>Similane 6 Pieces Aida Cloth 14 Count Cross Stitch Fabric, White, 12 by 18-Inch</p><p> -20% 0FF </p><p>$7.99 ($1.33 / Count)</p><a href="https://www.amazon.com/dp/B07JPL5NYX?tag=eloabder-20&linkCode=osi&th=1&psc=1">View Product</a></div><div class="product"><a href="https://www.amazon.com/dp/B002PNZJWO?tag=eloabder-20&linkCode=osi&th=1&psc=1"><img src="https://m.media-amazon.com/images/I/21LQQ7uAHaL._SL500_.jpg" alt="Product Image"></a><p>DMC TC8836-6750 Silver Label Aida Count with Soft Tube, White, 15 by 18-Inch, 18-Pack</p><p> -9% 0FF </p><p>$6.22</p><a href="https://www.amazon.com/dp/B002PNZJWO?tag=eloabder-20&linkCode=osi&th=1&psc=1">View Product</a></div>
<div class="product"><a href="https://www.amazon.com/dp/B0747JY5Q2?tag=eloabder-20&linkCode=osi&th=1&psc=1"><img src="https://m.media-amazon.com/images/I/61lazF8OahL._SL500_.jpg" alt="Product Image"></a><p>Paxcoo 124 Skeins Embroidery Floss Cross Stitch Thread with Needles</p><p> -38% 0FF </p><p>$9.99 ($0.00 / Foot)</p><a href="https://www.amazon.com/dp/B0747JY5Q2?tag=eloabder-20&linkCode=osi&th=1&psc=1">View Product</a></div><div class="product"><a href="https://www.amazon.com/dp/B0CCY9RYWJ?tag=eloabder-20&linkCode=osi&th=1&psc=1"><img src="https://m.media-amazon.com/images/I/51cdtuPMMzL._SL500_.jpg" alt="Product Image"></a><p>Sukh 100 Colour Embroidery Thread - Rainbow Embroidery Floss Bulk Hand Embroidery Thread Variegated Embroidery Floss Cross Stitch Thread Crewel Embroidery Floss for DIY Sewing Embroidery Crafts Making</p><p> -30% 0FF </p><p>$6.99 ($6.99 / Foot)</p><a href="https://www.amazon.com/dp/B0CCY9RYWJ?tag=eloabder-20&linkCode=osi&th=1&psc=1">View Product</a></div><div class="product"><a href="https://www.amazon.com/dp/B07TF4W6FW?tag=eloabder-20&linkCode=osi&th=1&psc=1"><img src="https://m.media-amazon.com/images/I/6185yuapSeS._SL500_.jpg" alt="Product Image"></a><p>LOVIMAG Premium Rainbow Color Embroidery Floss 140 Skeins Per Pack with Cotton for Cross Stitch Threads, Bracelet Yarn, Craft Floss, Aroic Embroidery Floss Set</p><p> -17% 0FF </p><p>$9.99</p><a href="https://www.amazon.com/dp/B07TF4W6FW?tag=eloabder-20&linkCode=osi&th=1&psc=1">View Product</a></div><div class="product"><a href="https://www.amazon.com/dp/B07VCK2L9J?tag=eloabder-20&linkCode=osi&th=1&psc=1"><img src="https://m.media-amazon.com/images/I/31Xrh3bNBML._SL500_.jpg" alt="Product Image"></a><p>Embroidery Floss Bobbins, 128 Pcs Embroidery Floss Organizer, Plastic Embroidery Thread Cards for Cross Stitch Thread Holder Sewing Storage(White)</p><p> -45% 0FF </p><p>$5.99 ($0.05 / Count)</p><a href="https://www.amazon.com/dp/B07VCK2L9J?tag=eloabder-20&linkCode=osi&th=1&psc=1">View Product</a></div>
<div class="product"><a href="https://www.amazon.com/dp/B07HCGVVTM?tag=eloabder-20&linkCode=osi&th=1&psc=1"><img src="https://m.media-amazon.com/images/I/51fHLo2KTbL._SL500_.jpg" alt="Product Image"></a><p>Caydo 6 Pieces Embroidery Hoop Set Circle Cross Stitch Hoop Ring 4 inch to 10 inch for Embroidery and Cross Stitch</p><p> -11% 0FF </p><p>$7.99</p><a href="https://www.amazon.com/dp/B07HCGVVTM?tag=eloabder-20&linkCode=osi&th=1&psc=1">View Product</a></div><div class="product"><a href="https://www.amazon.com/dp/B07TXQH7M2?tag=eloabder-20&linkCode=osi&th=1&psc=1"><img src="https://m.media-amazon.com/images/I/517d5A8-q8L._SL500_.jpg" alt="Product Image"></a><p>Caydo 6 Pieces Embroidery Hoops and 15 Needles, Plastic Circle Cross Stitch Hoop Ring Embroidery Circle Set, 3.4 inch to 10.4 inch (Multicolor)</p><p> -20% 0FF </p><p>$7.99</p><a href="https://www.amazon.com/dp/B07TXQH7M2?tag=eloabder-20&linkCode=osi&th=1&psc=1">View Product</a></div>
<div class="product"><a href="https://www.amazon.com/dp/B08JQ47WV1?tag=eloabder-20&linkCode=osi&th=1&psc=1"><img src="https://m.media-amazon.com/images/I/519CRDDfB4L._SL500_.jpg" alt="Product Image"></a><p>Uphome 3 Pack Embroidery Starter Kit for Beginners Stamped Cross Stitch Kits with Cute Flowers and Plants Patterns with 1 Embroidery Hoop and Color Threads for Adults Kids</p><p> -6% 0FF </p><p>$14.99</p><a href="https://www.amazon.com/dp/B08JQ47WV1?tag=eloabder-20&linkCode=osi&th=1&psc=1">View Product</a></div><div class="product"><a href="https://www.amazon.com/dp/B09F9YBHRN?tag=eloabder-20&linkCode=osi&th=1&psc=1"><img src="https://m.media-amazon.com/images/I/51tXfPB7qyL._SL500_.jpg" alt="Product Image"></a><p>Cross Stitch Kits for Beginners (Flower Theme - 6.75 Inch - 4 Pack 1 x Embroidery Hoop) DIY Embroidery Needlepoint Patterns for Adults, Includes Poppy, Rose, Sunflower and Pansy. Complete Set Included</p><p> -10% 0FF </p><p>$8.99</p><a href="https://www.amazon.com/dp/B09F9YBHRN?tag=eloabder-20&linkCode=osi&th=1&psc=1">View Product</a></div><div class="product"><a href="https://www.amazon.com/dp/B0BK1X8CNZ?tag=eloabder-20&linkCode=osi&th=1&psc=1"><img src="https://m.media-amazon.com/images/I/51gdjGEDDZL._SL500_.jpg" alt="Product Image"></a><p>Dimensions Nighttime Camping Adventure Cross Stitch Kit for Beginners, 5" x 7", 14 Cnt. Navy Aida, 4pcs</p><p> -18% 0FF </p><p>$9.82</p><a href="https://www.amazon.com/dp/B0BK1X8CNZ?tag=eloabder-20&linkCode=osi&th=1&psc=1">View Product</a></div><div class="product"><a href="https://www.amazon.com/dp/B005IDB6ZM?tag=eloabder-20&linkCode=osi&th=1&psc=1"><img src="https://m.media-amazon.com/images/I/61C0cz-Z29L._SL500_.jpg" alt="Product Image"></a><p>Janlynn 50222 Counted Cross Stitch Kit 7.75"X11.25", Joy in The Journey (14 Count), Blue</p><p> -7% 0FF </p><p>$15.83</p><a href="https://www.amazon.com/dp/B005IDB6ZM?tag=eloabder-20&linkCode=osi&th=1&psc=1">View Product</a></div>
<div class="product"><a href="https://www.amazon.com/dp/B004QRUNIW?tag=eloabder-20&linkCode=osi&th=1&psc=1"><img src="https://m.media-amazon.com/images/I/41pq4l1iyqL._SL500_.jpg" alt="Product Image"></a><p>DMC Size 24 Cross Stitch Needles</p><p> -11% 0FF </p><p>$4.63</p><a href="https://www.amazon.com/dp/B004QRUNIW?tag=eloabder-20&linkCode=osi&th=1&psc=1">View Product</a></div><div class="product"><a href="https://www.amazon.com/dp/B000XZTOOA?tag=eloabder-20&linkCode=osi&th=1&psc=1"><img src="https://m.media-amazon.com/images/I/313-rt10fSS._SL500_.jpg" alt="Product Image"></a><p>DMC 1767-24 Tapestry Hand Needles, 6-Pack, Size 24</p><p> -87% 0FF </p><p>$1.15</p><a href="https://www.amazon.com/dp/B000XZTOOA?tag=eloabder-20&linkCode=osi&th=1&psc=1">View Product</a></div><div class="product"><a href="https://www.amazon.com/dp/B081B5W2M4?tag=eloabder-20&linkCode=osi&th=1&psc=1"><img src="https://m.media-amazon.com/images/I/41b8dWe+4IL._SL500_.jpg" alt="Product Image"></a><p>DMC 3 Pack Size 22-24-26 (One Pack Each)-Cross Stitch Needles - Total 18 Needles - New Package</p><p> -14% 0FF </p><p>$8.00</p><a href="https://www.amazon.com/dp/B081B5W2M4?tag=eloabder-20&linkCode=osi&th=1&psc=1">View Product</a></div><div class="product"><a href="https://www.amazon.com/dp/B07D23QZP6?tag=eloabder-20&linkCode=osi&th=1&psc=1"><img src="https://m.media-amazon.com/images/I/41-e-zzpwJL._SL500_.jpg" alt="Product Image"></a><p>3 Pack DMC Size 26 Cross Stitch Needles (Total 18 Needles) - New Package</p><p> -8% 0FF </p><p>$6.80</p><a href="https://www.amazon.com/dp/B07D23QZP6?tag=eloabder-20&linkCode=osi&th=1&psc=1">View Product</a></div>
<div class="product"><a href="https://www.amazon.com/dp/B00FRH24AK?tag=eloabder-20&linkCode=osi&th=1&psc=1"><img src="https://m.media-amazon.com/images/I/413pdt9daNL._SL500_.jpg" alt="Product Image"></a><p>Dimensions Mason Jar Counted Cross Stitch Kit, 14 Count White Aida, 18'' x 7''.</p><p> -48% 0FF </p><p>$17.63</p><a href="https://www.amazon.com/dp/B00FRH24AK?tag=eloabder-20&linkCode=osi&th=1&psc=1">View Product</a></div><div class="product"><a href="https://www.amazon.com/dp/B005IDB37I?tag=eloabder-20&linkCode=osi&th=1&psc=1"><img src="https://m.media-amazon.com/images/I/51tVdGtvvQL._SL500_.jpg" alt="Product Image"></a><p>Janlynn Counted Cross Stitch Kit, The Lord's Prayer, Blue, By the yard</p><p> -29% 0FF </p><p>$10.00</p><a href="https://www.amazon.com/dp/B005IDB37I?tag=eloabder-20&linkCode=osi&th=1&psc=1">View Product</a></div>
<div class="product"><a href="https://www.amazon.com/dp/B0C65K1RLJ?tag=eloabder-20&linkCode=osi&th=1&psc=1"><img src="https://m.media-amazon.com/images/I/61Rq55Q-b-L._SL500_.jpg" alt="Product Image"></a><p>ATDAWN Rainbow Color Embroidery, Cross Stitch Threads, Bracelets, Crafts Floss, 50 Count</p><p> -17% 0FF </p><p>$4.99</p><a href="https://www.amazon.com/dp/B0C65K1RLJ?tag=eloabder-20&linkCode=osi&th=1&psc=1">View Product</a></div>
<div class="product"><a href="https://www.amazon.com/dp/B000YZASYO?tag=eloabder-20&linkCode=osi&th=1&psc=1"><img src="https://m.media-amazon.com/images/I/41Qm59P+WnL._SL500_.jpg" alt="Product Image"></a><p>Fiskars Self Healing Cutting Mat with Grid for Sewing, Quilting, and Crafts - 24" x 36” Grid - Gray</p><p> -50% 0FF </p><p>$32.46</p><a href="https://www.amazon.com/dp/B000YZASYO?tag=eloabder-20&linkCode=osi&th=1&psc=1">View Product</a></div><div class="product"><a href="https://www.amazon.com/dp/B0BB27B3FB?tag=eloabder-20&linkCode=osi&th=1&psc=1"><img src="https://m.media-amazon.com/images/I/31URROrDo1L._SL500_.jpg" alt="Product Image"></a><p>Paper Cutter, Paper Trimmer with Safety Guard, 12" Cut Length Paper Slicer with 16 Sheet Capacity Paper Cutting Board,Guillotine Paper Cutters and Trimmers for Cardstock Cardboard Vinyl (Gray)</p><p> -27% 0FF </p><p>$18.99</p><a href="https://www.amazon.com/dp/B0BB27B3FB?tag=eloabder-20&linkCode=osi&th=1&psc=1">View Product</a></div><div class="product"><a href="https://www.amazon.com/dp/B08DHMBSKB?tag=eloabder-20&linkCode=osi&th=1&psc=1"><img src="https://m.media-amazon.com/images/I/51UuiPNgxYL._SL500_.jpg" alt="Product Image"></a><p>Headley Tools 18"x12" Thickened Self Healing Cutting Mat, A3 Rotary Cutting Sewing Mat for Crafts, Double Sided 5-Ply Table Cutting Board for Fabric Quilting Art Hobby Project, Pink/Purple</p><p> -41% 0FF </p><p>$9.98</p><a href="https://www.amazon.com/dp/B08DHMBSKB?tag=eloabder-20&linkCode=osi&th=1&psc=1">View Product</a></div>

<div class="product"><a href="https://www.amazon.com/dp/B09YY3SVKS?tag=eloabder-20&linkCode=osi&th=1&psc=1"><img src="https://m.media-amazon.com/images/I/41f730BkCAL._SL500_.jpg" alt="Product Image"></a><p>Oythiem Knife Pen Craft Cutting Tools - Precision Paper Cutter Pen with Refillable Tungsten Steel Cutter Head Refill, 6 PACK</p><p> -13% 0FF </p><p>$6.99 ($1.16 / Count)</p><a href="https://www.amazon.com/dp/B09YY3SVKS?tag=eloabder-20&linkCode=osi&th=1&psc=1">View Product</a></div><div class="product"><a href="https://www.amazon.com/dp/B07QQBCBBL?tag=eloabder-20&linkCode=osi&th=1&psc=1"><img src="https://m.media-amazon.com/images/I/51jpKBKj85L._SL500_.jpg" alt="Product Image"></a><p>Anezus Craft Knife Precision Cutter and Self Healing Cutting Craft Mat Hobby Knife Set with 30 PCS Knife for Art Hobby Craft Scrapbooking Stencil</p><p> -47% 0FF </p><p>$8.99 ($0.28 / Count)</p><a href="https://www.amazon.com/dp/B07QQBCBBL?tag=eloabder-20&linkCode=osi&th=1&psc=1">View Product</a></div><div class="product"><a href="https://www.amazon.com/dp/B0B8J1LQY5?tag=eloabder-20&linkCode=osi&th=1&psc=1"><img src="https://m.media-amazon.com/images/I/41gjtckliVL._SL500_.jpg" alt="Product Image"></a><p>SnapFresh Cordless Electric Scissors, 4V Electric Mini Cutter, Carpet & Cardboard Cutter Tool with a Replacement Blade/Charger, Rotary Cutter for Cardboard Packages Leather Plastic （Green）</p><p> -28% 0FF </p><p>$35.99</p><a href="https://www.amazon.com/dp/B0B8J1LQY5?tag=eloabder-20&linkCode=osi&th=1&psc=1">View Product</a></div>
<div class="product"><a href="https://www.amazon.com/dp/B007UT6BDE?tag=eloabder-20&linkCode=osi&th=1&psc=1"><img src="https://m.media-amazon.com/images/I/618FCl1rVUL._SL500_.jpg" alt="Product Image"></a><p>Roylco Decorative Hues Paper, 8-1/2 X 5-1/2 in, Pack of 192 - 1435530</p><p> -12% 0FF </p><p>$19.99 ($0.10 / Count)</p><a href="https://www.amazon.com/dp/B007UT6BDE?tag=eloabder-20&linkCode=osi&th=1&psc=1">View Product</a></div><div class="product"><a href="https://www.amazon.com/dp/B0B4WM4T2V?tag=eloabder-20&linkCode=osi&th=1&psc=1"><img src="https://m.media-amazon.com/images/I/41PvWu7mXhL._SL500_.jpg" alt="Product Image"></a><p>Outuxed 400 Sheets Tissue Paper Bulk for Gift Bags, 40 Multicolor Tissue Paper for Gift Wrapping, 11.5” x 8” Rainbow Tissue Paper for Decorative Art Crafts Festival Decorations DIY Flower Pom Pom</p><p> -30% 0FF </p><p>$6.99 ($0.02 / Count)</p><a href="https://www.amazon.com/dp/B0B4WM4T2V?tag=eloabder-20&linkCode=osi&th=1&psc=1">View Product</a></div>
<div class="product"><a href="https://www.amazon.com/dp/B00B7E0JGS?tag=eloabder-20&linkCode=osi&th=1&psc=1"><img src="https://m.media-amazon.com/images/I/31XF-LedlPL._SL500_.jpg" alt="Product Image"></a><p>EK Success Tools Edge Punch, Large, Diamond Flowers</p><p> -8% 0FF </p><p>$16.99</p><a href="https://www.amazon.com/dp/B00B7E0JGS?tag=eloabder-20&linkCode=osi&th=1&psc=1">View Product</a></div><div class="product"><a href="https://www.amazon.com/dp/B09H6VJJHX?tag=eloabder-20&linkCode=osi&th=1&psc=1"><img src="https://m.media-amazon.com/images/I/41RFYDqpw8L._SL500_.jpg" alt="Product Image"></a><p>2 Pieces Heart and Star Handheld Hole Paper Punch Metal Single Hole Paper Punch Punchers with Soft-Handled Tags for Clothing Ticket DIY Craft Tags Scrapbook Tool, 1/4 inch</p><p> -9% 0FF </p><p>$9.99</p><a href="https://www.amazon.com/dp/B09H6VJJHX?tag=eloabder-20&linkCode=osi&th=1&psc=1">View Product</a></div><div class="product"><a href="https://www.amazon.com/dp/B0BCVKG3PM?tag=eloabder-20&linkCode=osi&th=1&psc=1"><img src="https://m.media-amazon.com/images/I/411GAS9weBL._SL500_.jpg" alt="Product Image"></a><p>MIAO JIN 2PCS Craft Punch Hemming Punch Big Tool Edge Paper Punch Hand Scrapbooking Edge Punch Fancy Border Punch Fancy Hole Punch DIY Art scrapbooks, Gift Cards, Wedding Cards, Decorations</p><p> -6% 0FF </p><p>$16.99</p><a href="https://www.amazon.com/dp/B0BCVKG3PM?tag=eloabder-20&linkCode=osi&th=1&psc=1">View Product</a></div>
<div class="product"><a href="https://www.amazon.com/dp/B06ZZ5K124?tag=eloabder-20&linkCode=osi&th=1&psc=1"><img src="https://m.media-amazon.com/images/I/61XFkBFxYXL._SL500_.jpg" alt="Product Image"></a><p>Agutape 30 Rolls Washi Masking Tape Set,Decorative Craft Tape Collection for DIY and Gift Wrapping with Colorful Designs and Patterns</p><p> -22% 0FF </p><p>$6.99 ($0.02 / Foot)</p><a href="https://www.amazon.com/dp/B06ZZ5K124?tag=eloabder-20&linkCode=osi&th=1&psc=1">View Product</a></div>
<div class="product"><a href="https://www.amazon.com/dp/B00R50G1I8?tag=eloabder-20&linkCode=osi&th=1&psc=1"><img src="https://m.media-amazon.com/images/I/31XgMDb7tOL._SL500_.jpg" alt="Product Image"></a><p>Sizzix 660200 Big Shot Manual Die, 6 Inches</p><p> -31% 0FF </p><p>$94.78</p><a href="https://www.amazon.com/dp/B00R50G1I8?tag=eloabder-20&linkCode=osi&th=1&psc=1">View Product</a></div><div class="product"><a href="https://www.amazon.com/dp/B0746FQR66?tag=eloabder-20&linkCode=osi&th=1&psc=1"><img src="https://m.media-amazon.com/images/I/41cvyr3S4bL._SL500_.jpg" alt="Product Image"></a><p>Sizzix Sidekick Starter Kit 661770 Portable Manual Die Cutting & Embossing Machine for Arts & Crafts, Scrapbooking & Cardmaking, 6.35 cm Opening, 2.5" Opening, White</p><p> -36% 0FF </p><p>$36.96</p><a href="https://www.amazon.com/dp/B0746FQR66?tag=eloabder-20&linkCode=osi&th=1&psc=1">View Product</a></div><div class="product"><a href="https://www.amazon.com/dp/B084PWDN97?tag=eloabder-20&linkCode=osi&th=1&psc=1"><img src="https://m.media-amazon.com/images/I/31oXNnohDrL._SL500_.jpg" alt="Product Image"></a><p>Sizzix Big Shot Switch Plus Starter Kit (White), Electric Die Cutting & Embossing Machine For Arts & Crafts, Card Making, Scrapbooking & Papercraft (9-inch Opening)</p><p> -27% 0FF </p><p>$238.55</p><a href="https://www.amazon.com/dp/B084PWDN97?tag=eloabder-20&linkCode=osi&th=1&psc=1">View Product</a></div><div class="product"><a href="https://www.amazon.com/dp/B0B1DJF6C1?tag=eloabder-20&linkCode=osi&th=1&psc=1"><img src="https://m.media-amazon.com/images/I/413RKYc57PL._SL500_.jpg" alt="Product Image"></a><p>Mini Die Cutting and Embossing Machine for DIY Crafts 3.5" Feed Slot for 3" Paper and Other Materials</p><p> -15% 0FF </p><p>$34.19</p><a href="https://www.amazon.com/dp/B0B1DJF6C1?tag=eloabder-20&linkCode=osi&th=1&psc=1">View Product</a></div><div class="product"><a href="https://www.amazon.com/dp/B07YB8XV3Z?tag=eloabder-20&linkCode=osi&th=1&psc=1"><img src="https://m.media-amazon.com/images/I/31ijkd8Lb7L._SL500_.jpg" alt="Product Image"></a><p>Crafter's Companion - Gemini - Mini Manual Die Cutting and Embossing Machine, White</p><p> -29% 0FF </p><p>$31.75</p><a href="https://www.amazon.com/dp/B07YB8XV3Z?tag=eloabder-20&linkCode=osi&th=1&psc=1">View Product</a></div>
<div class="product"><a href="https://www.amazon.com/dp/B07KGH6VVB?tag=eloabder-20&linkCode=osi&th=1&psc=1"><img src="https://m.media-amazon.com/images/I/61UMbNlb4ML._SL500_.jpg" alt="Product Image"></a><p>Cutting Dies Stencil Triangle Square Rectangle Round Ellipse Metal Mould for DIY Scrapbook Album Paper Card</p><p> -10% 0FF </p><p>$14.39</p><a href="https://www.amazon.com/dp/B07KGH6VVB?tag=eloabder-20&linkCode=osi&th=1&psc=1">View Product</a></div><div class="product"><a href="https://www.amazon.com/dp/B0CYLGRC6H?tag=eloabder-20&linkCode=osi&th=1&psc=1"><img src="https://m.media-amazon.com/images/I/51SinekXt0L._SL500_.jpg" alt="Product Image"></a><p>Hexagonal Picture Frame Scrapbooking Die-Cuts,DIY Art Cutting Dies,Metal Cutting Dies for Crafts,Cut Dies for Card Making Suitable for Party,Wedding,Holiday…</p><p> -20% 0FF </p><p>$7.20</p><a href="https://www.amazon.com/dp/B0CYLGRC6H?tag=eloabder-20&linkCode=osi&th=1&psc=1">View Product</a></div><div class="product"><a href="https://www.amazon.com/dp/B006MLJIVI?tag=eloabder-20&linkCode=osi&th=1&psc=1"><img src="https://m.media-amazon.com/images/I/41JNYtODCOL._SL500_.jpg" alt="Product Image"></a><p>Ellison SureCut Die 16677-LG, Holiday, 10 Pack, 5 7/8" x 4 7/8" x 1"</p><p> -8% 0FF </p><p>$139.73</p><a href="https://www.amazon.com/dp/B006MLJIVI?tag=eloabder-20&linkCode=osi&th=1&psc=1">View Product</a></div>
<div class="product"><a href="https://www.amazon.com/dp/B0BJGRH85F?tag=eloabder-20&linkCode=osi&th=1&psc=1"><img src="https://m.media-amazon.com/images/I/41A84YvFpCL._SL500_.jpg" alt="Product Image"></a><p>Cricut Joy Machine & Digital Content Library Bundle - Includes 30 images in Design Space App - Portable DIY Smart Machine for creating customized cards, crafts, & labels</p><p> -34% 0FF </p><p>$99.00</p><a href="https://www.amazon.com/dp/B0BJGRH85F?tag=eloabder-20&linkCode=osi&th=1&psc=1">View Product</a></div>
<div class="product"><a href="https://www.amazon.com/dp/B07TJNPV76?tag=eloabder-20&linkCode=osi&th=1&psc=1"><img src="https://m.media-amazon.com/images/I/516RCtPt8FL._SL500_.jpg" alt="Product Image"></a><p>BARWA 57 Pack Doll Clothes and Accessories 5 Fashion Dresses 4 Tops 4 Pants Outfits 3 Wedding Gown Dresses 3 Swimsuits Bikini 5 Mini Dresses, 10 Hangers 15 Shoes Computer Cosmetic for 11.5 inch Doll</p><p> -14% 0FF </p><p>$18.99</p><a href="https://www.amazon.com/dp/B07TJNPV76?tag=eloabder-20&linkCode=osi&th=1&psc=1">View Product</a></div><div class="product"><a href="https://www.amazon.com/dp/B09YTWSKBH?tag=eloabder-20&linkCode=osi&th=1&psc=1"><img src="https://m.media-amazon.com/images/I/51l3VgeMGeL._SL500_.jpg" alt="Product Image"></a><p>Mayboos Needle Felting Kit,12 Pieces Doll Making Wool Needle Felting Starter Kit with Instruction,Felting Foam Mat and DIY Needle Felting Supply for DIY Craft Animal Home Decoration Birthday Gift</p><p> -35% 0FF </p><p>$22.09</p><a href="https://www.amazon.com/dp/B09YTWSKBH?tag=eloabder-20&linkCode=osi&th=1&psc=1">View Product</a></div><div class="product"><a href="https://www.amazon.com/dp/B0749W9PJ5?tag=eloabder-20&linkCode=osi&th=1&psc=1"><img src="https://m.media-amazon.com/images/I/518ANTzhqBL._SL500_.jpg" alt="Product Image"></a><p>Craft-tastic Learn to Sew Kit – 7 Fun Projects and Reusable Materials to Teach Basic Sewing Stitches, Embroidery & More--Ages 7+</p><p> -10% 0FF </p><p>$17.95</p><a href="https://www.amazon.com/dp/B0749W9PJ5?tag=eloabder-20&linkCode=osi&th=1&psc=1">View Product</a></div><div class="product"><a href="https://www.amazon.com/dp/B0CBVF4CD5?tag=eloabder-20&linkCode=osi&th=1&psc=1"><img src="https://m.media-amazon.com/images/I/51bR1o0kePL._SL500_.jpg" alt="Product Image"></a><p>Fedmut Needle Felting Kit, Animal Needle Felting Kit for Beginner Adult with Felting Wool, Felting Foam Mat, Felting Needles and Video Instructions, Complete Start Kit for Craft DIY Needle Felting</p><p> -15% 0FF </p><p>$6.79</p><a href="https://www.amazon.com/dp/B0CBVF4CD5?tag=eloabder-20&linkCode=osi&th=1&psc=1">View Product</a></div>
<div class="product"><a href="https://www.amazon.com/dp/B0027A397C?tag=eloabder-20&linkCode=osi&th=1&psc=1"><img src="https://m.media-amazon.com/images/I/517I9iGWpQL._SL500_.jpg" alt="Product Image"></a><p>Strathmore 200 Series Sketch Pad, 8.5x11 inch, 100 Sheets, Side Wire - Artist Sketchbook for Drawing, Illustration, Art Class Students</p><p> -26% 0FF </p><p>$7.99</p><a href="https://www.amazon.com/dp/B0027A397C?tag=eloabder-20&linkCode=osi&th=1&psc=1">View Product</a></div><div class="product"><a href="https://www.amazon.com/dp/B07T3NGD8B?tag=eloabder-20&linkCode=osi&th=1&psc=1"><img src="https://m.media-amazon.com/images/I/41hwTCl5LCL._SL500_.jpg" alt="Product Image"></a><p>UCreate Poly Cover Sketch Book, Heavyweight, 9" x 12", Black, 75 Sheets</p><p> -24% 0FF </p><p>$7.29</p><a href="https://www.amazon.com/dp/B07T3NGD8B?tag=eloabder-20&linkCode=osi&th=1&psc=1">View Product</a></div><div class="product"><a href="https://www.amazon.com/dp/B0B7N2Q1NQ?tag=eloabder-20&linkCode=osi&th=1&psc=1"><img src="https://m.media-amazon.com/images/I/51E78AJyMrL._SL500_.jpg" alt="Product Image"></a><p>Caliart 176PCS Art Supplies Sketching Kit with 100 Sheets 3-Color Sketch Book, Graphite Colored Charcoal Watercolor & Metallic Pencils, School Supplies Gifts for Artists Adults Teens Girls Boys Kids</p><p> -31% 0FF </p><p>$24.99</p><a href="https://www.amazon.com/dp/B0B7N2Q1NQ?tag=eloabder-20&linkCode=osi&th=1&psc=1">View Product</a></div>
<div class="product"><a href="https://www.amazon.com/dp/B0012NCOJY?tag=eloabder-20&linkCode=osi&th=1&psc=1"><img src="https://m.media-amazon.com/images/I/41b+WM+NthL._SL500_.jpg" alt="Product Image"></a><p>Pacon 4746 Art1st Sketch Pad, 60 lbs. Heavyweight Drawing Paper. 9 x 12, 50 Sheets</p><p> -51% 0FF </p><p>$3.96 ($0.08 / Count)</p><a href="https://www.amazon.com/dp/B0012NCOJY?tag=eloabder-20&linkCode=osi&th=1&psc=1">View Product</a></div><div class="product"><a href="https://www.amazon.com/dp/B001B0F3J6?tag=eloabder-20&linkCode=osi&th=1&psc=1"><img src="https://m.media-amazon.com/images/I/31xSYmcOmIL._SL500_.jpg" alt="Product Image"></a><p>Pacon Drawing Paper, White, Standard Weight, 9" x 12", 500 Sheets</p><p> -20% 0FF </p><p>$16.91</p><a href="https://www.amazon.com/dp/B001B0F3J6?tag=eloabder-20&linkCode=osi&th=1&psc=1">View Product</a></div><div class="product"><a href="https://www.amazon.com/dp/B000A7OPAO?tag=eloabder-20&linkCode=osi&th=1&psc=1"><img src="https://m.media-amazon.com/images/I/51tDMDAC+oL._SL500_.jpg" alt="Product Image"></a><p>Strathmore Medium Drawing Spiral Paper Pad 11"X14"-24 Sheets -400500</p><p> -33% 0FF </p><p>$6.49</p><a href="https://www.amazon.com/dp/B000A7OPAO?tag=eloabder-20&linkCode=osi&th=1&psc=1">View Product</a></div><div class="product"><a href="https://www.amazon.com/dp/B00246YOY6?tag=eloabder-20&linkCode=osi&th=1&psc=1"><img src="https://m.media-amazon.com/images/I/51JQCBpAcoL._SL500_.jpg" alt="Product Image"></a><p>Strathmore 300 Series Drawing Paper Pad, Top Wire Bound, 9x12 inches, 50 Sheets (70lb/114g) - Artist Paper for Adults and Students - Charcoal, Colored Pencil, Ink, Pastel, Marker</p><p> -18% 0FF </p><p>$9.99</p><a href="https://www.amazon.com/dp/B00246YOY6?tag=eloabder-20&linkCode=osi&th=1&psc=1">View Product</a></div>
<div class="product"><a href="https://www.amazon.com/dp/B0BNDN87NX?tag=eloabder-20&linkCode=osi&th=1&psc=1"><img src="https://m.media-amazon.com/images/I/51NywOCibJL._SL500_.jpg" alt="Product Image"></a><p>Micro Fineliner Drawing Art Pens: 12 Black Fine Line Waterproof Ink Set Artist Supplies Archival Inking Markers Liner Professional Sketch Outline Anime Sketching Watercolor Zentangle Gift Stuff</p><p> -17% 0FF </p><p>$9.99</p><a href="https://www.amazon.com/dp/B0BNDN87NX?tag=eloabder-20&linkCode=osi&th=1&psc=1">View Product</a></div><div class="product"><a href="https://www.amazon.com/dp/B088B9ZNXC?tag=eloabder-20&linkCode=osi&th=1&psc=1"><img src="https://m.media-amazon.com/images/I/512tY3nGvHL._SL500_.jpg" alt="Product Image"></a><p>TWOHANDS Art Pens,Fineliner Ink Pens,Set of 12 Technical Drawing pen,Pigment Pen,Fine Point,Black,Waterproof,for Art Watercolor,Sketching,Anime,Manga, 902188</p><p> -38% 0FF </p><p>$9.99</p><a href="https://www.amazon.com/dp/B088B9ZNXC?tag=eloabder-20&linkCode=osi&th=1&psc=1">View Product</a></div><div class="product"><a href="https://www.amazon.com/dp/B08BZYK2NY?tag=eloabder-20&linkCode=osi&th=1&psc=1"><img src="https://m.media-amazon.com/images/I/41FCRf7Bf9L._SL500_.jpg" alt="Product Image"></a><p>Mr. Pen- Drawing Pens for Artists, 8 Pack Black Multiliner/Fineliner Micro Anime/Sketch Pens, Line Art/Inking Pens, Fine Point Bible Journaling Pens</p><p> -33% 0FF </p><p>$7.99</p><a href="https://www.amazon.com/dp/B08BZYK2NY?tag=eloabder-20&linkCode=osi&th=1&psc=1">View Product</a></div><div class="product"><a href="https://www.amazon.com/dp/B000TKEZDO?tag=eloabder-20&linkCode=osi&th=1&psc=1"><img src="https://m.media-amazon.com/images/I/31pwtogn53L._SL500_.jpg" alt="Product Image"></a><p>Faber-Castell Art & Graphic Pitt Artist Pen India Ink Pen, Black, Wallet Of 4, For Art, Craft, Drawing, Sketching, Home, School, University, Colouring</p><p> -43% 0FF </p><p>$7.50 ($1.88 / Count)</p><a href="https://www.amazon.com/dp/B000TKEZDO?tag=eloabder-20&linkCode=osi&th=1&psc=1">View Product</a></div><div class="product"><a href="https://www.amazon.com/dp/B01M71S9DU?tag=eloabder-20&linkCode=osi&th=1&psc=1"><img src="https://m.media-amazon.com/images/I/41prZ6JB6AL._SL500_.jpg" alt="Product Image"></a><p>Tombow 62038 Fudenosuke Brush Pen, 2-Pack. Soft and Hard Tip Fudenosuke Brush Pens for Calligraphy and Art Drawings</p><p> -18% 0FF </p><p>$5.87</p><a href="https://www.amazon.com/dp/B01M71S9DU?tag=eloabder-20&linkCode=osi&th=1&psc=1">View Product</a></div>
<div class="product"><a href="https://www.amazon.com/dp/B08FHMRW4L?tag=eloabder-20&linkCode=osi&th=1&psc=1"><img src="https://m.media-amazon.com/images/I/51Pmn5gjyzL._SL500_.jpg" alt="Product Image"></a><p>Mr. Pen- Sketch Pencils for Drawing, 14 Pack, Drawing Pencils, Art Pencils, Graphite Pencils, Graphite Pencils for Drawing, Art Pencils for Drawing and Shading</p><p> -45% 0FF </p><p>$5.99</p><a href="https://www.amazon.com/dp/B08FHMRW4L?tag=eloabder-20&linkCode=osi&th=1&psc=1">View Product</a></div><div class="product"><a href="https://www.amazon.com/dp/B09H278RXT?tag=eloabder-20&linkCode=osi&th=1&psc=1"><img src="https://m.media-amazon.com/images/I/51RJXKELRPL._SL500_.jpg" alt="Product Image"></a><p>Drawing Pencils Set of 14 (B - 12B) Sketching Pencils for Drawing, Shading & Doodling | Professional Sketch Pencils Graphite Grades for Artists & Beginners</p><p> -29% 0FF </p><p>$4.97</p><a href="https://www.amazon.com/dp/B09H278RXT?tag=eloabder-20&linkCode=osi&th=1&psc=1">View Product</a></div><div class="product"><a href="https://www.amazon.com/dp/B00006RVSK?tag=eloabder-20&linkCode=osi&th=1&psc=1"><img src="https://m.media-amazon.com/images/I/31CY7jj4YQL._SL500_.jpg" alt="Product Image"></a><p>Prismacolor Ebony Graphite Drawing Pencils, Black, Adult Coloring, Box Of 12</p><p> -38% 0FF </p><p>$7.30</p><a href="https://www.amazon.com/dp/B00006RVSK?tag=eloabder-20&linkCode=osi&th=1&psc=1">View Product</a></div>
<div class="product"><a href="https://www.amazon.com/dp/B095WXRNCM?tag=eloabder-20&linkCode=osi&th=1&psc=1"><img src="https://m.media-amazon.com/images/I/61iX6E0qmVL._SL500_.jpg" alt="Product Image"></a><p>Soucolor 73 Art Supplies for Adults Kids, Art Kit Drawing Supplies Sketching Pencils Coloring Set with Sketchbook, Coloring Book, Charcoal Metallic Graphite for Shading Blending, Gifts for Teen</p><p> -15% 0FF </p><p>$16.99</p><a href="https://www.amazon.com/dp/B095WXRNCM?tag=eloabder-20&linkCode=osi&th=1&psc=1">View Product</a></div>
<div class="product"><a href="https://www.amazon.com/dp/B09SG2T299?tag=eloabder-20&linkCode=osi&th=1&psc=1"><img src="https://m.media-amazon.com/images/I/61BtYbHF-BL._SL500_.jpg" alt="Product Image"></a><p>LAVEVE Dried Flowers, 21 Bags 100% Natural Dried Flowers Herbs Kit for Soap Making, DIY Candle, Bath, Resin Jewelry Making - Include Lavender, Don't Forget Me, Lily, Rose Petals, Jasmine and More</p><p> -17% 0FF </p><p>$11.99</p><a href="https://www.amazon.com/dp/B09SG2T299?tag=eloabder-20&linkCode=osi&th=1&psc=1">View Product</a></div><div class="product"><a href="https://www.amazon.com/dp/B08L1K1RNV?tag=eloabder-20&linkCode=osi&th=1&psc=1"><img src="https://m.media-amazon.com/images/I/61byW5PthAL._SL500_.jpg" alt="Product Image"></a><p>9 Bags Dried Flowers,100% Natural Dried Flowers Herbs Kit for Soap Making, DIY Candle Making,Bath - Include Rose Petals,Lavender,Don't Forget Me,Lilium,Jasmine,Rosebudsand More</p><p> -17% 0FF </p><p>$7.49</p><a href="https://www.amazon.com/dp/B08L1K1RNV?tag=eloabder-20&linkCode=osi&th=1&psc=1">View Product</a></div><div class="product"><a href="https://www.amazon.com/dp/B09TS8KZ3T?tag=eloabder-20&linkCode=osi&th=1&psc=1"><img src="https://m.media-amazon.com/images/I/61uRBe-uccL._SL500_.jpg" alt="Product Image"></a><p>SACATR Dried Flowers, 50 Bags 100% Natural Dried Herbs Kit for Soap Making, Candle, Resin Jewelry Making, Bath, Nail - Include Rose Petals, Rosebuds, Lilium, Jasmine, Don't Forget Me and More</p><p> -9% 0FF </p><p>$29.99 ($0.60 / Count)</p><a href="https://www.amazon.com/dp/B09TS8KZ3T?tag=eloabder-20&linkCode=osi&th=1&psc=1">View Product</a></div><div class="product"><a href="https://www.amazon.com/dp/B08DCN3B4Q?tag=eloabder-20&linkCode=osi&th=1&psc=1"><img src="https://m.media-amazon.com/images/I/613OohyofUL._SL500_.jpg" alt="Product Image"></a><p>Vignee Real Dried Pressed Leaf Flowers-Multiple Colorful Pressed Flowers Daisies for Craft Resin Jewelry Making Art Craft DIY（Violet）</p><p> -29% 0FF </p><p>$9.98</p><a href="https://www.amazon.com/dp/B08DCN3B4Q?tag=eloabder-20&linkCode=osi&th=1&psc=1">View Product</a></div>

<div class="product"><a href="https://www.amazon.com/dp/B09TT6964Q?tag=eloabder-20&linkCode=osi&th=1&psc=1"><img src="https://m.media-amazon.com/images/I/41zwxyx8wzL._SL500_.jpg" alt="Product Image"></a><p>Pin Vise Hand Drill for Jewelry Making - Craft911 Manual Craft Drill Sharp HSS Micro Mini Twist Drill Bits Set, Small Rotary Tools for Wood, Plastic, Miniature - Blue</p><p> -38% 0FF </p><p>$9.99</p><a href="https://www.amazon.com/dp/B09TT6964Q?tag=eloabder-20&linkCode=osi&th=1&psc=1">View Product</a></div><div class="product"><a href="https://www.amazon.com/dp/B01LX208SY?tag=eloabder-20&linkCode=osi&th=1&psc=1"><img src="https://m.media-amazon.com/images/I/41c5iHU7GAL._SL500_.jpg" alt="Product Image"></a><p>Tamiya - 74041 - Accessory for Model - Mini Electric Drill</p><p> -12% 0FF </p><p>$28.00</p><a href="https://www.amazon.com/dp/B01LX208SY?tag=eloabder-20&linkCode=osi&th=1&psc=1">View Product</a></div><div class="product"><a href="https://www.amazon.com/dp/B00470PNBK?tag=eloabder-20&linkCode=osi&th=1&psc=1"><img src="https://m.media-amazon.com/images/I/51nCqbTfr0L._SL500_.jpg" alt="Product Image"></a><p>3" Metal Cutting Wheels W/ 1/4" Mandrel, 5Pc #80210</p><p> -8% 0FF </p><p>$12.85</p><a href="https://www.amazon.com/dp/B00470PNBK?tag=eloabder-20&linkCode=osi&th=1&psc=1">View Product</a></div><div class="product"><a href="https://www.amazon.com/dp/B07PVPC8G5?tag=eloabder-20&linkCode=osi&th=1&psc=1"><img src="https://m.media-amazon.com/images/I/416MxAcnl2L._SL500_.jpg" alt="Product Image"></a><p>WSOOX Square Hole Drill Bits for Wood, Woodworking Hole Saw Mortising Chisel Drill Bits (Size: 1/4 inch, 5/16 inch, 3/8 inch, 1/2 inch)</p><p> -15% 0FF </p><p>$22.99</p><a href="https://www.amazon.com/dp/B07PVPC8G5?tag=eloabder-20&linkCode=osi&th=1&psc=1">View Product</a></div>
<div class="product"><a href="https://www.amazon.com/dp/B00AQ72LF4?tag=eloabder-20&linkCode=osi&th=1&psc=1"><img src="https://m.media-amazon.com/images/I/41w7DkJ50YL._SL500_.jpg" alt="Product Image"></a><p>Rit Purpose Liquid Dye, 8 Oz, Royal Blue</p><p> -45% 0FF </p><p>$3.49</p><a href="https://www.amazon.com/dp/B00AQ72LF4?tag=eloabder-20&linkCode=osi&th=1&psc=1">View Product</a></div><div class="product"><a href="https://www.amazon.com/dp/B001JGNPM4?tag=eloabder-20&linkCode=osi&th=1&psc=1"><img src="https://m.media-amazon.com/images/I/41AmSK-Cv5L._SL500_.jpg" alt="Product Image"></a><p>Rit Dye RIT COLORSTAY, 8 fl oz, Clear</p><p> -30% 0FF </p><p>$3.49 ($0.44 / Fl Oz)</p><a href="https://www.amazon.com/dp/B001JGNPM4?tag=eloabder-20&linkCode=osi&th=1&psc=1">View Product</a></div><div class="product"><a href="https://www.amazon.com/dp/B00UL9GRJI?tag=eloabder-20&linkCode=osi&th=1&psc=1"><img src="https://m.media-amazon.com/images/I/412cjSJpuKL._SL500_.jpg" alt="Product Image"></a><p>Rit DyeMore Liquid Dye, Chocolate Brown 7-Ounce</p><p> -59% 0FF </p><p>$4.47</p><a href="https://www.amazon.com/dp/B00UL9GRJI?tag=eloabder-20&linkCode=osi&th=1&psc=1">View Product</a></div><div class="product"><a href="https://www.amazon.com/dp/B0BSGFBS77?tag=eloabder-20&linkCode=osi&th=1&psc=1"><img src="https://m.media-amazon.com/images/I/51sB3k7QpOL._SL500_.jpg" alt="Product Image"></a><p>YRYM HT Epoxy Resin Pigment - 16 Colors Non-Toxic Epoxy Resin Color Pigment for Resin Coloring, Concentrated Resin Dye for Jewelry Making, Art, Paint, Crafts - 0.35oz/10ml Each</p><p> -9% 0FF </p><p>$9.99</p><a href="https://www.amazon.com/dp/B0BSGFBS77?tag=eloabder-20&linkCode=osi&th=1&psc=1">View Product</a></div>
<div class="product"><a href="https://www.amazon.com/dp/B097SKG9VM?tag=eloabder-20&linkCode=osi&th=1&psc=1"><img src="https://m.media-amazon.com/images/I/410hj1m+piL._SL500_.jpg" alt="Product Image"></a><p>Artify Easel for Painting, Double-Tier Easel Stand, Adjustable Height from 22-66 Inches, Tripod for Painting and Display with Carrying Bag, 66 Inches, Black</p><p> -23% 0FF </p><p>$19.99</p><a href="https://www.amazon.com/dp/B097SKG9VM?tag=eloabder-20&linkCode=osi&th=1&psc=1">View Product</a></div><div class="product"><a href="https://www.amazon.com/dp/B0B1Z93G2C?tag=eloabder-20&linkCode=osi&th=1&psc=1"><img src="https://m.media-amazon.com/images/I/41clhL8HDkL._SL500_.jpg" alt="Product Image"></a><p>JNZYB Easel Stand for Display Wedding Sign & Poster - 63 Inches Tall Easle for Display Holder - Portable Collapsable Poster Easel - Floor Adjustable Metal Painting Easels Tripod Black</p><p> -14% 0FF </p><p>$17.99</p><a href="https://www.amazon.com/dp/B0B1Z93G2C?tag=eloabder-20&linkCode=osi&th=1&psc=1">View Product</a></div><div class="product"><a href="https://www.amazon.com/dp/B07Z5BTQR3?tag=eloabder-20&linkCode=osi&th=1&psc=1"><img src="https://m.media-amazon.com/images/I/41-YRD77X0L._SL500_.jpg" alt="Product Image"></a><p>Nicpro Folding Easels for Display, 2 Pack 63 Inch Metal Floor Easel Stand Tripod Black Portable for Artist Poster Wedding with Carry Bag</p><p> -12% 0FF </p><p>$26.49</p><a href="https://www.amazon.com/dp/B07Z5BTQR3?tag=eloabder-20&linkCode=osi&th=1&psc=1">View Product</a></div>
<div class="product"><a href="https://www.amazon.com/dp/B0BXKFPHG5?tag=eloabder-20&linkCode=osi&th=1&psc=1"><img src="https://m.media-amazon.com/images/I/511hcLWwsjL._SL500_.jpg" alt="Product Image"></a><p>NACHLYNN 12000 Pcs Flat Back Pearl 8 Sizes Flatback Pearl Beads Half Pearl Bead Half Round Pearls for Crafts Embellishment Shoes DIY Phone Case Making</p><p> -14% 0FF </p><p>$8.59 ($1.22 / Ounce)</p><a href="https://www.amazon.com/dp/B0BXKFPHG5?tag=eloabder-20&linkCode=osi&th=1&psc=1">View Product</a></div><div class="product"><a href="https://www.amazon.com/dp/B07TC687GQ?tag=eloabder-20&linkCode=osi&th=1&psc=1"><img src="https://m.media-amazon.com/images/I/61k7NI1MJTL._SL500_.jpg" alt="Product Image"></a><p>125 PCS Vintage Skeleton Key Set Charms, JIALEEY Mixed Antique Style Bronze Brass for Pendant DIY Jewelry Making Wedding Party Favors</p><p> -42% 0FF </p><p>$6.99</p><a href="https://www.amazon.com/dp/B07TC687GQ?tag=eloabder-20&linkCode=osi&th=1&psc=1">View Product</a></div><div class="product"><a href="https://www.amazon.com/dp/B06XWWH3SR?tag=eloabder-20&linkCode=osi&th=1&psc=1"><img src="https://m.media-amazon.com/images/I/61f1Q0IyVcL._SL500_.jpg" alt="Product Image"></a><p>JPSOR 600pcs Gems Jewels for Crafts, Acrylic Flatback Rhinestones for Halloween Pirate Party Decorations, Crafting Embellishments Gemstone (6 Shapes, 6-13mm)</p><p> -32% 0FF </p><p>$6.29</p><a href="https://www.amazon.com/dp/B06XWWH3SR?tag=eloabder-20&linkCode=osi&th=1&psc=1">View Product</a></div>
<div class="product"><a href="https://www.amazon.com/dp/B0B3CNZR5K?tag=eloabder-20&linkCode=osi&th=1&psc=1"><img src="https://m.media-amazon.com/images/I/41YsiLVF9bL._SL500_.jpg" alt="Product Image"></a><p>SPELLBINDERS PAPERCRAFTS, INC 3D Embossing Folder Beau Bloom, Opaque</p><p> -22% 0FF </p><p>$11.64</p><a href="https://www.amazon.com/dp/B0B3CNZR5K?tag=eloabder-20&linkCode=osi&th=1&psc=1">View Product</a></div><div class="product"><a href="https://www.amazon.com/dp/B06Y2J6NS2?tag=eloabder-20&linkCode=osi&th=1&psc=1"><img src="https://m.media-amazon.com/images/I/51pgkVjniuL._SL500_.jpg" alt="Product Image"></a><p>Sizzix, Multi Color, One Size Embossing Folder 661824, Lace</p><p> -43% 0FF </p><p>$7.37</p><a href="https://www.amazon.com/dp/B06Y2J6NS2?tag=eloabder-20&linkCode=osi&th=1&psc=1">View Product</a></div>
<div class="product"><a href="https://www.amazon.com/dp/B00J39I2F4?tag=eloabder-20&linkCode=osi&th=1&psc=1"><img src="https://m.media-amazon.com/images/I/5135vUrjueL._SL500_.jpg" alt="Product Image"></a><p>Ranger Embossing Powder, .56 Ounce Jar, Super Fine Black</p><p> -8% 0FF </p><p>$6.80</p><a href="https://www.amazon.com/dp/B00J39I2F4?tag=eloabder-20&linkCode=osi&th=1&psc=1">View Product</a></div><div class="product"><a href="https://www.amazon.com/dp/B0013JROB0?tag=eloabder-20&linkCode=osi&th=1&psc=1"><img src="https://m.media-amazon.com/images/I/41uM-s9fN6L._SL500_.jpg" alt="Product Image"></a><p>Ranger Ultra Thick Embossing Powder 6-ounce, Clear</p><p> -9% 0FF </p><p>$16.35 ($2.72 / Ounce)</p><a href="https://www.amazon.com/dp/B0013JROB0?tag=eloabder-20&linkCode=osi&th=1&psc=1">View Product</a></div>
<div class="product"><a href="https://www.amazon.com/dp/B07QFRD6SQ?tag=eloabder-20&linkCode=osi&th=1&psc=1"><img src="https://m.media-amazon.com/images/I/41tmpE54CvL._SL500_.jpg" alt="Product Image"></a><p>ABenkle 10Pcs Dotting Tools Ball Styluses for Rock Painting, Pottery Clay Modeling Embossing Art Mandala</p><p> -14% 0FF </p><p>$5.99 ($0.60 / Count)</p><a href="https://www.amazon.com/dp/B07QFRD6SQ?tag=eloabder-20&linkCode=osi&th=1&psc=1">View Product</a></div><div class="product"><a href="https://www.amazon.com/dp/B07SSCN6V1?tag=eloabder-20&linkCode=osi&th=1&psc=1"><img src="https://m.media-amazon.com/images/I/311dLXgZYOL._SL500_.jpg" alt="Product Image"></a><p>Sizzix Heat Tool , Dual Speed, US Version for Shrink Plastic, Moulding, Embossing, Scrapbooking, Cardmaking, Papercraft & DIY, Multi Color, One Size, Multicolour</p><p> -34% 0FF </p><p>$21.19</p><a href="https://www.amazon.com/dp/B07SSCN6V1?tag=eloabder-20&linkCode=osi&th=1&psc=1">View Product</a></div>
<div class="product"><a href="https://www.amazon.com/dp/B077Z5VJHN?tag=eloabder-20&linkCode=osi&th=1&psc=1"><img src="https://m.media-amazon.com/images/I/513G8qFSDiL._SL500_.jpg" alt="Product Image"></a><p>New brothread 40 Brother Colors Polyester Embroidery Machine Thread Kit 500M (550Y) Each Spool for Brother Babylock Janome Singer Pfaff Husqvarna Bernina Sewing Machines</p><p> -30% 0FF </p><p>$25.99 ($0.00 / Foot)</p><a href="https://www.amazon.com/dp/B077Z5VJHN?tag=eloabder-20&linkCode=osi&th=1&psc=1">View Product</a></div>
<div class="product"><a href="https://www.amazon.com/dp/B09TNBFF73?tag=eloabder-20&linkCode=osi&th=1&psc=1"><img src="https://m.media-amazon.com/images/I/51NHCkApGGL._SL500_.jpg" alt="Product Image"></a><p>Beech Wood Tapestry Scroll Embroidery Frames, Needlepoint Cross Stitch Holder, Quilting Frames, Needlepoint Holder, Stitching Frame for Sewing, Cross Stitch, Embroidery Projects</p><p> -7% 0FF </p><p>$25.99</p><a href="https://www.amazon.com/dp/B09TNBFF73?tag=eloabder-20&linkCode=osi&th=1&psc=1">View Product</a></div>
<div class="product"><a href="https://www.amazon.com/dp/B07K9HHRW9?tag=eloabder-20&linkCode=osi&th=1&psc=1"><img src="https://m.media-amazon.com/images/I/51Ywxes9hYL._SL500_.jpg" alt="Product Image"></a><p>Caydo 12 Pieces 6 Inch Embroidery Hoops Set Bulk Circle Cross Stitch Hoop Round Ring</p><p> -42% 0FF </p><p>$17.99</p><a href="https://www.amazon.com/dp/B07K9HHRW9?tag=eloabder-20&linkCode=osi&th=1&psc=1">View Product</a></div>
<div class="product"><a href="https://www.amazon.com/dp/B084T4PTN7?tag=eloabder-20&linkCode=osi&th=1&psc=1"><img src="https://m.media-amazon.com/images/I/51CvRgFO-nL._SL500_.jpg" alt="Product Image"></a><p>53 Pieces Cross Stitch Tool Embroidery Starter Kit, includes Bamboo Circle Cross Stitch Hoop Ring, Vintage Sewing Scissors, Needle-Threading Tools, Thimbles, Floss Bobbins, Seam Ripper and Embroidery</p><p> -6% 0FF </p><p>$14.99</p><a href="https://www.amazon.com/dp/B084T4PTN7?tag=eloabder-20&linkCode=osi&th=1&psc=1">View Product</a></div><div class="product"><a href="https://www.amazon.com/dp/B0BZP6ZGN8?tag=eloabder-20&linkCode=osi&th=1&psc=1"><img src="https://m.media-amazon.com/images/I/51mlLtsppFL._SL500_.jpg" alt="Product Image"></a><p>Picoey Modern Flower Heart Embroidery Kit for Beginners with Pattern and Instructions,4 Pack Cross Stitch Kits,2 Wooden Embroidery Hoops,Threads and Needles,Needlepoint Kit for Adults</p><p> -20% 0FF </p><p>$14.39</p><a href="https://www.amazon.com/dp/B0BZP6ZGN8?tag=eloabder-20&linkCode=osi&th=1&psc=1">View Product</a></div>
<div class="product"><a href="https://www.amazon.com/dp/B0893412R4?tag=eloabder-20&linkCode=osi&th=1&psc=1"><img src="https://m.media-amazon.com/images/I/51UQ3vEfiIL._SL500_.jpg" alt="Product Image"></a><p>23 PCS Large Eye Sewing Needles, 2.36in Sewing Sharp Needles, Leather Needle Embroidery Thread Needle, Stainless Steel Yarn Knitting Needles with a 3.3in Plastic Bottle</p><p> -26% 0FF </p><p>$3.99</p><a href="https://www.amazon.com/dp/B0893412R4?tag=eloabder-20&linkCode=osi&th=1&psc=1">View Product</a></div><div class="product"><a href="https://www.amazon.com/dp/B0CR16V8LH?tag=eloabder-20&linkCode=osi&th=1&psc=1"><img src="https://m.media-amazon.com/images/I/51seXBZrmSL._SL500_.jpg" alt="Product Image"></a><p>FIVEIZERO 30-Count Premium Hand Sewing Needles, 6 Sizes Embroidery Needles Kit with Threaders for Hand Sewing Crafts,Large Eye Sewing Needle Kit for Art and Craft Projects</p><p> -33% 0FF </p><p>$3.99</p><a href="https://www.amazon.com/dp/B0CR16V8LH?tag=eloabder-20&linkCode=osi&th=1&psc=1">View Product</a></div><div class="product"><a href="https://www.amazon.com/dp/B0C52SWHNY?tag=eloabder-20&linkCode=osi&th=1&psc=1"><img src="https://m.media-amazon.com/images/I/51PTOYvxsuL._SL500_.jpg" alt="Product Image"></a><p>FIVEIZERO 80/40 PCS Large Eye Sewing Needles, 7 Sizes Sewing Sharp Needles, Leather Needle Embroidery Thread Needle, Stainless Steel Yarn Knitting Needles with Threaders for Handsewing Art Crafts CJ</p><p> -29% 0FF </p><p>$4.99</p><a href="https://www.amazon.com/dp/B0C52SWHNY?tag=eloabder-20&linkCode=osi&th=1&psc=1">View Product</a></div><div class="product"><a href="https://www.amazon.com/dp/B000YQEVYQ?tag=eloabder-20&linkCode=osi&th=1&psc=1"><img src="https://m.media-amazon.com/images/I/31ofpWcLFnL._SL500_.jpg" alt="Product Image"></a><p>Clover Gold Eye Embroidery Needles Size 3-9 - 16 Pack</p><p> -34% 0FF </p><p>$4.72 ($0.30 / Count)</p><a href="https://www.amazon.com/dp/B000YQEVYQ?tag=eloabder-20&linkCode=osi&th=1&psc=1">View Product</a></div><div class="product"><a href="https://www.amazon.com/dp/B08FG2SW2J?tag=eloabder-20&linkCode=osi&th=1&psc=1"><img src="https://m.media-amazon.com/images/I/51NLNzyOQiL._SL500_.jpg" alt="Product Image"></a><p>KYUEWRT 25 Large Eye Embroidery Needles-5 Sizes Big Eye Hand Sewing Needles in Aluminum Storage Tube</p><p> -9% 0FF </p><p>$4.99</p><a href="https://www.amazon.com/dp/B08FG2SW2J?tag=eloabder-20&linkCode=osi&th=1&psc=1">View Product</a></div>
<div class="product"><a href="https://www.amazon.com/dp/B007X6YQO0?tag=eloabder-20&linkCode=osi&th=1&psc=1"><img src="https://m.media-amazon.com/images/I/51zNbVKMfBL._SL500_.jpg" alt="Product Image"></a><p>Aunt Martha's 402 Flowers and Butterflies Embroidery Transfer Pattern Book, Over 25 Iron On Patterns</p><p> -9% 0FF </p><p>$5.31 ($0.21 / Count)</p><a href="https://www.amazon.com/dp/B007X6YQO0?tag=eloabder-20&linkCode=osi&th=1&psc=1">View Product</a></div><div class="product"><a href="https://www.amazon.com/dp/B0C53Y6RT5?tag=eloabder-20&linkCode=osi&th=1&psc=1"><img src="https://m.media-amazon.com/images/I/51V0SAIOO-L._SL500_.jpg" alt="Product Image"></a><p>Patemby 50Pcs Water Soluble Embroidery Stabilizers, Stick and Stitch Embroidery Paper with Pre-Printed Flowers and Leaves Pattern Transfers for Hand Sewing Lover Beginners (Flower)</p><p> -40% 0FF </p><p>$5.99</p><a href="https://www.amazon.com/dp/B0C53Y6RT5?tag=eloabder-20&linkCode=osi&th=1&psc=1">View Product</a></div>

<div class="product"><a href="https://www.amazon.com/dp/B0CZM9L4SP?tag=eloabder-20&linkCode=osi&th=1&psc=1"><img src="https://m.media-amazon.com/images/I/410gggXHgKL._SL500_.jpg" alt="Product Image"></a><p>Craft Crush Wire Flowers - Create Unique Craft Wire Flower Designs with Easy to Use Tool and Guide with Display Stand - for Teens and Adults Ages 12, 13, 14, 15 and Up</p><p> -6% 0FF </p><p>$18.76</p><a href="https://www.amazon.com/dp/B0CZM9L4SP?tag=eloabder-20&linkCode=osi&th=1&psc=1">View Product</a></div><div class="product"><a href="https://www.amazon.com/dp/B0C8CTL1TX?tag=eloabder-20&linkCode=osi&th=1&psc=1"><img src="https://m.media-amazon.com/images/I/51pZKpeKoHL._SL500_.jpg" alt="Product Image"></a><p>Pom Pom Painting Art Kit for Beginners, Perfect Craft Projects for Adults, Colorful Pom Poms and Supplies Included, DIY Pom Pom Painting on Paint Canvas.(Sunflower)</p><p> -25% 0FF </p><p>$11.99</p><a href="https://www.amazon.com/dp/B0C8CTL1TX?tag=eloabder-20&linkCode=osi&th=1&psc=1">View Product</a></div>
<div class="product"><a href="https://www.amazon.com/dp/B076CP6F36?tag=eloabder-20&linkCode=osi&th=1&psc=1"><img src="https://m.media-amazon.com/images/I/51rfEIvgI+L._SL500_.jpg" alt="Product Image"></a><p>Apple Barrel, Vibrant Spectrum Collection Acrylic Craft Paint, PROMOABIII, 2 fl oz each, 16 assorted matte colors, 16 count</p><p> -6% 0FF </p><p>$15.97 ($0.50 / Fl Oz)</p><a href="https://www.amazon.com/dp/B076CP6F36?tag=eloabder-20&linkCode=osi&th=1&psc=1">View Product</a></div><div class="product"><a href="https://www.amazon.com/dp/B0018NBVKQ?tag=eloabder-20&linkCode=osi&th=1&psc=1"><img src="https://m.media-amazon.com/images/I/31YlSvZMTCL._SL500_.jpg" alt="Product Image"></a><p>Apple Barrel Acrylic Paint in Assorted Colors (8 Ounce), 20403 White</p><p> -34% 0FF </p><p>$2.97 ($0.37 / Fl Oz)</p><a href="https://www.amazon.com/dp/B0018NBVKQ?tag=eloabder-20&linkCode=osi&th=1&psc=1">View Product</a></div><div class="product"><a href="https://www.amazon.com/dp/B08QNJ7KSF?tag=eloabder-20&linkCode=osi&th=1&psc=1"><img src="https://m.media-amazon.com/images/I/61pzWyQ8+vL._SL500_.jpg" alt="Product Image"></a><p>Acrylic Paint Set Canvas Art Paints 24 Colors (0.41oz,12 ml) With 3 Brushes - Painting Canvas, Paper, Wood, Rock, Ceramic & Fabric</p><p> -37% 0FF </p><p>$9.99 ($1.04 / Fl Oz)</p><a href="https://www.amazon.com/dp/B08QNJ7KSF?tag=eloabder-20&linkCode=osi&th=1&psc=1">View Product</a></div><div class="product"><a href="https://www.amazon.com/dp/B0CYLMHHC1?tag=eloabder-20&linkCode=osi&th=1&psc=1"><img src="https://m.media-amazon.com/images/I/510S5ZntMHL._SL500_.jpg" alt="Product Image"></a><p>Nicpro 14 Colors Large Bulk Acrylic Paint Set (16.9 oz, 500 ml) Non Toxic Art Painting Supplies for Multi Surface Fabric Canvas Wood Leather Stone, Craft Paint for Kid & Adult with Color Wheel</p><p> -14% 0FF </p><p>$49.99 ($0.21 / Fl Oz)</p><a href="https://www.amazon.com/dp/B0CYLMHHC1?tag=eloabder-20&linkCode=osi&th=1&psc=1">View Product</a></div><div class="product"><a href="https://www.amazon.com/dp/B0829R16YG?tag=eloabder-20&linkCode=osi&th=1&psc=1"><img src="https://m.media-amazon.com/images/I/51i5zSZyD8L._SL500_.jpg" alt="Product Image"></a><p>Apple Barrel Essentials Acrylic Paint Set, 12, 24 Fl Oz (Pack of 1)</p><p> -30% 0FF </p><p>$11.24 ($0.47 / Fl Oz)</p><a href="https://www.amazon.com/dp/B0829R16YG?tag=eloabder-20&linkCode=osi&th=1&psc=1">View Product</a></div>
<div class="product"><a href="https://www.amazon.com/dp/B0CHTZD63Q?tag=eloabder-20&linkCode=osi&th=1&psc=1"><img src="https://m.media-amazon.com/images/I/511hgeOlnkL._SL500_.jpg" alt="Product Image"></a><p>Secopad Scrapbook Tape, 4 Pack Double Sided Tape Roller for Crafts, Adhesive Tape Glue Runner Scrapbooking Supplies Journaling School Office for Kids and Adults, 0.3IN x 26FT</p><p> -22% 0FF </p><p>$6.99 ($1.75 / Count)</p><a href="https://www.amazon.com/dp/B0CHTZD63Q?tag=eloabder-20&linkCode=osi&th=1&psc=1">View Product</a></div><div class="product"><a href="https://www.amazon.com/dp/B07Y3VDPLF?tag=eloabder-20&linkCode=osi&th=1&psc=1"><img src="https://m.media-amazon.com/images/I/41cyKQ2OMuL._SL500_.jpg" alt="Product Image"></a><p>Melsan 1x4 inch Hook and Loop Strips with Adhesive - 15 Sets, Strong Back Adhesive Fasten Mounting Tape for Home or Office Use - Instead of Holes and Screws, Black</p><p> -24% 0FF </p><p>$9.90</p><a href="https://www.amazon.com/dp/B07Y3VDPLF?tag=eloabder-20&linkCode=osi&th=1&psc=1">View Product</a></div><div class="product"><a href="https://www.amazon.com/dp/B0CC98XLGL?tag=eloabder-20&linkCode=osi&th=1&psc=1"><img src="https://m.media-amazon.com/images/I/51ZLw+nThiL._SL500_.jpg" alt="Product Image"></a><p>HUIRUSO 4 Pack Double Sided Tape Roller, Scrapbook Supplies, Glue Tape Roller for Crafts, Double-Sided Adhesive Tape Runner for Scrapbooking, School Office Journaling Supplies (0.31 in X 26.25 ft)</p><p> -9% 0FF </p><p>$6.99 ($1.75 / Count)</p><a href="https://www.amazon.com/dp/B0CC98XLGL?tag=eloabder-20&linkCode=osi&th=1&psc=1">View Product</a></div><div class="product"><a href="https://www.amazon.com/dp/B0CY2CFX3Z?tag=eloabder-20&linkCode=osi&th=1&psc=1"><img src="https://m.media-amazon.com/images/I/31ZLCJqpwCL._SL500_.jpg" alt="Product Image"></a><p>JEWOSTER 16 Sets 1x4 Inch Hook and Loop Strips with Adhesive - Double Sided Tape Heavy Duty for Wall Crafts - Sticky Back Fastener Mounting Tape for Home or Office Use,Indoor & Outdoor Use,Black</p><p> -15% 0FF </p><p>$2.98</p><a href="https://www.amazon.com/dp/B0CY2CFX3Z?tag=eloabder-20&linkCode=osi&th=1&psc=1">View Product</a></div><div class="product"><a href="https://www.amazon.com/dp/B0CGVPMJBP?tag=eloabder-20&linkCode=osi&th=1&psc=1"><img src="https://m.media-amazon.com/images/I/51zEyhfBRuL._SL500_.jpg" alt="Product Image"></a><p>30Ft x 1 Inch Hook and Loop Strips with Adhesive, Double Rolls of Heavy Duty Self Adhesive Tape with Backing, Nylon Self Adhesive Tape for Home Office School and Crafting,Black</p><p> -17% 0FF </p><p>$9.99</p><a href="https://www.amazon.com/dp/B0CGVPMJBP?tag=eloabder-20&linkCode=osi&th=1&psc=1">View Product</a></div>
<div class="product"><a href="https://www.amazon.com/dp/B092D2YB8R?tag=eloabder-20&linkCode=osi&th=1&psc=1"><img src="https://m.media-amazon.com/images/I/41dc0rFLWKL._SL500_.jpg" alt="Product Image"></a><p>Gocheer Airbrush Kit with Air Compressor, 40 PSI High Pressure Air Brush Non-Clogging with 0.2/0.3/0.5mm Nozzle/Cleaning Sets, Ideal for Painting, Modeling, Cake Decor, Pastry, Makeup, Nail Art etc.</p><p> -25% 0FF </p><p>$59.99 ($60.60 / Count)</p><a href="https://www.amazon.com/dp/B092D2YB8R?tag=eloabder-20&linkCode=osi&th=1&psc=1">View Product</a></div><div class="product"><a href="https://www.amazon.com/dp/B009YNG21U?tag=eloabder-20&linkCode=osi&th=1&psc=1"><img src="https://m.media-amazon.com/images/I/51w-pNifHUL._SL500_.jpg" alt="Product Image"></a><p>Master Airbrush Cool Runner II Dual Fan Air Compressor Professional Airbrushing System Kit with 3 Airbrushes, Gravity and Siphon Feed - Holder, Color Mixing Wheel, Cleaning Brush Set, How-To Guide</p><p> -32% 0FF </p><p>$129.99</p><a href="https://www.amazon.com/dp/B009YNG21U?tag=eloabder-20&linkCode=osi&th=1&psc=1">View Product</a></div><div class="product"><a href="https://www.amazon.com/dp/B00EKT30JK?tag=eloabder-20&linkCode=osi&th=1&psc=1"><img src="https://m.media-amazon.com/images/I/51+LnhnmT4L._SL500_.jpg" alt="Product Image"></a><p>Master Airbrush Cool Runner II Dual Fan Air Compressor Professional Airbrushing System Kit with 3 Airbrushes, Gravity and Siphon Feed - 6 Primary Opaque Colors Acrylic Paint Artist Set - How to Guide</p><p> -21% 0FF </p><p>$149.99</p><a href="https://www.amazon.com/dp/B00EKT30JK?tag=eloabder-20&linkCode=osi&th=1&psc=1">View Product</a></div><div class="product"><a href="https://www.amazon.com/dp/B002KJDXHQ?tag=eloabder-20&linkCode=osi&th=1&psc=1"><img src="https://m.media-amazon.com/images/I/511zMf+d1jL._SL500_.jpg" alt="Product Image"></a><p>Master Airbrush G233 Pro Set with 3 Nozzle Sets - Dual-Action Gravity Feed Airbrush with Cutaway Handle and How-To Guide</p><p> -20% 0FF </p><p>$39.99</p><a href="https://www.amazon.com/dp/B002KJDXHQ?tag=eloabder-20&linkCode=osi&th=1&psc=1">View Product</a></div><div class="product"><a href="https://www.amazon.com/dp/B0C9TL5YCS?tag=eloabder-20&linkCode=osi&th=1&psc=1"><img src="https://m.media-amazon.com/images/I/41SP-k5zrTL._SL500_.jpg" alt="Product Image"></a><p>Airbrush Kit with Compressor - 48PSI Rechargeable Cordless Non-Clogging High-Pressure Air Brush Set with 0.3mm Nozzle and Cleaning Brush Set for Nail Art, Makeup, Painting, Cake Decor</p><p> -25% 0FF </p><p>$29.99</p><a href="https://www.amazon.com/dp/B0C9TL5YCS?tag=eloabder-20&linkCode=osi&th=1&psc=1">View Product</a></div><div class="product"><a href="https://www.amazon.com/dp/B0D8KHCP94?tag=eloabder-20&linkCode=osi&th=1&psc=1"><img src="https://m.media-amazon.com/images/I/41Kr4UJcgYL._SL500_.jpg" alt="Product Image"></a><p>Airbrush Kit with Compressor - 48PSI High-Pressure, Non-Clogging Air Brush Set Cordless Rechargeable with 0.3mm Nozzle and Cleaning Brush for Nail Art, Makeup, Painting, and Cake Decorating</p><p> -17% 0FF </p><p>$29.99</p><a href="https://www.amazon.com/dp/B0D8KHCP94?tag=eloabder-20&linkCode=osi&th=1&psc=1">View Product</a></div><div class="product"><a href="https://www.amazon.com/dp/B0CPBK2RL8?tag=eloabder-20&linkCode=osi&th=1&psc=1"><img src="https://m.media-amazon.com/images/I/41dO63RKanL._SL500_.jpg" alt="Product Image"></a><p>Airbrush for Nails Cordless Portable Airbrush Kit with Compressor 30PSI High-Pressure Rechargeable Air Brush Spray Machine with 0.3mm Nozzle for Painting Makeup Model Barber Cookie Cake (Pink)</p><p> -20% 0FF </p><p>$31.99</p><a href="https://www.amazon.com/dp/B0CPBK2RL8?tag=eloabder-20&linkCode=osi&th=1&psc=1">View Product</a></div>
<div class="product"><a href="https://www.amazon.com/dp/B0CYLCF5JJ?tag=eloabder-20&linkCode=osi&th=1&psc=1"><img src="https://m.media-amazon.com/images/I/511e1hcb5sL._SL500_.jpg" alt="Product Image"></a><p>2772Pcs Alphabet Stickers 22 Sheets 1 Inches Alphabet Number Stickers Self Adhesive Sticker Vinyl Stickers,for Notebook, Labels,Scrapbooking Crafts，DIY Crafts Art Making(Black)</p><p> -50% 0FF </p><p>$4.99 ($0.00 / Count)</p><a href="https://www.amazon.com/dp/B0CYLCF5JJ?tag=eloabder-20&linkCode=osi&th=1&psc=1">View Product</a></div>
<div class="product"><a href="https://www.amazon.com/dp/B0C8CMBYC5?tag=eloabder-20&linkCode=osi&th=1&psc=1"><img src="https://m.media-amazon.com/images/I/61Hrv0JwdPL._SL500_.jpg" alt="Product Image"></a><p>HAPTIME 50 Pcs Mini Dinosaur Figures, Mini Resin Animals to Hide, Sensory Bin/Treasure Box Toys, Bulk Plastic Dinosaur Party Favors, Small Classroom Prizes, Tiny Figurines for Kids, Vase Filler</p><p> -29% 0FF </p><p>$9.99</p><a href="https://www.amazon.com/dp/B0C8CMBYC5?tag=eloabder-20&linkCode=osi&th=1&psc=1">View Product</a></div><div class="product"><a href="https://www.amazon.com/dp/B08R1CBG39?tag=eloabder-20&linkCode=osi&th=1&psc=1"><img src="https://m.media-amazon.com/images/I/414R+Abh3gL._SL500_.jpg" alt="Product Image"></a><p>Unfinished Wood Animal Ornament Blank Wood Rabbit Peg Doll Figure Cutout Table Statue Model Desktop Centerpiece for DIY Painting Home Office Decor</p><p> -47% 0FF </p><p>$4.99</p><a href="https://www.amazon.com/dp/B08R1CBG39?tag=eloabder-20&linkCode=osi&th=1&psc=1">View Product</a></div>
<div class="product"><a href="https://www.amazon.com/dp/B08L4Y3HF9?tag=eloabder-20&linkCode=osi&th=1&psc=1"><img src="https://m.media-amazon.com/images/I/61z57ge6bVL._SL500_.jpg" alt="Product Image"></a><p>Harsgs 60pcs Random Assorted Styles Embroidered Patches, Bright Vivid Colors, Sew On/Iron On Patch Applique for Clothes, Dress, Hat, Jeans, DIY Accessories</p><p> -19% 0FF </p><p>$12.99 ($0.22 / Count)</p><a href="https://www.amazon.com/dp/B08L4Y3HF9?tag=eloabder-20&linkCode=osi&th=1&psc=1">View Product</a></div><div class="product"><a href="https://www.amazon.com/dp/B0C9DFB69D?tag=eloabder-20&linkCode=osi&th=1&psc=1"><img src="https://m.media-amazon.com/images/I/417GE2p61GL._SL500_.jpg" alt="Product Image"></a><p>18" Large Sparkle Rhinestones and Sequin Red Snake Shaped Patches Applique Trim Ribbon for Outfit Pack of 3</p><p> -5% 0FF </p><p>$37.95 ($12.65 / Count)</p><a href="https://www.amazon.com/dp/B0C9DFB69D?tag=eloabder-20&linkCode=osi&th=1&psc=1">View Product</a></div><div class="product"><a href="https://www.amazon.com/dp/B08T9BM9D9?tag=eloabder-20&linkCode=osi&th=1&psc=1"><img src="https://m.media-amazon.com/images/I/61s3mTMJ5gL._SL500_.jpg" alt="Product Image"></a><p>AXEN 60PCS Embroidered Iron On Patches DIY Accessories, Random Assorted Decorative Patches, Cute Sewing Applique for Jackets, Hats, Backpacks, Jeans, 60 Pieces Package</p><p> -24% 0FF </p><p>$12.99 ($0.22 / Count)</p><a href="https://www.amazon.com/dp/B08T9BM9D9?tag=eloabder-20&linkCode=osi&th=1&psc=1">View Product</a></div><div class="product"><a href="https://www.amazon.com/dp/B0BYK2J6N7?tag=eloabder-20&linkCode=osi&th=1&psc=1"><img src="https://m.media-amazon.com/images/I/51tsuNDSHfL._SL500_.jpg" alt="Product Image"></a><p>Liveish 1 Pair of Handmade Gold Rhinestone Appliques, 26.5 * 18cm Gold Applique for Dress Wedding Apparel Accessories Patches.（Shop Name: Yuanbao Boutique 188)(Gold)</p><p> -20% 0FF </p><p>$15.98</p><a href="https://www.amazon.com/dp/B0BYK2J6N7?tag=eloabder-20&linkCode=osi&th=1&psc=1">View Product</a></div>
<div class="product"><a href="https://www.amazon.com/dp/B09KPNFJW1?tag=eloabder-20&linkCode=osi&th=1&psc=1"><img src="https://m.media-amazon.com/images/I/41abn5fELmL._SL500_.jpg" alt="Product Image"></a><p>UniPleased Disposable Aprons (50 Count), Plastic apron for Painting Party, Cooking, Housework, Picnic etc.</p><p> -25% 0FF </p><p>$5.99</p><a href="https://www.amazon.com/dp/B09KPNFJW1?tag=eloabder-20&linkCode=osi&th=1&psc=1">View Product</a></div><div class="product"><a href="https://www.amazon.com/dp/1906525358?tag=eloabder-20&linkCode=osi&th=1&psc=1"><img src="https://m.media-amazon.com/images/I/51WPPo6wrdL._SL500_.jpg" alt="Product Image"></a><p>The Perfect Apron: 35 fun and flirty designs for you to make</p><p> -69% 0FF </p><p>$6.09</p><a href="https://www.amazon.com/dp/1906525358?tag=eloabder-20&linkCode=osi&th=1&psc=1">View Product</a></div><div class="product"><a href="https://www.amazon.com/dp/B0C55Q43Y6?tag=eloabder-20&linkCode=osi&th=1&psc=1"><img src="https://m.media-amazon.com/images/I/31G2DxeG1tL._SL500_.jpg" alt="Product Image"></a><p>Portable Paint Tent for Spray Painting, Small Airbrush Pop-up Shelter Booth Station Complete with Storage Bag and 3 Disposable Aprons</p><p> -50% 0FF </p><p>$14.99</p><a href="https://www.amazon.com/dp/B0C55Q43Y6?tag=eloabder-20&linkCode=osi&th=1&psc=1">View Product</a></div><div class="product"><a href="https://www.amazon.com/dp/B095CWKPJF?tag=eloabder-20&linkCode=osi&th=1&psc=1"><img src="https://m.media-amazon.com/images/I/51STxqdMDaL._SL500_.jpg" alt="Product Image"></a><p>Simplicity Misses' Wraparound Apron Packet, Code 9312 Sewing Pattern, Sizes XS-XL, White</p><p> -10% 0FF </p><p>$9.99</p><a href="https://www.amazon.com/dp/B095CWKPJF?tag=eloabder-20&linkCode=osi&th=1&psc=1">View Product</a></div><div class="product"><a href="https://www.amazon.com/dp/B01DQ33ILK?tag=eloabder-20&linkCode=osi&th=1&psc=1"><img src="https://m.media-amazon.com/images/I/51RToxvaLBL._SL500_.jpg" alt="Product Image"></a><p>Simplicity Vintage Simplicity 8152 1970's Fashion Vintage Apron Sewing Pattern, XS-L</p><p> -10% 0FF </p><p>$8.91</p><a href="https://www.amazon.com/dp/B01DQ33ILK?tag=eloabder-20&linkCode=osi&th=1&psc=1">View Product</a></div>
<div class="product"><a href="https://www.amazon.com/dp/B085F4JH1H?tag=eloabder-20&linkCode=osi&th=1&psc=1"><img src="https://m.media-amazon.com/images/I/41l7Efp7ILL._SL500_.jpg" alt="Product Image"></a><p>KEFF 24-Pack Bulk Canvas for Painting, 6 of 5x7, 8x10, 9x12, 11x14 Canvas Boards for Painting, Art Supplies for Adults & Kids - 100% Cotton Primed Painting Canvas for Acrylic, Oil, Watercolor, Tempera</p><p> -50% 0FF </p><p>$24.99</p><a href="https://www.amazon.com/dp/B085F4JH1H?tag=eloabder-20&linkCode=osi&th=1&psc=1">View Product</a></div><div class="product"><a href="https://www.amazon.com/dp/B07S29YTCG?tag=eloabder-20&linkCode=osi&th=1&psc=1"><img src="https://m.media-amazon.com/images/I/51X58r5V-5L._SL500_.jpg" alt="Product Image"></a><p>FIXSMITH Stretched White Blank Canvas - 11x14 Inch, 8 Pack, Primed,100% Cotton,5/8 Inch Profile of Super Value Pack for Acrylics,Oils & Other Painting Media</p><p> -17% 0FF </p><p>$24.99</p><a href="https://www.amazon.com/dp/B07S29YTCG?tag=eloabder-20&linkCode=osi&th=1&psc=1">View Product</a></div><div class="product"><a href="https://www.amazon.com/dp/B09CDKB9HY?tag=eloabder-20&linkCode=osi&th=1&psc=1"><img src="https://m.media-amazon.com/images/I/51+p5xnClGL._SL500_.jpg" alt="Product Image"></a><p>DPDIAN Canvas Boards for Painting 40 Pack, 8 inch x 10 inch Super Value Pack, Artist Canvas Panels for Oil & Acrylic Painting</p><p> -38% 0FF </p><p>$23.99</p><a href="https://www.amazon.com/dp/B09CDKB9HY?tag=eloabder-20&linkCode=osi&th=1&psc=1">View Product</a></div><div class="product"><a href="https://www.amazon.com/dp/B0BJZYCQV3?tag=eloabder-20&linkCode=osi&th=1&psc=1"><img src="https://m.media-amazon.com/images/I/41dS7xm9bKL._SL500_.jpg" alt="Product Image"></a><p>Simetufy Canvas Boards for Painting 12 Pack,8 x 10 Inch Painting Canvas Panels, Blank Canvas for Painting- Gesso Primed Acid-Free 100% Cotton for Acrylics Oil Watercolor Tempera Paints</p><p> -10% 0FF </p><p>$11.69</p><a href="https://www.amazon.com/dp/B0BJZYCQV3?tag=eloabder-20&linkCode=osi&th=1&psc=1">View Product</a></div><div class="product"><a href="https://www.amazon.com/dp/B087M21MM2?tag=eloabder-20&linkCode=osi&th=1&psc=1"><img src="https://m.media-amazon.com/images/I/41Xf-jehhLL._SL500_.jpg" alt="Product Image"></a><p>GOTIDEAL Stretched Canvas, Multi Pack 4x4, 5x7, 8x10,9x12, 11x14 Set of 10, Primed White - 100% Cotton Artist Canvas Boards for Painting, Acrylic Pouring, Oil Paint Dry & Wet Art Media</p><p> -28% 0FF </p><p>$22.99</p><a href="https://www.amazon.com/dp/B087M21MM2?tag=eloabder-20&linkCode=osi&th=1&psc=1">View Product</a></div><div class="product"><a href="https://www.amazon.com/dp/B09637DLSL?tag=eloabder-20&linkCode=osi&th=1&psc=1"><img src="https://m.media-amazon.com/images/I/511AdjCtVeL._SL500_.jpg" alt="Product Image"></a><p>Artkey Canvases for Painting 8x10 Inch 12-Pack, 10 oz Primed 100% Cotton White Blank Canvas Boards for Painting, Art Supplies Paint Canvas Panels for Acrylic Oil Watercolor Tempera Paints</p><p> -29% 0FF </p><p>$11.99</p><a href="https://www.amazon.com/dp/B09637DLSL?tag=eloabder-20&linkCode=osi&th=1&psc=1">View Product</a></div><div class="product"><a href="https://www.amazon.com/dp/B0CFBGP29G?tag=eloabder-20&linkCode=osi&th=1&psc=1"><img src="https://m.media-amazon.com/images/I/3147Az5plbL._SL500_.jpg" alt="Product Image"></a><p>ArtSkills Stretched Canvases for Painting, 12x16 Canvas Painting Supplies for Artists, Blank Canvas Pack, 2-Pack</p><p> -15% 0FF </p><p>$16.99</p><a href="https://www.amazon.com/dp/B0CFBGP29G?tag=eloabder-20&linkCode=osi&th=1&psc=1">View Product</a></div>
<div class="product"><a href="https://www.amazon.com/dp/B09CKXJFL1?tag=eloabder-20&linkCode=osi&th=1&psc=1"><img src="https://m.media-amazon.com/images/I/41bo99og2jL._SL500_.jpg" alt="Product Image"></a><p>RRFTOK Artist Easel Stand,Metal Tripod Adjustable Easel for Painting Canvases Height from 17 to 66 Inch,Carry Bag for Table-Top/Floor Drawing and Didplaying</p><p> -23% 0FF </p><p>$18.39</p><a href="https://www.amazon.com/dp/B09CKXJFL1?tag=eloabder-20&linkCode=osi&th=1&psc=1">View Product</a></div><div class="product"><a href="https://www.amazon.com/dp/B0BXS3NLZ3?tag=eloabder-20&linkCode=osi&th=1&psc=1"><img src="https://m.media-amazon.com/images/I/41QEnAIRAvL._SL500_.jpg" alt="Product Image"></a><p>Art Painting Display Easel Stand - Portable Adjustable Aluminum Metal Tripod Artist Easel with Bag, Height from 17" to 66", Extra Sturdy for Table-Top/Floor Painting, Drawing, and Displaying, Black</p><p> -37% 0FF </p><p>$18.39</p><a href="https://www.amazon.com/dp/B0BXS3NLZ3?tag=eloabder-20&linkCode=osi&th=1&psc=1">View Product</a></div><div class="product"><a href="https://www.amazon.com/dp/B07R5RHWVT?tag=eloabder-20&linkCode=osi&th=1&psc=1"><img src="https://m.media-amazon.com/images/I/41qUmoFSMiL._SL500_.jpg" alt="Product Image"></a><p>MEEDEN Versatile Studio H-Frame Easel - All Media Adjustable Beech Wood Studio Easel, Painting Floor Easel Stand, Movable and Tilting Flat Available, Holds Canvas Art up to 77"</p><p> -11% 0FF </p><p>$159.95</p><a href="https://www.amazon.com/dp/B07R5RHWVT?tag=eloabder-20&linkCode=osi&th=1&psc=1">View Product</a></div><div class="product"><a href="https://www.amazon.com/dp/B09KYHGKSB?tag=eloabder-20&linkCode=osi&th=1&psc=1"><img src="https://m.media-amazon.com/images/I/51yxWaZJsCL._SL500_.jpg" alt="Product Image"></a><p>Best Choice Products French Easel, 32pc Beginners Kit Portable Wooden Folding Adjustable Sketch Box Artist Tripod for Painting, Drawing w/Acrylic Paints, Brushes, Canvases, Palettes - Blue</p><p> -18% 0FF </p><p>$89.99</p><a href="https://www.amazon.com/dp/B09KYHGKSB?tag=eloabder-20&linkCode=osi&th=1&psc=1">View Product</a></div><div class="product"><a href="https://www.amazon.com/dp/B09TSQNQH9?tag=eloabder-20&linkCode=osi&th=1&psc=1"><img src="https://m.media-amazon.com/images/I/414Lw12-jXL._SL500_.jpg" alt="Product Image"></a><p>Easel Stand for Display, Aredy 63" Portable Painting Easel, Lightweight Metal Easels for Painting Canvas, Wedding Sign (2 pack)</p><p> -15% 0FF </p><p>$22.39</p><a href="https://www.amazon.com/dp/B09TSQNQH9?tag=eloabder-20&linkCode=osi&th=1&psc=1">View Product</a></div><div class="product"><a href="https://www.amazon.com/dp/B082HCKMP5?tag=eloabder-20&linkCode=osi&th=1&psc=1"><img src="https://m.media-amazon.com/images/I/41TKUQFyeaL._SL500_.jpg" alt="Product Image"></a><p>Premium Sketchbox Desktop Art Easel, Tabletop, Wooden for Painting, Student, Artist, Beginner</p><p> -11% 0FF </p><p>$32.88</p><a href="https://www.amazon.com/dp/B082HCKMP5?tag=eloabder-20&linkCode=osi&th=1&psc=1">View Product</a></div>
<div class="product"><a href="https://www.amazon.com/dp/B074W56CQ4?tag=eloabder-20&linkCode=osi&th=1&psc=1"><img src="https://m.media-amazon.com/images/I/41LkUciLZOL._SL500_.jpg" alt="Product Image"></a><p>Hulameda Paint Tray Palettes, Plastic Paint Pallets for Kids or Students to Paints on School Project or Art Class-12pcs</p><p> -13% 0FF </p><p>$6.99 ($0.58 / Count)</p><a href="https://www.amazon.com/dp/B074W56CQ4?tag=eloabder-20&linkCode=osi&th=1&psc=1">View Product</a></div><div class="product"><a href="https://www.amazon.com/dp/B0BWM34CR6?tag=eloabder-20&linkCode=osi&th=1&psc=1"><img src="https://m.media-amazon.com/images/I/31jHvJEw98L._SL500_.jpg" alt="Product Image"></a><p>Tamaki Acrylic Paint Palette Paint Pallet Clear Paint Tray Palette, Easy Clean Non-Stick Artist Pallet for Oil Watercolor Craft DIY Art Painting Palette, 2 PCS</p><p> -14% 0FF </p><p>$5.99</p><a href="https://www.amazon.com/dp/B0BWM34CR6?tag=eloabder-20&linkCode=osi&th=1&psc=1">View Product</a></div><div class="product"><a href="https://www.amazon.com/dp/B0B9R91Z2P?tag=eloabder-20&linkCode=osi&th=1&psc=1"><img src="https://m.media-amazon.com/images/I/310IAmNkqoL._SL500_.jpg" alt="Product Image"></a><p>Tamaki 2 Pack 11.8 x 7.9 Inch Acrylic Paint Palette with Thumb Hole Clear Paint Pallet, Easy Clean Non-Stick Artist Pallet for Oil Watercolor Craft DIY Art Painting Palette</p><p> -14% 0FF </p><p>$5.99</p><a href="https://www.amazon.com/dp/B0B9R91Z2P?tag=eloabder-20&linkCode=osi&th=1&psc=1">View Product</a></div><div class="product"><a href="https://www.amazon.com/dp/B09XCF523Q?tag=eloabder-20&linkCode=osi&th=1&psc=1"><img src="https://m.media-amazon.com/images/I/21C+8UGsBRL._SL500_.jpg" alt="Product Image"></a><p>Sweaty Pony 20 Well Watercolor Paint Tray Palette Pallet Acrylic Painting Mixing Plastic Artist Large Square Palette, 13 x 10 Inches, White, 1PCS</p><p> -25% 0FF </p><p>$5.99</p><a href="https://www.amazon.com/dp/B09XCF523Q?tag=eloabder-20&linkCode=osi&th=1&psc=1">View Product</a></div>
<div class="product"><a href="https://www.amazon.com/dp/B08TLK1ZSV?tag=eloabder-20&linkCode=osi&th=1&psc=1"><img src="https://m.media-amazon.com/images/I/51sM-NS8tJL._SL500_.jpg" alt="Product Image"></a><p>9 x 12 inches Sketch Book, Top Spiral Bound Sketch Pad, 1 Pack 100-Sheets (68lb/100gsm), Acid Free Art Sketchbook Artistic Drawing Painting Writing Paper for Kids Adults Beginners Artists</p><p> -50% 0FF </p><p>$8.99 ($0.09 / Count)</p><a href="https://www.amazon.com/dp/B08TLK1ZSV?tag=eloabder-20&linkCode=osi&th=1&psc=1">View Product</a></div><div class="product"><a href="https://www.amazon.com/dp/B0D5R7JRKZ?tag=eloabder-20&linkCode=osi&th=1&psc=1"><img src="https://m.media-amazon.com/images/I/41ip9gU5DFL._SL500_.jpg" alt="Product Image"></a><p>Hapikalor Watercolor Paper Pad, 9"x12" Water Color Paper, 140lb/300gsm Artist Painting Drawing Paper Book, Art Supplies for Adults Kids, Watercolors, Watercolor Paint Set, Sketchbook, Journal, Teal</p><p> -20% 0FF </p><p>$7.99</p><a href="https://www.amazon.com/dp/B0D5R7JRKZ?tag=eloabder-20&linkCode=osi&th=1&psc=1">View Product</a></div><div class="product"><a href="https://www.amazon.com/dp/B0027A75A4?tag=eloabder-20&linkCode=osi&th=1&psc=1"><img src="https://m.media-amazon.com/images/I/51dyOxxcgYL._SL500_.jpg" alt="Product Image"></a><p>Strathmore 200 Series Sketch Pad, 9x12 inch, 100 Sheets, Tape Bound - Artist Sketchbook for Drawing, Illustration, Art Class Students</p><p> -28% 0FF </p><p>$6.25 ($0.06 / Count)</p><a href="https://www.amazon.com/dp/B0027A75A4?tag=eloabder-20&linkCode=osi&th=1&psc=1">View Product</a></div><div class="product"><a href="https://www.amazon.com/dp/B0027ACP0O?tag=eloabder-20&linkCode=osi&th=1&psc=1"><img src="https://m.media-amazon.com/images/I/517YAKefnpL._SL500_.jpg" alt="Product Image"></a><p>Strathmore 300 Series Bristol Paper Pad, Smooth, Tape Bound, 11x14 inches, 20 Sheets (100lb/270g) - Artist Paper for Adults and Students - Markers, Pen and Ink</p><p> -58% 0FF </p><p>$7.49 ($0.37 / Count)</p><a href="https://www.amazon.com/dp/B0027ACP0O?tag=eloabder-20&linkCode=osi&th=1&psc=1">View Product</a></div><div class="product"><a href="https://www.amazon.com/dp/B09FYY48MN?tag=eloabder-20&linkCode=osi&th=1&psc=1"><img src="https://m.media-amazon.com/images/I/41Oe-iH-rSL._SL500_.jpg" alt="Product Image"></a><p>9" x 12" Sketch Book, Hardcover Sketchbook, Top Spiral Bound Sketch Pad, 100 Sheets (68lb/100gsm) Drawing Paper Pad, Art Supplies for Adults for Kids Drawing Notebook.</p><p> -17% 0FF </p><p>$9.59</p><a href="https://www.amazon.com/dp/B09FYY48MN?tag=eloabder-20&linkCode=osi&th=1&psc=1">View Product</a></div><div class="product"><a href="https://www.amazon.com/dp/B004M59O4C?tag=eloabder-20&linkCode=osi&th=1&psc=1"><img src="https://m.media-amazon.com/images/I/51u-bSUsNEL._SL500_.jpg" alt="Product Image"></a><p>Canson XL Series Watercolor Pad, Heavyweight White Paper, Foldover Binding, 30 Sheets, 9x12 inch</p><p> -46% 0FF </p><p>$12.40</p><a href="https://www.amazon.com/dp/B004M59O4C?tag=eloabder-20&linkCode=osi&th=1&psc=1">View Product</a></div>
<div class="product"><a href="https://www.amazon.com/dp/B08ZMH7LJY?tag=eloabder-20&linkCode=osi&th=1&psc=1"><img src="https://m.media-amazon.com/images/I/51mJIsLJA-S._SL500_.jpg" alt="Product Image"></a><p>PANDAFLY Professional Drawing Sketching Pencil Set - 12 Pieces Graphite Pencils(14B - 2H), Ideal for Drawing Art, Sketching, Shading, Artist Pencils for Beginners & Pro Artists</p><p> -33% 0FF </p><p>$5.99</p><a href="https://www.amazon.com/dp/B08ZMH7LJY?tag=eloabder-20&linkCode=osi&th=1&psc=1">View Product</a></div><div class="product"><a href="https://www.amazon.com/dp/B088K1G5NL?tag=eloabder-20&linkCode=osi&th=1&psc=1"><img src="https://m.media-amazon.com/images/I/51F2bOMZWnL._SL500_.jpg" alt="Product Image"></a><p>MARKART Professional Drawing Sketching Pencil Set - 14 Pieces,Graphite,(12B - 4H), Ideal for Drawing Art, Sketching, Shading, Artist Pencils for Beginners & Pro Artists</p><p> -46% 0FF </p><p>$6.99</p><a href="https://www.amazon.com/dp/B088K1G5NL?tag=eloabder-20&linkCode=osi&th=1&psc=1">View Product</a></div><div class="product"><a href="https://www.amazon.com/dp/B01N09ZDEI?tag=eloabder-20&linkCode=osi&th=1&psc=1"><img src="https://m.media-amazon.com/images/I/51awfumPEiL._SL500_.jpg" alt="Product Image"></a><p>Soucolor 72-Color Colored Pencils for Adult Coloring Books, Back to School Supplies, Soft Core Artist Sketching Drawing Pencils Drawing Supplies, Art Supplies Kit for Adults Kids, Coloring Pencils Set</p><p> -40% 0FF </p><p>$11.98</p><a href="https://www.amazon.com/dp/B01N09ZDEI?tag=eloabder-20&linkCode=osi&th=1&psc=1">View Product</a></div><div class="product"><a href="https://www.amazon.com/dp/B092M2FXB8?tag=eloabder-20&linkCode=osi&th=1&psc=1"><img src="https://m.media-amazon.com/images/I/51vZNdWo7nS._SL500_.jpg" alt="Product Image"></a><p>Prina 50 Pack Drawing Set Sketch Kit, Sketching Supplies with 3-Color Sketchbook, Graphite, and Charcoal Pencils, Pro Art Drawing Kit for Artists Adults Teens Beginner Kid, Ideal for Shading, Blending</p><p> -45% 0FF </p><p>$16.99</p><a href="https://www.amazon.com/dp/B092M2FXB8?tag=eloabder-20&linkCode=osi&th=1&psc=1">View Product</a></div><div class="product"><a href="https://www.amazon.com/dp/B07FML92JL?tag=eloabder-20&linkCode=osi&th=1&psc=1"><img src="https://m.media-amazon.com/images/I/41VVsR9JR9L._SL500_.jpg" alt="Product Image"></a><p>Winsor & Newton Studio Collection Artist Pencils, Sketching Pencils, Set of 10</p><p> -14% 0FF </p><p>$14.99</p><a href="https://www.amazon.com/dp/B07FML92JL?tag=eloabder-20&linkCode=osi&th=1&psc=1">View Product</a></div><div class="product"><a href="https://www.amazon.com/dp/B0D254P2NW?tag=eloabder-20&linkCode=osi&th=1&psc=1"><img src="https://m.media-amazon.com/images/I/51JrXvaxmUL._SL500_.jpg" alt="Product Image"></a><p>PANDAFLY Drawing Sketching Pencil Set, 42 Pack Pro Art Pencil Kit with Graphite Pencils (14B-4H), Charcoal Pencil, Ideal for Shading, Blending, Drawing Set for Beginners & Pro Artists</p><p> -50% 0FF </p><p>$7.99</p><a href="https://www.amazon.com/dp/B0D254P2NW?tag=eloabder-20&linkCode=osi&th=1&psc=1">View Product</a></div><div class="product"><a href="https://www.amazon.com/dp/B000I5MNC0?tag=eloabder-20&linkCode=osi&th=1&psc=1"><img src="https://m.media-amazon.com/images/I/41x3fiMbbxL._SL500_.jpg" alt="Product Image"></a><p>Faber-Castell 9000 Graphite Sketch Pencil Sets Art 8B - 2H set of 12</p><p> -23% 0FF </p><p>$16.86</p><a href="https://www.amazon.com/dp/B000I5MNC0?tag=eloabder-20&linkCode=osi&th=1&psc=1">View Product</a></div><div class="product"><a href="https://www.amazon.com/dp/B0716W4HT2?tag=eloabder-20&linkCode=osi&th=1&psc=1"><img src="https://m.media-amazon.com/images/I/413mbXo1tfL._SL500_.jpg" alt="Product Image"></a><p>Oil Pastel Pencils for Artists 48 ct - Oil Based Colored Pencils - Drawing, Sketching and Adult Coloring - Soft Core Art Coloring Pencils Set with Skin Tone</p><p> -35% 0FF </p><p>$17.49</p><a href="https://www.amazon.com/dp/B0716W4HT2?tag=eloabder-20&linkCode=osi&th=1&psc=1">View Product</a></div>
<div class="product"><a href="https://www.amazon.com/dp/B0778WXGC2?tag=eloabder-20&linkCode=osi&th=1&psc=1"><img src="https://m.media-amazon.com/images/I/612XF1pkfEL._SL500_.jpg" alt="Product Image"></a><p>Folkwear English Smock #221 Farmer Shirt Artist Blouse Traditional Old England Sewing Pattern (Pattern Only) folkwear221</p><p> -17% 0FF </p><p>$16.95</p><a href="https://www.amazon.com/dp/B0778WXGC2?tag=eloabder-20&linkCode=osi&th=1&psc=1">View Product</a></div>
<div class="product"><a href="https://www.amazon.com/dp/B0987JPQ74?tag=eloabder-20&linkCode=osi&th=1&psc=1"><img src="https://m.media-amazon.com/images/I/51T06yxPRCL._SL500_.jpg" alt="Product Image"></a><p>DIYSELF 16-Piece Craft Knife Set, Exacto Knife Set, 3-Piece Hobby Knife with 10-Piece Exacto Knife Blades, Precision Art Knife for Pumpkin Carving, Modeling, Exactly Knife, Pumpkin Carving Tools</p><p> -10% 0FF </p><p>$8.99</p><a href="https://www.amazon.com/dp/B0987JPQ74?tag=eloabder-20&linkCode=osi&th=1&psc=1">View Product</a></div><div class="product"><a href="https://www.amazon.com/dp/B0BV5S193T?tag=eloabder-20&linkCode=osi&th=1&psc=1"><img src="https://m.media-amazon.com/images/I/41K5HSjhJVL._SL500_.jpg" alt="Product Image"></a><p>5 Piece Palette knifes Painting Knife Set for Oil, Acrylic Paint,Cake Decorating,Stainless Steel Pallet Knife Paint Knife Art Spatula for Various Types of Painting,ColorMixing,Smearing</p><p> -17% 0FF </p><p>$4.99</p><a href="https://www.amazon.com/dp/B0BV5S193T?tag=eloabder-20&linkCode=osi&th=1&psc=1">View Product</a></div><div class="product"><a href="https://www.amazon.com/dp/B0851M3749?tag=eloabder-20&linkCode=osi&th=1&psc=1"><img src="https://m.media-amazon.com/images/I/41KKSGSDl5L._SL500_.jpg" alt="Product Image"></a><p>N NOROCME 12 PCS Blending Stumps and Tortillions Paper Art Blenders with Sandpaper Pencil Sharpener Pointer for Student Artist Charcoal Sketch Drawing Tools</p><p> -55% 0FF </p><p>$4.99</p><a href="https://www.amazon.com/dp/B0851M3749?tag=eloabder-20&linkCode=osi&th=1&psc=1">View Product</a></div>
<div class="product"><a href="https://www.amazon.com/dp/B017T977MI?tag=eloabder-20&linkCode=osi&th=1&psc=1"><img src="https://m.media-amazon.com/images/I/418eKRiCmHL._SL500_.jpg" alt="Product Image"></a><p>Lion Brand 24/7 Cotton Yarn, Lightweight Yarn for Knitting, Crocheting, and Crafts, Sky, 1 Pack</p><p> -29% 0FF </p><p>$4.87 ($0.01 / Foot)</p><a href="https://www.amazon.com/dp/B017T977MI?tag=eloabder-20&linkCode=osi&th=1&psc=1">View Product</a></div><div class="product"><a href="https://www.amazon.com/dp/B001EWBLYC?tag=eloabder-20&linkCode=osi&th=1&psc=1"><img src="https://m.media-amazon.com/images/I/51CsW4tWtWL._SL500_.jpg" alt="Product Image"></a><p>RED HEART Soft Baby Steps Yarn, Baby Blue</p><p> -27% 0FF </p><p>$6.54 ($0.01 / Foot)</p><a href="https://www.amazon.com/dp/B001EWBLYC?tag=eloabder-20&linkCode=osi&th=1&psc=1">View Product</a></div><div class="product"><a href="https://www.amazon.com/dp/B09WJG6BYH?tag=eloabder-20&linkCode=osi&th=1&psc=1"><img src="https://m.media-amazon.com/images/I/51J3kWAkcML._SL500_.jpg" alt="Product Image"></a><p>Bernat Baby Blanket Lovely Blue Yarn - 2 Pack of 300g/10.5oz - Polyester - 6 Super Bulky - 220 Yards - Knitting/Crochet</p><p> -12% 0FF </p><p>$22.78</p><a href="https://www.amazon.com/dp/B09WJG6BYH?tag=eloabder-20&linkCode=osi&th=1&psc=1">View Product</a></div><div class="product"><a href="https://www.amazon.com/dp/B079PB452K?tag=eloabder-20&linkCode=osi&th=1&psc=1"><img src="https://m.media-amazon.com/images/I/41uh2hj6jTL._SL500_.jpg" alt="Product Image"></a><p>Lion Brand Yarn Feels Like Butta Soft Yarn for Crocheting and Knitting, Velvety, 1-Pack, Dusty Blue</p><p> -38% 0FF </p><p>$3.99 ($0.01 / Foot)</p><a href="https://www.amazon.com/dp/B079PB452K?tag=eloabder-20&linkCode=osi&th=1&psc=1">View Product</a></div><div class="product"><a href="https://www.amazon.com/dp/B003D7O1UC?tag=eloabder-20&linkCode=osi&th=1&psc=1"><img src="https://m.media-amazon.com/images/I/413-j-cJxPL._SL500_.jpg" alt="Product Image"></a><p>Lion Brand Yarn (1 Skein) Vanna's Choice Yarn, Dusty Blue</p><p> -20% 0FF </p><p>$3.99 ($0.01 / Foot)</p><a href="https://www.amazon.com/dp/B003D7O1UC?tag=eloabder-20&linkCode=osi&th=1&psc=1">View Product</a></div><div class="product"><a href="https://www.amazon.com/dp/B08JTYHC8B?tag=eloabder-20&linkCode=osi&th=1&psc=1"><img src="https://m.media-amazon.com/images/I/416LqlC3EXL._SL500_.jpg" alt="Product Image"></a><p>Alize Diva Silky Effect 100% Microfiber Acrylic Yarn 1 Ball skeins 100gr 383yds Color (346 - Sky Blue)</p><p> -16% 0FF </p><p>$5.49 ($0.00 / Foot)</p><a href="https://www.amazon.com/dp/B08JTYHC8B?tag=eloabder-20&linkCode=osi&th=1&psc=1">View Product</a></div>
<div class="product"><a href="https://www.amazon.com/dp/B0B2WMHCS2?tag=eloabder-20&linkCode=osi&th=1&psc=1"><img src="https://m.media-amazon.com/images/I/51HdKWtmsqL._SL500_.jpg" alt="Product Image"></a><p>Quill Pen Vintage Feather Calligraphy Pen Refined Quill Ballpoint for Writing Signature or Gift Wedding Bridal (Black)</p><p> -10% 0FF </p><p>$4.30</p><a href="https://www.amazon.com/dp/B0B2WMHCS2?tag=eloabder-20&linkCode=osi&th=1&psc=1">View Product</a></div><div class="product"><a href="https://www.amazon.com/dp/B084LMTR6J?tag=eloabder-20&linkCode=osi&th=1&psc=1"><img src="https://m.media-amazon.com/images/I/31v-ETvx49L._SL500_.jpg" alt="Product Image"></a><p>Cricut Joy Extra Fine Point Pens 0.3mm, 3 Count, Black</p><p> -66% 0FF </p><p>$2.69 ($0.90 / Count)</p><a href="https://www.amazon.com/dp/B084LMTR6J?tag=eloabder-20&linkCode=osi&th=1&psc=1">View Product</a></div><div class="product"><a href="https://www.amazon.com/dp/B0CQF3BJ3S?tag=eloabder-20&linkCode=osi&th=1&psc=1"><img src="https://m.media-amazon.com/images/I/41gs6AOiP6L._SL500_.jpg" alt="Product Image"></a><p>3 in 1 Retractable Ballpoint Pen with Light and Stylus, Nice Pens for Journaling Writing in The Dark - White/Red Light Tip- 0.7mm Black Ink</p><p> -13% 0FF </p><p>$12.99</p><a href="https://www.amazon.com/dp/B0CQF3BJ3S?tag=eloabder-20&linkCode=osi&th=1&psc=1">View Product</a></div><div class="product"><a href="https://www.amazon.com/dp/B097MJBPQ4?tag=eloabder-20&linkCode=osi&th=1&psc=1"><img src="https://m.media-amazon.com/images/I/41vwBosmAUL._SL500_.jpg" alt="Product Image"></a><p>JANYUN 3 Pieces Pen Shape Resin Mold Ballpoint Pen Silicone Molds Epoxy Resin Molds Resin Casting Molds with 75 Pieces Ballpoint Refill Pens for DIY Resin Crafts Making (Black Blue)</p><p> -12% 0FF </p><p>$7.95 ($2.65 / Count)</p><a href="https://www.amazon.com/dp/B097MJBPQ4?tag=eloabder-20&linkCode=osi&th=1&psc=1">View Product</a></div><div class="product"><a href="https://www.amazon.com/dp/B0D8GL3RLX?tag=eloabder-20&linkCode=osi&th=1&psc=1"><img src="https://m.media-amazon.com/images/I/41pLKPe4lfL._SL500_.jpg" alt="Product Image"></a><p>MARTCOLOR Gold Silver White Gel Pens, 1mm Fine Point Gel Ink Pen Opaque Archival Ink Pens for Black Paper Drawing, Sketching, Illustration, Card Making, Bullet Journaling, 3 Pack</p><p> -14% 0FF </p><p>$5.99</p><a href="https://www.amazon.com/dp/B0D8GL3RLX?tag=eloabder-20&linkCode=osi&th=1&psc=1">View Product</a></div>
<div class="product"><a href="https://www.amazon.com/dp/B09G2979JS?tag=eloabder-20&linkCode=osi&th=1&psc=1"><img src="https://m.media-amazon.com/images/I/61NISgl9z4L._SL500_.jpg" alt="Product Image"></a><p>Gionlion 6000 Clay Beads Bracelet Making Kit, 24 Colors Flat Preppy Beads for Friendship Bracelets, Polymer Clay Beads with Charms for Jewelry Making, Crafts Gifts for Girls Ages 6-12</p><p> -70% 0FF </p><p>$8.99 ($0.00 / Count)</p><a href="https://www.amazon.com/dp/B09G2979JS?tag=eloabder-20&linkCode=osi&th=1&psc=1">View Product</a></div><div class="product"><a href="https://www.amazon.com/dp/B0CQJDDSN7?tag=eloabder-20&linkCode=osi&th=1&psc=1"><img src="https://m.media-amazon.com/images/I/61Un7cTgOyL._SL500_.jpg" alt="Product Image"></a><p>LIS HEGENSA 24 Color Pony Beads Bulk 1000 Pcs,Kandi Beads for Necklace Jewelry Making Earring Hair Braiding,Bracelets Making Kits,Hair Bead,Bracelet Beads,Plastic Beads for Crafts Braids Girls</p><p> -30% 0FF </p><p>$6.99</p><a href="https://www.amazon.com/dp/B0CQJDDSN7?tag=eloabder-20&linkCode=osi&th=1&psc=1">View Product</a></div><div class="product"><a href="https://www.amazon.com/dp/B0C6D7DCV9?tag=eloabder-20&linkCode=osi&th=1&psc=1"><img src="https://m.media-amazon.com/images/I/51Y7WgErJ4L._SL500_.jpg" alt="Product Image"></a><p>shynek 1400 Pieces 6mm Round Glass Beads for Jewelry Making, 28 Colors Crystal Beads for Bracelets Jewelry Making and DIY Crafts(Solid Color)</p><p> -44% 0FF </p><p>$13.99 ($0.01 / Count)</p><a href="https://www.amazon.com/dp/B0C6D7DCV9?tag=eloabder-20&linkCode=osi&th=1&psc=1">View Product</a></div><div class="product"><a href="https://www.amazon.com/dp/B0CF1BD1C4?tag=eloabder-20&linkCode=osi&th=1&psc=1"><img src="https://m.media-amazon.com/images/I/511uBv47XkL._SL500_.jpg" alt="Product Image"></a><p>SUTOUG 1000PCS Colourful Letter Beads for Threading, 4 x 7 MM, A-Z White Letter Beads and Colourful Heart Beads, Acrylic Round Beads for Jewellery DIY Making Crafts Bracelets Necklaces Ornaments-Gold</p><p> -13% 0FF </p><p>$5.99 ($1.21 / Ounce)</p><a href="https://www.amazon.com/dp/B0CF1BD1C4?tag=eloabder-20&linkCode=osi&th=1&psc=1">View Product</a></div><div class="product"><a href="https://www.amazon.com/dp/B0C5JBWBXB?tag=eloabder-20&linkCode=osi&th=1&psc=1"><img src="https://m.media-amazon.com/images/I/616c37RFkJL._SL500_.jpg" alt="Product Image"></a><p>Redtwo 3400pcs 4mm Glass Seed Beads for Jewelry Bracelet Making Kit, Small Beads Friendship Bracelet Kit, Tiny Waist Beads Kit with Letter Beads and Elastic String, DIY Art Craft Girls Gifts.</p><p> -22% 0FF </p><p>$6.99</p><a href="https://www.amazon.com/dp/B0C5JBWBXB?tag=eloabder-20&linkCode=osi&th=1&psc=1">View Product</a></div><div class="product"><a href="https://www.amazon.com/dp/B007QNXBR8?tag=eloabder-20&linkCode=osi&th=1&psc=1"><img src="https://m.media-amazon.com/images/I/51AU4aa67CL._SL500_.jpg" alt="Product Image"></a><p>Beadery B6262 The Sparkles Pony Bead Box - approximately 2300 beads</p><p> -44% 0FF </p><p>$12.97 ($0.01 / Count)</p><a href="https://www.amazon.com/dp/B007QNXBR8?tag=eloabder-20&linkCode=osi&th=1&psc=1">View Product</a></div>
<div class="product"><a href="https://www.amazon.com/dp/B07BNF8KH5?tag=eloabder-20&linkCode=osi&th=1&psc=1"><img src="https://m.media-amazon.com/images/I/51jVByheyVL._SL500_.jpg" alt="Product Image"></a><p>PH PandaHall 100 Yards 1mm Waxed Cotton Cord Thread Beading String for Bracelet Necklace Making Crafting Beading Macrame Vase Decor, Burlywood</p><p> -41% 0FF </p><p>$7.19 ($0.02 / Foot)</p><a href="https://www.amazon.com/dp/B07BNF8KH5?tag=eloabder-20&linkCode=osi&th=1&psc=1">View Product</a></div><div class="product"><a href="https://www.amazon.com/dp/B08F49YVQP?tag=eloabder-20&linkCode=osi&th=1&psc=1"><img src="https://m.media-amazon.com/images/I/41yCMIpj0rS._SL500_.jpg" alt="Product Image"></a><p>1mm Stretchy Bracelet String, Sturdy Rainbow Elastic String Elastic Cord for Jewelry Making, Necklaces, Beading and Crafts</p><p> -36% 0FF </p><p>$6.99 ($0.04 / Foot)</p><a href="https://www.amazon.com/dp/B08F49YVQP?tag=eloabder-20&linkCode=osi&th=1&psc=1">View Product</a></div><div class="product"><a href="https://www.amazon.com/dp/B0BZYSBG2N?tag=eloabder-20&linkCode=osi&th=1&psc=1"><img src="https://m.media-amazon.com/images/I/51apPSltd9L._SL500_.jpg" alt="Product Image"></a><p>Nylon String for Bracelets, 25 Colors 1125 Yards Chinese Knotting Cord, 0.8 mm Nylon Cord for Jewelry Making, Beading, Necklaces, Kumihimo, Friendship Bracelets, Tassels and Craft</p><p> -5% 0FF </p><p>$18.99 ($0.01 / Foot)</p><a href="https://www.amazon.com/dp/B0BZYSBG2N?tag=eloabder-20&linkCode=osi&th=1&psc=1">View Product</a></div><div class="product"><a href="https://www.amazon.com/dp/B001PZD1C8?tag=eloabder-20&linkCode=osi&th=1&psc=1"><img src="https://m.media-amazon.com/images/I/41r2T29Hr7S._SL500_.jpg" alt="Product Image"></a><p>Stretch Magic Bead & Jewelry Cord - Strong & Stretchy, Easy to Knot - Clear Color - 0.5mm diameter - 10-meter (32.8 ft) spool - Elastic String for making beaded jewelry</p><p> -36% 0FF </p><p>$4.50 ($0.14 / Foot)</p><a href="https://www.amazon.com/dp/B001PZD1C8?tag=eloabder-20&linkCode=osi&th=1&psc=1">View Product</a></div>
<div class="product"><a href="https://www.amazon.com/dp/B0CBRC7K9K?tag=eloabder-20&linkCode=osi&th=1&psc=1"><img src="https://m.media-amazon.com/images/I/41JvPiusoSL._SL500_.jpg" alt="Product Image"></a><p>FIVEIZERO 21 Pieces Beading Needles Set, 6 Sizes Seed Beads Needles Big Eye Beading Needles Collapsible Beading Needles Set for Jewelry Making</p><p> -30% 0FF </p><p>$6.99</p><a href="https://www.amazon.com/dp/B0CBRC7K9K?tag=eloabder-20&linkCode=osi&th=1&psc=1">View Product</a></div><div class="product"><a href="https://www.amazon.com/dp/B0BNTYN4X5?tag=eloabder-20&linkCode=osi&th=1&psc=1"><img src="https://m.media-amazon.com/images/I/51elL0Dm7cL._SL500_.jpg" alt="Product Image"></a><p>58 Pcs Beading Needles Set,50 Pcs Long Straight Beading Thread Needles, 8 Pcs Big Eye Beading Needles with Threader, Needle Bottle, Yarn Scissors,Tweezers for Bracelets and Jewelry Making</p><p> -22% 0FF </p><p>$6.99</p><a href="https://www.amazon.com/dp/B0BNTYN4X5?tag=eloabder-20&linkCode=osi&th=1&psc=1">View Product</a></div><div class="product"><a href="https://www.amazon.com/dp/B09VGLZKGJ?tag=eloabder-20&linkCode=osi&th=1&psc=1"><img src="https://m.media-amazon.com/images/I/41jYxsbzW1L._SL500_.jpg" alt="Product Image"></a><p>UOOU 28 Pcs Beading Needles Set Include 20 Pcs Long Straight Beading Thread Needles + 8 Pcs Big Eye Beading Needles, Embroidery Needles with Needle Bottle, Thimble, Needle Threaders for Jewelry Making</p><p> -14% 0FF </p><p>$5.99</p><a href="https://www.amazon.com/dp/B09VGLZKGJ?tag=eloabder-20&linkCode=osi&th=1&psc=1">View Product</a></div><div class="product"><a href="https://www.amazon.com/dp/B0D127NY14?tag=eloabder-20&linkCode=osi&th=1&psc=1"><img src="https://m.media-amazon.com/images/I/41sq0seXVfL._SL500_.jpg" alt="Product Image"></a><p>FIVEIZERO 60 Pieces Beading Needle Set, 5 Sizes Species Big Eye Beading Needles (with Threader) Needle Bottle, Yarn, Embroidery Needle, Thimble Foldable Beading Needle Set for Jewelry Making</p><p> -30% 0FF </p><p>$6.99</p><a href="https://www.amazon.com/dp/B0D127NY14?tag=eloabder-20&linkCode=osi&th=1&psc=1">View Product</a></div>
<div class="product"><a href="https://www.amazon.com/dp/B001GMUBJ6?tag=eloabder-20&linkCode=osi&th=1&psc=1"><img src="https://m.media-amazon.com/images/I/51ovvZkwriL._SL500_.jpg" alt="Product Image"></a><p>The Beadsmith Fireline by Berkley – Micro-Fused Braided Thread – 6lb. Test, 006”/.15mm Diameter, 50 Yard Spool, Crystal Color – Super Strong Stringing Material for Jewelry Making and Bead Weaving</p><p> -5% 0FF </p><p>$11.99</p><a href="https://www.amazon.com/dp/B001GMUBJ6?tag=eloabder-20&linkCode=osi&th=1&psc=1">View Product</a></div><div class="product"><a href="https://www.amazon.com/dp/B07FL95S7C?tag=eloabder-20&linkCode=osi&th=1&psc=1"><img src="https://m.media-amazon.com/images/I/41Pbjyx1lnL._SL500_.jpg" alt="Product Image"></a><p>Treasure Gurus Artificial Deer Sinew Waxed Beading Craft Poly Thread Spool Natural Wax Sinue</p><p> -7% 0FF </p><p>$13.25 ($0.01 / Foot)</p><a href="https://www.amazon.com/dp/B07FL95S7C?tag=eloabder-20&linkCode=osi&th=1&psc=1">View Product</a></div>
<div class="product"><a href="https://www.amazon.com/dp/B00D3KOB2W?tag=eloabder-20&linkCode=osi&th=1&psc=1"><img src="https://m.media-amazon.com/images/I/419Au7VfUYL._SL500_.jpg" alt="Product Image"></a><p>Beadalon 7 Strand Stainless Steel Bead Stringing Wire, 0.012 in / 0.30 mm, Bright, 100 ft / 31 m</p><p> -6% 0FF </p><p>$8.88</p><a href="https://www.amazon.com/dp/B00D3KOB2W?tag=eloabder-20&linkCode=osi&th=1&psc=1">View Product</a></div><div class="product"><a href="https://www.amazon.com/dp/B00109RIVO?tag=eloabder-20&linkCode=osi&th=1&psc=1"><img src="https://m.media-amazon.com/images/I/51ctGiWm+8L._SL500_.jpg" alt="Product Image"></a><p>Beadalon 19 Strand Stainless Steel Bead Stringing Wire, 015 in / 0.38 mm, Bright, 100 ft / 31 m</p><p> -26% 0FF </p><p>$20.99</p><a href="https://www.amazon.com/dp/B00109RIVO?tag=eloabder-20&linkCode=osi&th=1&psc=1">View Product</a></div><div class="product"><a href="https://www.amazon.com/dp/B001FCYJDG?tag=eloabder-20&linkCode=osi&th=1&psc=1"><img src="https://m.media-amazon.com/images/I/41ffmCFSOhL._SL500_.jpg" alt="Product Image"></a><p>Beadalon 19 Strand Stainless Steel Bead Stringing Wire.015 in (0.38 mm), Satin Silver, 30 ft (9.2 m)</p><p> -26% 0FF </p><p>$9.99</p><a href="https://www.amazon.com/dp/B001FCYJDG?tag=eloabder-20&linkCode=osi&th=1&psc=1">View Product</a></div>
<div class="product"><a href="https://www.amazon.com/dp/B01LWX2IO1?tag=eloabder-20&linkCode=osi&th=1&psc=1"><img src="https://m.media-amazon.com/images/I/412dCF1E4QL._SL500_.jpg" alt="Product Image"></a><p>Beesworks Yellow Beeswax Bars (6 oz) | 100% Pure, Cosmetic Grade, Triple-Filtered Beeswax for DIY Skin Care, Lip Balm, Lotion and Candle Making (1 oz Bars - Pack of 6)</p><p> -22% 0FF </p><p>$6.99 ($1.16 / Ounce)</p><a href="https://www.amazon.com/dp/B01LWX2IO1?tag=eloabder-20&linkCode=osi&th=1&psc=1">View Product</a></div><div class="product"><a href="https://www.amazon.com/dp/B07VSQ6PGD?tag=eloabder-20&linkCode=osi&th=1&psc=1"><img src="https://m.media-amazon.com/images/I/41sY3zrLyyL._SL500_.jpg" alt="Product Image"></a><p>EricX Light Beeswax Bars 7oz,1oz for Each Beeswax Bars,Pack of 7,Cosmetic Grade</p><p> -36% 0FF </p><p>$6.99 ($1.00 / Ounce)</p><a href="https://www.amazon.com/dp/B07VSQ6PGD?tag=eloabder-20&linkCode=osi&th=1&psc=1">View Product</a></div>
<div class="product"><a href="https://www.amazon.com/dp/B08KGTFR6T?tag=eloabder-20&linkCode=osi&th=1&psc=1"><img src="https://m.media-amazon.com/images/I/51Q3LghfEXL._SL500_.jpg" alt="Product Image"></a><p>Otylzto Premium Plastic Clips, 100 Pcs with Box, Sewing Notions for Sewing Quilting Supplies Crafting Tools, Assorted Colors for Craft</p><p> -16% 0FF </p><p>$6.69</p><a href="https://www.amazon.com/dp/B08KGTFR6T?tag=eloabder-20&linkCode=osi&th=1&psc=1">View Product</a></div><div class="product"><a href="https://www.amazon.com/dp/B01G90AEE6?tag=eloabder-20&linkCode=osi&th=1&psc=1"><img src="https://m.media-amazon.com/images/I/41-bfF+u5BL._SL500_.jpg" alt="Product Image"></a><p>Clover Mini Wonder Clips (Red & Blue/20 pcs.)</p><p> -40% 0FF </p><p>$9.35 ($0.47 / Count)</p><a href="https://www.amazon.com/dp/B01G90AEE6?tag=eloabder-20&linkCode=osi&th=1&psc=1">View Product</a></div>
<div class="product"><a href="https://www.amazon.com/dp/B0CL7N6GZS?tag=eloabder-20&linkCode=osi&th=1&psc=1"><img src="https://m.media-amazon.com/images/I/4119FS8tFqL._SL500_.jpg" alt="Product Image"></a><p>Mr. Pen- Pencil Pouch, 2Pack, Pencil Pouches, Pencil Pouch for 3 Ring Binder Pencil Pouch, Pencil Cases, Pencil Case for Binder Pouch, Zipper Pencil Pouch, 3 Ring Binder Pouch, Pencil Bags with Zipper</p><p> -22% 0FF </p><p>$6.99</p><a href="https://www.amazon.com/dp/B0CL7N6GZS?tag=eloabder-20&linkCode=osi&th=1&psc=1">View Product</a></div><div class="product"><a href="https://www.amazon.com/dp/B00AFTQ4X8?tag=eloabder-20&linkCode=osi&th=1&psc=1"><img src="https://m.media-amazon.com/images/I/31GQNXQlHrL._SL500_.jpg" alt="Product Image"></a><p>Swingline 3 Hole Punch, 20 Sheet Capacity Three Hole Puncher 3 Ring, Paper Punch, SmartTouch Low Effort, Black & Silver (74133)</p><p> -22% 0FF </p><p>$18.00</p><a href="https://www.amazon.com/dp/B00AFTQ4X8?tag=eloabder-20&linkCode=osi&th=1&psc=1">View Product</a></div>
<div class="product"><a href="https://www.amazon.com/dp/B005571VQA?tag=eloabder-20&linkCode=osi&th=1&psc=1"><img src="https://m.media-amazon.com/images/I/314C89Li8+L._SL500_.jpg" alt="Product Image"></a><p>We R Memory Keepers 0633356710899 Wire Cinch-1 Inch-Bark (2 Piece)</p><p> -15% 0FF </p><p>$9.53</p><a href="https://www.amazon.com/dp/B005571VQA?tag=eloabder-20&linkCode=osi&th=1&psc=1">View Product</a></div><div class="product"><a href="https://www.amazon.com/dp/B0D1XV3N8H?tag=eloabder-20&linkCode=osi&th=1&psc=1"><img src="https://m.media-amazon.com/images/I/41Esbkv-76L._SL500_.jpg" alt="Product Image"></a><p>JUPEAN Bookbinding Kit, Book Binding Kits, Book Press, 7.9”x11.6”, Book Binding Tools Book Binding Supplies with Wooden Binding Press Book Cover Book Board Bone Folder Awl Binding Strap for DIY</p><p> -10% 0FF </p><p>$37.99</p><a href="https://www.amazon.com/dp/B0D1XV3N8H?tag=eloabder-20&linkCode=osi&th=1&psc=1">View Product</a></div><div class="product"><a href="https://www.amazon.com/dp/B0B9BMMJW5?tag=eloabder-20&linkCode=osi&th=1&psc=1"><img src="https://m.media-amazon.com/images/I/41Jl3w+cJ4L._SL500_.jpg" alt="Product Image"></a><p>6 Pcs Bookbinding Kits, Bookbinding Supplies, Book Binding Starter Tools Set for DIY Bookbinding Crafts and Sewing Supplies</p><p> -7% 0FF </p><p>$6.99</p><a href="https://www.amazon.com/dp/B0B9BMMJW5?tag=eloabder-20&linkCode=osi&th=1&psc=1">View Product</a></div><div class="product"><a href="https://www.amazon.com/dp/B0D1X433Z6?tag=eloabder-20&linkCode=osi&th=1&psc=1"><img src="https://m.media-amazon.com/images/I/41apTG1e9fL._SL500_.jpg" alt="Product Image"></a><p>JUPEAN Book Binding Kits, Bookbinding Supplies, Book Binding Kit for Beginners Bone Folder Tool with Bone Folder Awl Waxed Thread Book Press for DIY 7.9”x11.6”</p><p> -13% 0FF </p><p>$25.99</p><a href="https://www.amazon.com/dp/B0D1X433Z6?tag=eloabder-20&linkCode=osi&th=1&psc=1">View Product</a></div><div class="product"><a href="https://www.amazon.com/dp/B0D4YHS3R7?tag=eloabder-20&linkCode=osi&th=1&psc=1"><img src="https://m.media-amazon.com/images/I/41lRDpWUjiL._SL500_.jpg" alt="Product Image"></a><p>Jupean Bookbinding Kit, Book Binding Kit for Beginners, Book Binding Materials, Book Binding Tools with Bone Folder Book Binding Awl Webbing Strap Storage Box</p><p> -20% 0FF </p><p>$15.99</p><a href="https://www.amazon.com/dp/B0D4YHS3R7?tag=eloabder-20&linkCode=osi&th=1&psc=1">View Product</a></div><div class="product"><a href="https://www.amazon.com/dp/B0BP7XXPJJ?tag=eloabder-20&linkCode=osi&th=1&psc=1"><img src="https://m.media-amazon.com/images/I/51m+QztxUoL._SL500_.jpg" alt="Product Image"></a><p>BeKnitting 20 Knit Blocking Combs for Knitting & Crochet Projects Blockers for Crafts, Lace, Sweaters, Cardigans, Scarves, Needlework, Mats</p><p> -16% 0FF </p><p>$14.94</p><a href="https://www.amazon.com/dp/B0BP7XXPJJ?tag=eloabder-20&linkCode=osi&th=1&psc=1">View Product</a></div>
<div class="product"><a href="https://www.amazon.com/dp/B00UY0WT1O?tag=eloabder-20&linkCode=osi&th=1&psc=1"><img src="https://m.media-amazon.com/images/I/41eBNPX-72L._SL500_.jpg" alt="Product Image"></a><p>We R Memory Keepers, Cinch Book Binding Machine 2, Pink/White, Easy to Use Design with Slide Ruler, Compatible with Wire or Spiral Coils, Make Professional Books, Notebooks, Calendars and More</p><p> -10% 0FF </p><p>$90.24</p><a href="https://www.amazon.com/dp/B00UY0WT1O?tag=eloabder-20&linkCode=osi&th=1&psc=1">View Product</a></div><div class="product"><a href="https://www.amazon.com/dp/B00AYKTA66?tag=eloabder-20&linkCode=osi&th=1&psc=1"><img src="https://m.media-amazon.com/images/I/51EjD50SJvL._SL500_.jpg" alt="Product Image"></a><p>We R Memory Keepers Mini Cinch Bundle Includes Book Binding Machine, 16 Wires, Wire Cutters, and Six Black Bookboards, Easy to Use Design, Ruler, Wire or Spiral Coils, DIY Books, Notebooks, Calendars</p><p> -13% 0FF </p><p>$69.89</p><a href="https://www.amazon.com/dp/B00AYKTA66?tag=eloabder-20&linkCode=osi&th=1&psc=1">View Product</a></div><div class="product"><a href="https://www.amazon.com/dp/B0BV3CC4J7?tag=eloabder-20&linkCode=osi&th=1&psc=1"><img src="https://m.media-amazon.com/images/I/41Ove9J1WyL._SL500_.jpg" alt="Product Image"></a><p>We R Memory Keepers Multi Cinch Kit (2 in 1 Circle & Disc) Book Binding Art Crafts Sewing Scrapbooking Journaling Printmaking Paper Craft Office Home Card Stock DIY Card Making Sticker Machine</p><p> -5% 0FF </p><p>$68.40</p><a href="https://www.amazon.com/dp/B0BV3CC4J7?tag=eloabder-20&linkCode=osi&th=1&psc=1">View Product</a></div><div class="product"><a href="https://www.amazon.com/dp/B0CZQJTTHT?tag=eloabder-20&linkCode=osi&th=1&psc=1"><img src="https://m.media-amazon.com/images/I/410goBiFC5L._SL500_.jpg" alt="Product Image"></a><p>Kreapa 30 pcs book binding kits Book Press Book Binding Supplies & Book Binding Kits Book Binding Kits Starter Kit with Real Bone Clips Awl Big Eye Needle Waxed Book Cloth DIY,11.6 x 7.7 inches</p><p> -50% 0FF </p><p>$21.49</p><a href="https://www.amazon.com/dp/B0CZQJTTHT?tag=eloabder-20&linkCode=osi&th=1&psc=1">View Product</a></div>
<div class="product"><a href="https://www.amazon.com/dp/B0049UZ8PY?tag=eloabder-20&linkCode=osi&th=1&psc=1"><img src="https://m.media-amazon.com/images/I/31-Uug6SnRL._SL500_.jpg" alt="Product Image"></a><p>Daler-Rowney FW Acrylic Ink Bottle Black - Versatile Acrylic Drawing Ink for Artists and Students - Permanent Calligraphy Ink - Archival Ink for Illustrating and More</p><p> -23% 0FF </p><p>$7.75</p><a href="https://www.amazon.com/dp/B0049UZ8PY?tag=eloabder-20&linkCode=osi&th=1&psc=1">View Product</a></div><div class="product"><a href="https://www.amazon.com/dp/B005P1QSFK?tag=eloabder-20&linkCode=osi&th=1&psc=1"><img src="https://m.media-amazon.com/images/I/414vi3MJ19L._SL500_.jpg" alt="Product Image"></a><p>Ranger, Archival Ink Pad, 0, Jet Black (789541031468)</p><p> -9% 0FF </p><p>$7.51 ($7.51 / count)</p><a href="https://www.amazon.com/dp/B005P1QSFK?tag=eloabder-20&linkCode=osi&th=1&psc=1">View Product</a></div>
<div class="product"><a href="https://www.amazon.com/dp/B07Q4TJCDJ?tag=eloabder-20&linkCode=osi&th=1&psc=1"><img src="https://m.media-amazon.com/images/I/315HYvYg-BL._SL500_.jpg" alt="Product Image"></a><p>Primbeeks 300pcs Blank Business Cards, Premium Blank White Cards, 3.5" x 2.2" Small Blank Cards, Blank Cardstock Cards, Small Note Cards, white blank cards, white business cards, kraft paper cards</p><p> -53% 0FF </p><p>$7.99</p><a href="https://www.amazon.com/dp/B07Q4TJCDJ?tag=eloabder-20&linkCode=osi&th=1&psc=1">View Product</a></div>
<div class="product"><a href="https://www.amazon.com/dp/B07D8MQ71H?tag=eloabder-20&linkCode=osi&th=1&psc=1"><img src="https://m.media-amazon.com/images/I/41eOrrAeW1L._SL500_.jpg" alt="Product Image"></a><p>Paper Junkie 48 Pack Small Blank Notebooks for Kids Bulk, Kraft Paper Journals for Students, Sketching Drawing, Writing (4.3 x 5.6 In)</p><p> -15% 0FF </p><p>$22.99</p><a href="https://www.amazon.com/dp/B07D8MQ71H?tag=eloabder-20&linkCode=osi&th=1&psc=1">View Product</a></div><div class="product"><a href="https://www.amazon.com/dp/B0CJGPBFCN?tag=eloabder-20&linkCode=osi&th=1&psc=1"><img src="https://m.media-amazon.com/images/I/41WVp+K3FmL._SL500_.jpg" alt="Product Image"></a><p>Mr. Pen- Colorful Blank Books, 4.2 x 5.5 Inches, 32 Pages, 8 Pack, Blank Notebooks for Kids, Mini Notebooks for Kids, Mini Journal for Students, Blank Journal for Kids, Unlined Notebook, Kids Journal</p><p> -17% 0FF </p><p>$4.99 ($0.62 / Count)</p><a href="https://www.amazon.com/dp/B0CJGPBFCN?tag=eloabder-20&linkCode=osi&th=1&psc=1">View Product</a></div><div class="product"><a href="https://www.amazon.com/dp/B0CP8RCH9R?tag=eloabder-20&linkCode=osi&th=1&psc=1"><img src="https://m.media-amazon.com/images/I/41IHpCydyOL._SL500_.jpg" alt="Product Image"></a><p>BLUMOST Spiral Sketchbook for Drawing, 120gsm Sketch Book for Sketching, Artist Drawing Blank Paper Notebook for Kids Adults Beginners, Inner Pocket, 5.75'' × 8.38''-Black</p><p> -50% 0FF </p><p>$4.49</p><a href="https://www.amazon.com/dp/B0CP8RCH9R?tag=eloabder-20&linkCode=osi&th=1&psc=1">View Product</a></div><div class="product"><a href="https://www.amazon.com/dp/B0CWS8VFN7?tag=eloabder-20&linkCode=osi&th=1&psc=1"><img src="https://m.media-amazon.com/images/I/31i+w2Y3cFL._SL500_.jpg" alt="Product Image"></a><p>Mr. Pen- Colorful Blank Books, 4.25 x 5.5 Inches, 6 Pack, 32 Pages, Blank Notebooks for Kids, Mini Notebooks for Kids, Mini Journal for Students, Blank Journal for Kids, Unlined Notebook, Kids Journal</p><p> -60% 0FF </p><p>$3.99</p><a href="https://www.amazon.com/dp/B0CWS8VFN7?tag=eloabder-20&linkCode=osi&th=1&psc=1">View Product</a></div>
<div class="product"><a href="https://www.amazon.com/dp/B0B3WWHWT2?tag=eloabder-20&linkCode=osi&th=1&psc=1"><img src="https://m.media-amazon.com/images/I/31m0FzXtPxL._SL500_.jpg" alt="Product Image"></a><p>Tamaki 6 Pack Colorful Blank Books for kids to Write, Drawing, Cute Sketchbook for Kid, 6 Colors (4.25 x 5.5 Inches)</p><p> -13% 0FF </p><p>$6.99</p><a href="https://www.amazon.com/dp/B0B3WWHWT2?tag=eloabder-20&linkCode=osi&th=1&psc=1">View Product</a></div>
<div class="product"><a href="https://www.amazon.com/dp/B0B19J9FZM?tag=eloabder-20&linkCode=osi&th=1&psc=1"><img src="https://m.media-amazon.com/images/I/41ABS9as04L._SL500_.jpg" alt="Product Image"></a><p>Soucolor 9" x 12" Sketch Book, 1-Pack 100 Sheets Spiral Bound Art Sketchbook, (68lb/100gsm) Acid Free Artist Drawing Book Paper Painting Sketching Pad for Kids Students Adults Beginners</p><p> -40% 0FF </p><p>$8.99</p><a href="https://www.amazon.com/dp/B0B19J9FZM?tag=eloabder-20&linkCode=osi&th=1&psc=1">View Product</a></div><div class="product"><a href="https://www.amazon.com/dp/B097L9D5C6?tag=eloabder-20&linkCode=osi&th=1&psc=1"><img src="https://m.media-amazon.com/images/I/51weNIrCWfL._SL500_.jpg" alt="Product Image"></a><p>Sketch Book 5.5 X 8.5 - Spiral Sketchbook Pack of 2, SuFly 200 Sheets (68 lb/100gsm) Acid Free Sketch Pads for Drawing for Adults Spiral-Bound with Hard Cover for Kids, 100 Sheets Each</p><p> -8% 0FF </p><p>$11.99 ($6.00 / Count)</p><a href="https://www.amazon.com/dp/B097L9D5C6?tag=eloabder-20&linkCode=osi&th=1&psc=1">View Product</a></div><div class="product"><a href="https://www.amazon.com/dp/B093MK1CLJ?tag=eloabder-20&linkCode=osi&th=1&psc=1"><img src="https://m.media-amazon.com/images/I/3168yaIXBOS._SL500_.jpg" alt="Product Image"></a><p>LayFlat Sketchbook - 8.27 x 11 Inches - Black Blank Note Book, 64 Sheets, Thick 100gsm Paper, for Drawing, Sketching, and journaling</p><p> -5% 0FF </p><p>$12.45</p><a href="https://www.amazon.com/dp/B093MK1CLJ?tag=eloabder-20&linkCode=osi&th=1&psc=1">View Product</a></div><div class="product"><a href="https://www.amazon.com/dp/B083SBPRTY?tag=eloabder-20&linkCode=osi&th=1&psc=1"><img src="https://m.media-amazon.com/images/I/61zFqh++bML._SL500_.jpg" alt="Product Image"></a><p>Artisto 9x12" Premium Sketch Book Set, Spiral Bound, Pack of 2, 200 Sheets (100g/m2), Acid-Free Drawing Paper, Ideal for Kids, Teens & Adults.</p><p> -28% 0FF </p><p>$20.99 ($0.10 / Count)</p><a href="https://www.amazon.com/dp/B083SBPRTY?tag=eloabder-20&linkCode=osi&th=1&psc=1">View Product</a></div><div class="product"><a href="https://www.amazon.com/dp/1441310223?tag=eloabder-20&linkCode=osi&th=1&psc=1"><img src="https://m.media-amazon.com/images/I/41fzQQFFDnL._SL500_.jpg" alt="Product Image"></a><p>Premium Sketchbook (Large journal)</p><p> -10% 0FF </p><p>$11.69</p><a href="https://www.amazon.com/dp/1441310223?tag=eloabder-20&linkCode=osi&th=1&psc=1">View Product</a></div>
<div class="product"><a href="https://www.amazon.com/dp/B075M9MSFH?tag=eloabder-20&linkCode=osi&th=1&psc=1"><img src="https://m.media-amazon.com/images/I/51x+szTX6TL._SL500_.jpg" alt="Product Image"></a><p>Bianyo Bleedproof Marker Paper Pad, A4(8.27"X11.69"), 50 Sheets, 18 LB / 70 GSM, Glue-Bound, 100% Cotton, White, Ideal for Use with Markers and Ink Mediums</p><p> -38% 0FF </p><p>$9.99</p><a href="https://www.amazon.com/dp/B075M9MSFH?tag=eloabder-20&linkCode=osi&th=1&psc=1">View Product</a></div><div class="product"><a href="https://www.amazon.com/dp/B0D97H6RR8?tag=eloabder-20&linkCode=osi&th=1&psc=1"><img src="https://m.media-amazon.com/images/I/41kq8GouD4L._SL500_.jpg" alt="Product Image"></a><p>135lb/200gsm Marker Paper Pad, 8.3×8.9in Double Sided Bleedproof Sketch Pad, 30 Sheets Art Paper Spiral Sketchbook, Smooth Alcohol Marker Paper Painting Coloring Paper for DIY, Gift, Christmas</p><p> -20% 0FF </p><p>$7.99</p><a href="https://www.amazon.com/dp/B0D97H6RR8?tag=eloabder-20&linkCode=osi&th=1&psc=1">View Product</a></div><div class="product"><a href="https://www.amazon.com/dp/B0CS3KH6S1?tag=eloabder-20&linkCode=osi&th=1&psc=1"><img src="https://m.media-amazon.com/images/I/41pg37CppxL._SL500_.jpg" alt="Product Image"></a><p>Ohuhu Double Sided Marker Pads Art Sketchbook Bleedproof - 7.6"x10" Large Paper Size - 90LB/150GSM Smooth Drawing Paper - 60 Sheets/120 Pages, Spiral Bound Sketching Book for Alcohol Markers Christmas</p><p> -9% 0FF </p><p>$19.99 ($0.33 / Count)</p><a href="https://www.amazon.com/dp/B0CS3KH6S1?tag=eloabder-20&linkCode=osi&th=1&psc=1">View Product</a></div><div class="product"><a href="https://www.amazon.com/dp/B0CS3DZ7QL?tag=eloabder-20&linkCode=osi&th=1&psc=1"><img src="https://m.media-amazon.com/images/I/41kUDF2DXdL._SL500_.jpg" alt="Product Image"></a><p>Ohuhu Double Sided Marker Pad Art Sketchbook Bleedproof - 9"x12" Large Paper Size - 90LB/150GSM Smooth Drawing Paper - 60 Sheets/120 Pages, Glue-Bound Sketching Book for Alcohol Markers Christmas Gift</p><p> -9% 0FF </p><p>$19.99 ($0.44 / Sq Ft)</p><a href="https://www.amazon.com/dp/B0CS3DZ7QL?tag=eloabder-20&linkCode=osi&th=1&psc=1">View Product</a></div>
<div class="product"><a href="https://www.amazon.com/dp/B000J09PFM?tag=eloabder-20&linkCode=osi&th=1&psc=1"><img src="https://m.media-amazon.com/images/I/51yPRc4nvoL._SL500_.jpg" alt="Product Image"></a><p>Speedball Water-Soluble Block Printing Ink Starter Set, 6 Bold Colors with Satin Finish, 1.25-Ounce Tubes</p><p> -9% 0FF </p><p>$29.99 ($4.00 / Fl Oz)</p><a href="https://www.amazon.com/dp/B000J09PFM?tag=eloabder-20&linkCode=osi&th=1&psc=1">View Product</a></div><div class="product"><a href="https://www.amazon.com/dp/B0042ST318?tag=eloabder-20&linkCode=osi&th=1&psc=1"><img src="https://m.media-amazon.com/images/I/41+uFUT9CNL._SL500_.jpg" alt="Product Image"></a><p>Sax True Flow Water Soluble Block Printing Ink, 8 Ounce Jar, Black - 461924</p><p> -23% 0FF </p><p>$10.75</p><a href="https://www.amazon.com/dp/B0042ST318?tag=eloabder-20&linkCode=osi&th=1&psc=1">View Product</a></div><div class="product"><a href="https://www.amazon.com/dp/B00C1JUJWW?tag=eloabder-20&linkCode=osi&th=1&psc=1"><img src="https://m.media-amazon.com/images/I/41zDtJ6f5hL._SL500_.jpg" alt="Product Image"></a><p>Speedball Fabric Block Printing Ink, 2.5-Ounce, Black</p><p> -5% 0FF </p><p>$9.99 ($4.00 / Fl Oz)</p><a href="https://www.amazon.com/dp/B00C1JUJWW?tag=eloabder-20&linkCode=osi&th=1&psc=1">View Product</a></div><div class="product"><a href="https://www.amazon.com/dp/B0042SRDG0?tag=eloabder-20&linkCode=osi&th=1&psc=1"><img src="https://m.media-amazon.com/images/I/41+wjL7y0oL._SL500_.jpg" alt="Product Image"></a><p>Sax 1299777 True Flow Water Soluble Block Printing Ink - 16 Ounces - Black</p><p> -22% 0FF </p><p>$17.99</p><a href="https://www.amazon.com/dp/B0042SRDG0?tag=eloabder-20&linkCode=osi&th=1&psc=1">View Product</a></div>
<div class="product"><a href="https://www.amazon.com/dp/B0BN53F73Z?tag=eloabder-20&linkCode=osi&th=1&psc=1"><img src="https://m.media-amazon.com/images/I/41UfqrebfDL._SL500_.jpg" alt="Product Image"></a><p>Oopsu 4 Pack Rubber Block Stamp Carving Blocks with Cutter Tools and Rubber Brayer Roller for Printmaking and More Crafts</p><p> -15% 0FF </p><p>$16.99 ($5.66 / Count)</p><a href="https://www.amazon.com/dp/B0BN53F73Z?tag=eloabder-20&linkCode=osi&th=1&psc=1">View Product</a></div><div class="product"><a href="https://www.amazon.com/dp/B0017D8W5E?tag=eloabder-20&linkCode=osi&th=1&psc=1"><img src="https://m.media-amazon.com/images/I/41WwtE85+2L._SL500_.jpg" alt="Product Image"></a><p>Speedball Linoleum Cutter Kit Assortment #1 - Linocut Carving Tools for Block Printing, Includes 5 Blades</p><p> -7% 0FF </p><p>$13.99</p><a href="https://www.amazon.com/dp/B0017D8W5E?tag=eloabder-20&linkCode=osi&th=1&psc=1">View Product</a></div><div class="product"><a href="https://www.amazon.com/dp/B07ZJBZN5S?tag=eloabder-20&linkCode=osi&th=1&psc=1"><img src="https://m.media-amazon.com/images/I/41UbN58y9uS._SL500_.jpg" alt="Product Image"></a><p>SGHUO 12pcs 4"x6" Pink Rubber Carving Blocks Linoleum Block Stamp Making Kit</p><p> -12% 0FF </p><p>$22.99 ($1.92 / Count)</p><a href="https://www.amazon.com/dp/B07ZJBZN5S?tag=eloabder-20&linkCode=osi&th=1&psc=1">View Product</a></div>
<div class="product"><a href="https://www.amazon.com/dp/B00L2DYUM8?tag=eloabder-20&linkCode=osi&th=1&psc=1"><img src="https://m.media-amazon.com/images/I/51l5FZ0+5AL._SL500_.jpg" alt="Product Image"></a><p>Strathmore 300 Series Printmaking Paper Pad, Glue Bound, 5x7 inches, 40 Sheets (120g) - Artist Paper for Adults and Students - Block Printing, Linocut, Screen Printing, White</p><p> -25% 0FF </p><p>$5.94</p><a href="https://www.amazon.com/dp/B00L2DYUM8?tag=eloabder-20&linkCode=osi&th=1&psc=1">View Product</a></div><div class="product"><a href="https://www.amazon.com/dp/B00K5562WA?tag=eloabder-20&linkCode=osi&th=1&psc=1"><img src="https://m.media-amazon.com/images/I/51cZMCeflnL._SL500_.jpg" alt="Product Image"></a><p>Strathmore Printmaking Paper Pad 8"X10"-20 Sheets -62433800, White</p><p> -24% 0FF </p><p>$10.76</p><a href="https://www.amazon.com/dp/B00K5562WA?tag=eloabder-20&linkCode=osi&th=1&psc=1">View Product</a></div><div class="product"><a href="https://www.amazon.com/dp/B003IFWXHC?tag=eloabder-20&linkCode=osi&th=1&psc=1"><img src="https://m.media-amazon.com/images/I/41BilVeKXDL._SL500_.jpg" alt="Product Image"></a><p>Speedball Printmaster Paper, 9"x12", 50-Sheets, 70lb, 104gsm for Block and Relief Printmaking, Ideal for Students and Everyday Use</p><p> -7% 0FF </p><p>$13.99 ($0.28 / Count)</p><a href="https://www.amazon.com/dp/B003IFWXHC?tag=eloabder-20&linkCode=osi&th=1&psc=1">View Product</a></div><div class="product"><a href="https://www.amazon.com/dp/B07RL81DD2?tag=eloabder-20&linkCode=osi&th=1&psc=1"><img src="https://m.media-amazon.com/images/I/51Qs3GXKhnL._SL500_.jpg" alt="Product Image"></a><p>Richeson Printmaking Paper, 88# 6x9 inches, 50 Sheets (100757)</p><p> -12% 0FF </p><p>$8.93 ($0.18 / Count)</p><a href="https://www.amazon.com/dp/B07RL81DD2?tag=eloabder-20&linkCode=osi&th=1&psc=1">View Product</a></div><div class="product"><a href="https://www.amazon.com/dp/B0CBRKYF99?tag=eloabder-20&linkCode=osi&th=1&psc=1"><img src="https://m.media-amazon.com/images/I/41yOd+I8g8L._SL500_.jpg" alt="Product Image"></a><p>50/100 Sheets FIVEIZERO A4 Mulberry Paper Sheets Natural Fiber Rice Paper,8.3x11.7in Natural Decoupage Tissue Paper For Writing Painting, Decorative Paper, Card Making Paper DIY Craft</p><p> -10% 0FF </p><p>$8.95</p><a href="https://www.amazon.com/dp/B0CBRKYF99?tag=eloabder-20&linkCode=osi&th=1&psc=1">View Product</a></div>
<div class="product"><a href="https://www.amazon.com/dp/B07YDNKSH6?tag=eloabder-20&linkCode=osi&th=1&psc=1"><img src="https://m.media-amazon.com/images/I/41JGrHa7mSL._SL500_.jpg" alt="Product Image"></a><p>4-Inch Rubber Brayer Roller for Printmaking, Great for Gluing Application Also. (Original Version)</p><p> -36% 0FF </p><p>$6.99</p><a href="https://www.amazon.com/dp/B07YDNKSH6?tag=eloabder-20&linkCode=osi&th=1&psc=1">View Product</a></div><div class="product"><a href="https://www.amazon.com/dp/B003IG27OK?tag=eloabder-20&linkCode=osi&th=1&psc=1"><img src="https://m.media-amazon.com/images/I/416NUaYo1DL._SL500_.jpg" alt="Product Image"></a><p>Speedball Block Printing Baren - Comfortable Wooden Handle, Made in the USA - 4 Inches</p><p> -12% 0FF </p><p>$29.49</p><a href="https://www.amazon.com/dp/B003IG27OK?tag=eloabder-20&linkCode=osi&th=1&psc=1">View Product</a></div>
<div class="product"><a href="https://www.amazon.com/dp/B0CMZTVW28?tag=eloabder-20&linkCode=osi&th=1&psc=1"><img src="https://m.media-amazon.com/images/I/41tZXfCViDL._SL500_.jpg" alt="Product Image"></a><p>Ecoofor Blotting Paper for Flower Press, 20 Sheets Large A4 Highly Absorbent and Reusable Blotter Paper for Flower Press Paper Craft 8.26 x 11.4 inch</p><p> -17% 0FF </p><p>$9.99</p><a href="https://www.amazon.com/dp/B0CMZTVW28?tag=eloabder-20&linkCode=osi&th=1&psc=1">View Product</a></div><div class="product"><a href="https://www.amazon.com/dp/B0CQMMYSBR?tag=eloabder-20&linkCode=osi&th=1&psc=1"><img src="https://m.media-amazon.com/images/I/413SlUi6IDL._SL500_.jpg" alt="Product Image"></a><p>Wisreach Blotting Paper for Flower Press, 20 Sheets Flower Press Paper Highly Absorbent and Reusable Blotter Paper for Flower Art A4 Size 8.26 x 11.4 inch</p><p> -17% 0FF </p><p>$9.99</p><a href="https://www.amazon.com/dp/B0CQMMYSBR?tag=eloabder-20&linkCode=osi&th=1&psc=1">View Product</a></div><div class="product"><a href="https://www.amazon.com/dp/B0CTCD1VY7?tag=eloabder-20&linkCode=osi&th=1&psc=1"><img src="https://m.media-amazon.com/images/I/41xzeYmMKDL._SL500_.jpg" alt="Product Image"></a><p>24 Sheets A4 Reusable Blotting Paper for Flower Press, Highly Absorbent Blotter Paper for Flower Pressing Kit(11.8x8.27 inch)</p><p> -22% 0FF </p><p>$6.99</p><a href="https://www.amazon.com/dp/B0CTCD1VY7?tag=eloabder-20&linkCode=osi&th=1&psc=1">View Product</a></div>
<div class="product"><a href="https://www.amazon.com/dp/B085XDSB3Y?tag=eloabder-20&linkCode=osi&th=1&psc=1"><img src="https://m.media-amazon.com/images/I/41zCK3QUcGL._SL500_.jpg" alt="Product Image"></a><p>Ecohu Bone Folder & Creaser Tool - 2PCS - Scoring, Folding for Origami, Paper Crafts, Bookbinding, Leather Crafts and Card Making & Folding Paper</p><p> -32% 0FF </p><p>$9.95</p><a href="https://www.amazon.com/dp/B085XDSB3Y?tag=eloabder-20&linkCode=osi&th=1&psc=1">View Product</a></div><div class="product"><a href="https://www.amazon.com/dp/B071227D92?tag=eloabder-20&linkCode=osi&th=1&psc=1"><img src="https://m.media-amazon.com/images/I/51MYSCdI-kL._SL500_.jpg" alt="Product Image"></a><p>ARTEZA Bone Folders, Set of 4 Scoring Tools for Origami Paper Crafts, Art Supplies for Book Binding, Card Making, and Paper Folding</p><p> -24% 0FF </p><p>$13.99 ($3.50 / Count)</p><a href="https://www.amazon.com/dp/B071227D92?tag=eloabder-20&linkCode=osi&th=1&psc=1">View Product</a></div>
<div class="product"><a href="https://www.amazon.com/dp/B0007LS8G0?tag=eloabder-20&linkCode=osi&th=1&psc=1"><img src="https://m.media-amazon.com/images/I/41gnrMp4vXL._SL500_.jpg" alt="Product Image"></a><p>Lineco Bookbinding Super Cloth, Book Making Book Repair Cloth Material for Repairing Old Books, 18x30 Inch. Neutral Color.</p><p> -10% 0FF </p><p>$8.07</p><a href="https://www.amazon.com/dp/B0007LS8G0?tag=eloabder-20&linkCode=osi&th=1&psc=1">View Product</a></div><div class="product"><a href="https://www.amazon.com/dp/B0D2T5BY6F?tag=eloabder-20&linkCode=osi&th=1&psc=1"><img src="https://m.media-amazon.com/images/I/41k1Uc0DisL._SL500_.jpg" alt="Product Image"></a><p>10pcs Book Cloth,14”x10”,Fabric Surface and Paper Backed, book cloth for book binding,book binding fabric,5 Colors Bookbinding Cloth for DIY fabric book cover,bookbinding paper (Style C)</p><p> -10% 0FF </p><p>$8.99</p><a href="https://www.amazon.com/dp/B0D2T5BY6F?tag=eloabder-20&linkCode=osi&th=1&psc=1">View Product</a></div><div class="product"><a href="https://www.amazon.com/dp/B0CLL2999Y?tag=eloabder-20&linkCode=osi&th=1&psc=1"><img src="https://m.media-amazon.com/images/I/51qVluU6kYL._SL500_.jpg" alt="Product Image"></a><p>8pcs Book Cloth 14x10 Inch Fabric Surface Paper Backed 4 Colors Bookbinding Cloth for Adult DIY Book Album Cover (Style C)</p><p> -10% 0FF </p><p>$8.99</p><a href="https://www.amazon.com/dp/B0CLL2999Y?tag=eloabder-20&linkCode=osi&th=1&psc=1">View Product</a></div><div class="product"><a href="https://www.amazon.com/dp/B0D2C9CQ9R?tag=eloabder-20&linkCode=osi&th=1&psc=1"><img src="https://m.media-amazon.com/images/I/51ZB8HlWbHL._SL500_.jpg" alt="Product Image"></a><p>Bookbinding Cloth (White:2pieces39x45inches,Other Colours;10 pieces14x10inches) Book Cloth for Book Production Bookbinding Super Cloth Book Restoration Cloth Material for Restoring Old Book bindings</p><p> -30% 0FF </p><p>$11.89</p><a href="https://www.amazon.com/dp/B0D2C9CQ9R?tag=eloabder-20&linkCode=osi&th=1&psc=1">View Product</a></div>
<div class="product"><a href="https://www.amazon.com/dp/B0CQM7GN9K?tag=eloabder-20&linkCode=osi&th=1&psc=1"><img src="https://m.media-amazon.com/images/I/41iSoCGfQPL._SL500_.jpg" alt="Product Image"></a><p>VONEEDL Heavy Duty Hand Sewing Needles Set - 26 Straight and Curved Hand Sewing Needles for Upholstery, Leather, Carpet, Canvas Repair and Sail Crafts</p><p> -8% 0FF </p><p>$6.28 ($0.24 / Count)</p><a href="https://www.amazon.com/dp/B0CQM7GN9K?tag=eloabder-20&linkCode=osi&th=1&psc=1">View Product</a></div>
<div class="product"><a href="https://www.amazon.com/dp/B0025U108E?tag=eloabder-20&linkCode=osi&th=1&psc=1"><img src="https://m.media-amazon.com/images/I/31tAXQM8ItL._SL500_.jpg" alt="Product Image"></a><p>Books by Hand Linen Thread, Archival Quality Natural Unbleached and Unwaxed, 50 Yards 35/3 Gauge, Ideal for Bookbinding and Sewing Signatures</p><p> -38% 0FF </p><p>$9.26</p><a href="https://www.amazon.com/dp/B0025U108E?tag=eloabder-20&linkCode=osi&th=1&psc=1">View Product</a></div><div class="product"><a href="https://www.amazon.com/dp/B09KBTWJWG?tag=eloabder-20&linkCode=osi&th=1&psc=1"><img src="https://m.media-amazon.com/images/I/5139R+MumEL._SL500_.jpg" alt="Product Image"></a><p>BUTUZE 330 Yards Leather Sewing Waxed Thread - 150D 33 Yards Per Spool Stitching Thread for Leather Craft DIY,Bookbinding,Shoe Repairing,Leather Sewing</p><p> -20% 0FF </p><p>$7.99 ($0.01 / Foot)</p><a href="https://www.amazon.com/dp/B09KBTWJWG?tag=eloabder-20&linkCode=osi&th=1&psc=1">View Product</a></div>
<div class="product"><a href="https://www.amazon.com/dp/B07JQPDD9R?tag=eloabder-20&linkCode=osi&th=1&psc=1"><img src="https://m.media-amazon.com/images/I/41qf-76odYL._SL500_.jpg" alt="Product Image"></a><p>We R Memory Keepers, Journal Book Binding Punch Guide Set, Includes Guide, Awl, Curved and Straight Needle, Waxed Thread, Japanese Stitching Template and Storage, for Japanese and Copic Bound Books</p><p> -17% 0FF </p><p>$24.99</p><a href="https://www.amazon.com/dp/B07JQPDD9R?tag=eloabder-20&linkCode=osi&th=1&psc=1">View Product</a></div><div class="product"><a href="https://www.amazon.com/dp/B0C4L31Q4B?tag=eloabder-20&linkCode=osi&th=1&psc=1"><img src="https://m.media-amazon.com/images/I/51-mr3CFowL._SL500_.jpg" alt="Product Image"></a><p>49 Pcs Hand Bookbinding Tools Bookbinding Kits for Beginners Bookbinding Supplies with Paper Awl Binding Ribbon Glue Brush and Steel Ruler for DIY Bookbinding Crafts</p><p> -15% 0FF </p><p>$16.14</p><a href="https://www.amazon.com/dp/B0C4L31Q4B?tag=eloabder-20&linkCode=osi&th=1&psc=1">View Product</a></div>
<div class="product"><a href="https://www.amazon.com/dp/B0811DGL9Y?tag=eloabder-20&linkCode=osi&th=1&psc=1"><img src="https://m.media-amazon.com/images/I/51Kc8OFy8xL._SL500_.jpg" alt="Product Image"></a><p>Motbach 200Pcs Plastic Bottle Caps for DIY Craft Environmental Protection and Development of Children’s Intelligence (Mixed Color)</p><p> -7% 0FF </p><p>$13.90</p><a href="https://www.amazon.com/dp/B0811DGL9Y?tag=eloabder-20&linkCode=osi&th=1&psc=1">View Product</a></div><div class="product"><a href="https://www.amazon.com/dp/B0B2KPKFBD?tag=eloabder-20&linkCode=osi&th=1&psc=1"><img src="https://m.media-amazon.com/images/I/51l9I4uCYXL._SL500_.jpg" alt="Product Image"></a><p>Jedulin 100PCS Plastic Bottle Caps DIY Craft Environmental Protection Bottle Caps for Children Intelligence Development Kindergarten Stickes (Mixed Color)</p><p> -20% 0FF </p><p>$7.99</p><a href="https://www.amazon.com/dp/B0B2KPKFBD?tag=eloabder-20&linkCode=osi&th=1&psc=1">View Product</a></div><div class="product"><a href="https://www.amazon.com/dp/B0C7C8SXGR?tag=eloabder-20&linkCode=osi&th=1&psc=1"><img src="https://m.media-amazon.com/images/I/51og4kgswUL._SL500_.jpg" alt="Product Image"></a><p>Thyle DIY Craft Assorted Colors Plastic Bottle Caps for Children Intelligence Development Kindergarten Scrapbook Mixed Color (500 Pcs)</p><p> -35% 0FF </p><p>$14.99</p><a href="https://www.amazon.com/dp/B0C7C8SXGR?tag=eloabder-20&linkCode=osi&th=1&psc=1">View Product</a></div><div class="product"><a href="https://www.amazon.com/dp/B0BTBDXYCH?tag=eloabder-20&linkCode=osi&th=1&psc=1"><img src="https://m.media-amazon.com/images/I/51jDHmexj7L._SL500_.jpg" alt="Product Image"></a><p>ZEAYEA 300 Pcs Plastic Bottle Caps, DIY Craft Environmental Protection Bottle Caps, Mixed Color Bottle Caps for Children Intelligence Development Kindergarten Stickers Kids DIY Craft</p><p> -22% 0FF </p><p>$17.99 ($0.06 / Count)</p><a href="https://www.amazon.com/dp/B0BTBDXYCH?tag=eloabder-20&linkCode=osi&th=1&psc=1">View Product</a></div>
<div class="product"><a href="https://www.amazon.com/dp/B072VWN1GV?tag=eloabder-20&linkCode=osi&th=1&psc=1"><img src="https://m.media-amazon.com/images/I/21vZmhaRk5L._SL500_.jpg" alt="Product Image"></a><p>Cricut Brayer, Rubber Roller for Crafts, Works with Fabric, Vinyl, Iron-On & Inking Blocks, Extend Life of Cricut FabricGrip Mat, Compatible with Cricut Maker</p><p> -50% 0FF </p><p>$8.99</p><a href="https://www.amazon.com/dp/B072VWN1GV?tag=eloabder-20&linkCode=osi&th=1&psc=1">View Product</a></div><div class="product"><a href="https://www.amazon.com/dp/B08PP6QCWP?tag=eloabder-20&linkCode=osi&th=1&psc=1"><img src="https://m.media-amazon.com/images/I/31fzR6GvMeL._SL500_.jpg" alt="Product Image"></a><p>3 Pack Printmaking Brayers - Premium Brayer Rollers for Crafting, Hard Rubber Roller Brayers, Vinyl Roller Ink Paint Brush for Wallpapers Stamping Gluing Application (2.4’’, 4’’, 7.9’’) (black)</p><p> -6% 0FF </p><p>$16.99</p><a href="https://www.amazon.com/dp/B08PP6QCWP?tag=eloabder-20&linkCode=osi&th=1&psc=1">View Product</a></div><div class="product"><a href="https://www.amazon.com/dp/B072VY7CTF?tag=eloabder-20&linkCode=osi&th=1&psc=1"><img src="https://m.media-amazon.com/images/I/21Sg48Q+UoL._SL500_.jpg" alt="Product Image"></a><p>Cricut Brayer & MAT Remover Set</p><p> -52% 0FF </p><p>$11.99</p><a href="https://www.amazon.com/dp/B072VY7CTF?tag=eloabder-20&linkCode=osi&th=1&psc=1">View Product</a></div><div class="product"><a href="https://www.amazon.com/dp/B0007ZJ8T2?tag=eloabder-20&linkCode=osi&th=1&psc=1"><img src="https://m.media-amazon.com/images/I/31Oh43aFt9L._SL500_.jpg" alt="Product Image"></a><p>Speedball Pop-in Soft Rubber Brayer, 4" – Roller Tool for Crafting and Block Printing, Vinyl, Comfort Grip Handle</p><p> -14% 0FF </p><p>$11.99</p><a href="https://www.amazon.com/dp/B0007ZJ8T2?tag=eloabder-20&linkCode=osi&th=1&psc=1">View Product</a></div>
<div class="product"><a href="https://www.amazon.com/dp/B099DWCRZ5?tag=eloabder-20&linkCode=osi&th=1&psc=1"><img src="https://m.media-amazon.com/images/I/41rr5hT-8TL._SL500_.jpg" alt="Product Image"></a><p>milo Fluorescent Acrylic Paint Set of 6 Colors | 4 oz Bottles | Student Neon Colors Acrylics Painting Pack | Made in the USA | Non-Toxic Art & Craft Paints for Artists, Kids, & Hobby Painters</p><p> -8% 0FF </p><p>$22.90 ($0.95 / Fl Oz)</p><a href="https://www.amazon.com/dp/B099DWCRZ5?tag=eloabder-20&linkCode=osi&th=1&psc=1">View Product</a></div><div class="product"><a href="https://www.amazon.com/dp/B0871TN9QJ?tag=eloabder-20&linkCode=osi&th=1&psc=1"><img src="https://m.media-amazon.com/images/I/51YLdXlUP6L._SL500_.jpg" alt="Product Image"></a><p>Artecho Neon Paint - Set of 6 Colors, 59 ml / 2 oz Acrylic Paint for Decoration, Art Painting, Outdoor and Indoor Art Craft, Supplies for Canvas, Rock, Wood, Fabric, Waterproof Rich Pigments</p><p> -20% 0FF </p><p>$13.59 ($1.14 / Fl Oz)</p><a href="https://www.amazon.com/dp/B0871TN9QJ?tag=eloabder-20&linkCode=osi&th=1&psc=1">View Product</a></div><div class="product"><a href="https://www.amazon.com/dp/B09133GRBN?tag=eloabder-20&linkCode=osi&th=1&psc=1"><img src="https://m.media-amazon.com/images/I/51gFnhPRtSL._SL500_.jpg" alt="Product Image"></a><p>ABEIER Iridescent Acrylic Paint, Set of 18 Chameleon Colors, 2 oz/60ml Bottles, Color-shifting, Non-Toxic, High Viscosity, Blendable, Paints on Rocks Crafts Canvas Wood, Fabric, Ceramic & Stone</p><p> -20% 0FF </p><p>$20.79 ($0.58 / Fl Oz)</p><a href="https://www.amazon.com/dp/B09133GRBN?tag=eloabder-20&linkCode=osi&th=1&psc=1">View Product</a></div>
<div class="product"><a href="https://www.amazon.com/dp/B0009RRT9Y?tag=eloabder-20&linkCode=osi&th=1&psc=1"><img src="https://m.media-amazon.com/images/I/51ZhyYPOB5L._SL500_.jpg" alt="Product Image"></a><p>General Pencil Company The Masters Brush Cleaner & Preserver 2.5 0z.</p><p> -30% 0FF </p><p>$11.96</p><a href="https://www.amazon.com/dp/B0009RRT9Y?tag=eloabder-20&linkCode=osi&th=1&psc=1">View Product</a></div><div class="product"><a href="https://www.amazon.com/dp/B001TNR7VM?tag=eloabder-20&linkCode=osi&th=1&psc=1"><img src="https://m.media-amazon.com/images/I/51xdVglpEJL._SL500_.jpg" alt="Product Image"></a><p>General Pencil The Master's Brush Cleaner & Preserver, 1 oz</p><p> -7% 0FF </p><p>$8.01</p><a href="https://www.amazon.com/dp/B001TNR7VM?tag=eloabder-20&linkCode=osi&th=1&psc=1">View Product</a></div><div class="product"><a href="https://www.amazon.com/dp/B00F38YVQS?tag=eloabder-20&linkCode=osi&th=1&psc=1"><img src="https://m.media-amazon.com/images/I/51yjmSTzzML._SL500_.jpg" alt="Product Image"></a><p>B & J Original Brush Cleaner - 2.5 Oz/12ct Display</p><p> -6% 0FF </p><p>$11.99 ($4.80 / Ounce)</p><a href="https://www.amazon.com/dp/B00F38YVQS?tag=eloabder-20&linkCode=osi&th=1&psc=1">View Product</a></div><div class="product"><a href="https://www.amazon.com/dp/B004BN7QQ8?tag=eloabder-20&linkCode=osi&th=1&psc=1"><img src="https://m.media-amazon.com/images/I/31fEWB-h4VL._SL500_.jpg" alt="Product Image"></a><p>Winsor & Newton Brush Cleaner & Restorer, 16.0-oz Bottle</p><p> -14% 0FF </p><p>$21.87 ($1.37 / Fl Oz)</p><a href="https://www.amazon.com/dp/B004BN7QQ8?tag=eloabder-20&linkCode=osi&th=1&psc=1">View Product</a></div><div class="product"><a href="https://www.amazon.com/dp/B0049UZ8Z4?tag=eloabder-20&linkCode=osi&th=1&psc=1"><img src="https://m.media-amazon.com/images/I/51RVD9jAf9L._SL500_.jpg" alt="Product Image"></a><p>General Pencil 103-BJ The Masters Brush Cleaner and Preserver Tub, 24-Ounce</p><p> -19% 0FF </p><p>$28.29</p><a href="https://www.amazon.com/dp/B0049UZ8Z4?tag=eloabder-20&linkCode=osi&th=1&psc=1">View Product</a></div><div class="product"><a href="https://www.amazon.com/dp/B00JB1AUU4?tag=eloabder-20&linkCode=osi&th=1&psc=1"><img src="https://m.media-amazon.com/images/I/51YWgMhI8PL._SL500_.jpg" alt="Product Image"></a><p>General Pencil Masters Brush Cleaner and Preserver 1-Ounce (GP100)</p><p> -29% 0FF </p><p>$8.54</p><a href="https://www.amazon.com/dp/B00JB1AUU4?tag=eloabder-20&linkCode=osi&th=1&psc=1">View Product</a></div>
<div class="product"><a href="https://www.amazon.com/dp/B06X93CZ2F?tag=eloabder-20&linkCode=osi&th=1&psc=1"><img src="https://m.media-amazon.com/images/I/51N++pZFFoL._SL500_.jpg" alt="Product Image"></a><p>JTDEAL Paint Brush Holder, 22 Slots Paint Brush Storage for Acrylic Oil Watercolor Gouache Artist Paint Brush Roll Canvas Pouch, Silver white Holds 100 brushes</p><p> -23% 0FF </p><p>$9.98</p><a href="https://www.amazon.com/dp/B06X93CZ2F?tag=eloabder-20&linkCode=osi&th=1&psc=1">View Product</a></div><div class="product"><a href="https://www.amazon.com/dp/B000GJ76SE?tag=eloabder-20&linkCode=osi&th=1&psc=1"><img src="https://m.media-amazon.com/images/I/41bXOXEav9L._SL500_.jpg" alt="Product Image"></a><p>ArtBin KW903 Brush Box with Foam Inserts, Fine Art Portable Paint Brush Organizer, Plastic, Clear, 1.0 Count</p><p> -20% 0FF </p><p>$15.97</p><a href="https://www.amazon.com/dp/B000GJ76SE?tag=eloabder-20&linkCode=osi&th=1&psc=1">View Product</a></div><div class="product"><a href="https://www.amazon.com/dp/B0D476RJ27?tag=eloabder-20&linkCode=osi&th=1&psc=1"><img src="https://m.media-amazon.com/images/I/513n7TQ7WhL._SL500_.jpg" alt="Product Image"></a><p>SBYURE Wooden Paint Brush Holder Artist Brush Holder 67 Hole Paintbrush Holder Organizer Wood Paint Brush Rack for Pens Pencils and Art Tools</p><p> -17% 0FF </p><p>$9.99</p><a href="https://www.amazon.com/dp/B0D476RJ27?tag=eloabder-20&linkCode=osi&th=1&psc=1">View Product</a></div>
<div class="product"><a href="https://www.amazon.com/dp/B000THNGVO?tag=eloabder-20&linkCode=osi&th=1&psc=1"><img src="https://m.media-amazon.com/images/I/416vczORVSL._SL500_.jpg" alt="Product Image"></a><p>Pentel Fude Brush Pen, Medium (XFL2L)</p><p> -44% 0FF </p><p>$5.59</p><a href="https://www.amazon.com/dp/B000THNGVO?tag=eloabder-20&linkCode=osi&th=1&psc=1">View Product</a></div><div class="product"><a href="https://www.amazon.com/dp/B07DQ4292Y?tag=eloabder-20&linkCode=osi&th=1&psc=1"><img src="https://m.media-amazon.com/images/I/41-kgHpaPvL._SL500_.jpg" alt="Product Image"></a><p>Tombow 62039 Fudenosuke Brush Pens, 3-Pack. Soft, Hard, and Twin Tip Markers for Calligraphy and Art Drawings</p><p> -41% 0FF </p><p>$7.29 ($2.43 / Count)</p><a href="https://www.amazon.com/dp/B07DQ4292Y?tag=eloabder-20&linkCode=osi&th=1&psc=1">View Product</a></div><div class="product"><a href="https://www.amazon.com/dp/B08FCZC2R3?tag=eloabder-20&linkCode=osi&th=1&psc=1"><img src="https://m.media-amazon.com/images/I/51TWqPlqpfL._SL500_.jpg" alt="Product Image"></a><p>Craft 'n' Beyond Calligraphy Brush Pens Pack of 3 Small, Medium and Large Markers for Hand Lettering, Art Drawing, Sketching, Scrapbooking, Journaling - Beginner Kit with Fadeproof Black Ink</p><p> -20% 0FF </p><p>$5.99</p><a href="https://www.amazon.com/dp/B08FCZC2R3?tag=eloabder-20&linkCode=osi&th=1&psc=1">View Product</a></div><div class="product"><a href="https://www.amazon.com/dp/B0752Q39TF?tag=eloabder-20&linkCode=osi&th=1&psc=1"><img src="https://m.media-amazon.com/images/I/318NZq+SxqL._SL500_.jpg" alt="Product Image"></a><p>Zebra Pen Zensations Brush Pen, Brush Tip, Black Water-Resistant Ink, 1-Pack</p><p> -40% 0FF </p><p>$1.71</p><a href="https://www.amazon.com/dp/B0752Q39TF?tag=eloabder-20&linkCode=osi&th=1&psc=1">View Product</a></div><div class="product"><a href="https://www.amazon.com/dp/B01MS96OLD?tag=eloabder-20&linkCode=osi&th=1&psc=1"><img src="https://m.media-amazon.com/images/I/31bfqw+ZWDL._SL500_.jpg" alt="Product Image"></a><p>Tombow Abt Dual Brush Pen N15 Black Pack of 2</p><p> -10% 0FF </p><p>$6.23 ($3.12 / Count)</p><a href="https://www.amazon.com/dp/B01MS96OLD?tag=eloabder-20&linkCode=osi&th=1&psc=1">View Product</a></div>
<div class="product"><a href="https://www.amazon.com/dp/B09KNVGJLG?tag=eloabder-20&linkCode=osi&th=1&psc=1"><img src="https://m.media-amazon.com/images/I/51M8YXIl+HL._SL500_.jpg" alt="Product Image"></a><p>U.S. Art Supply 16 Hole Multi-Function Paint Brush Washer, Cleaner and Holder, 18 Palette Wells, Lid Plastic - Clean, Dry, Rest, Store, Hold Artist Brushes - Cleaning Acrylic, Watercolor, Oil Painting</p><p> -29% 0FF </p><p>$9.99</p><a href="https://www.amazon.com/dp/B09KNVGJLG?tag=eloabder-20&linkCode=osi&th=1&psc=1">View Product</a></div><div class="product"><a href="https://www.amazon.com/dp/B0CF959SCV?tag=eloabder-20&linkCode=osi&th=1&psc=1"><img src="https://m.media-amazon.com/images/I/41ab3WRFu8L._SL500_.jpg" alt="Product Image"></a><p>NIUCOO 2024 Upgraded Paint Brush Cleaner Brush Rinser: Paintbrush Cleaners Painting Station Paint Brush Rinse Paint Brush Washer Estacion De Pintura Flush My Brush Washing</p><p> -17% 0FF </p><p>$9.98</p><a href="https://www.amazon.com/dp/B0CF959SCV?tag=eloabder-20&linkCode=osi&th=1&psc=1">View Product</a></div><div class="product"><a href="https://www.amazon.com/dp/B0017880ME?tag=eloabder-20&linkCode=osi&th=1&psc=1"><img src="https://m.media-amazon.com/images/I/41qGjgJEnsL._SL500_.jpg" alt="Product Image"></a><p>Masterson Fresh Water Rinse Well Brush Cleaner for Cleaning Paintbrushes, Cleaning System for Acrylic, Watercolor, and Water-Based Paints, Great for Studio, Classroom, and Face Painting, Made in USA</p><p> -5% 0FF </p><p>$22.29</p><a href="https://www.amazon.com/dp/B0017880ME?tag=eloabder-20&linkCode=osi&th=1&psc=1">View Product</a></div>
<div class="product"><a href="https://www.amazon.com/dp/B07GH7WGC3?tag=eloabder-20&linkCode=osi&th=1&psc=1"><img src="https://m.media-amazon.com/images/I/51vzX1OZI6L._SL500_.jpg" alt="Product Image"></a><p>BOSOBO Paint Brushes Set, 2 Pack 20 Pcs Round-Pointed Tip Paintbrushes Nylon Hair Artist Acrylic Paint Brushes for Acrylic Oil Watercolor, Face Nail Art, Miniature Detailing & Rock Painting, Blue</p><p> -54% 0FF </p><p>$5.99 ($0.30 / Count)</p><a href="https://www.amazon.com/dp/B07GH7WGC3?tag=eloabder-20&linkCode=osi&th=1&psc=1">View Product</a></div><div class="product"><a href="https://www.amazon.com/dp/B09HH97QTK?tag=eloabder-20&linkCode=osi&th=1&psc=1"><img src="https://m.media-amazon.com/images/I/51LLw4EEEBL._SL500_.jpg" alt="Product Image"></a><p>20 Pcs Paint Brush Set for Acrylic Painting, Watercolor, Miniature Detailing, and Rock Painting</p><p> -50% 0FF </p><p>$4.99</p><a href="https://www.amazon.com/dp/B09HH97QTK?tag=eloabder-20&linkCode=osi&th=1&psc=1">View Product</a></div><div class="product"><a href="https://www.amazon.com/dp/B095M9LKPN?tag=eloabder-20&linkCode=osi&th=1&psc=1"><img src="https://m.media-amazon.com/images/I/51V-4Zpr+iS._SL500_.jpg" alt="Product Image"></a><p>Paint Brushes Set of 24 Pieces Wooden Handles Brushes with Canvas Brush Case, Professional for Oil, Acrylic and Watercolor Painting</p><p> -33% 0FF </p><p>$11.99</p><a href="https://www.amazon.com/dp/B095M9LKPN?tag=eloabder-20&linkCode=osi&th=1&psc=1">View Product</a></div><div class="product"><a href="https://www.amazon.com/dp/B078XJ2DCJ?tag=eloabder-20&linkCode=osi&th=1&psc=1"><img src="https://m.media-amazon.com/images/I/616oHEXPN1S._SL500_.jpg" alt="Product Image"></a><p>Pro Grade - Chip Paint Brushes - 36-Pack - 2 Inch Chip Brush for Paints, Stains, Varnishes, Glues, & Gesso</p><p> -28% 0FF </p><p>$17.99</p><a href="https://www.amazon.com/dp/B078XJ2DCJ?tag=eloabder-20&linkCode=osi&th=1&psc=1">View Product</a></div><div class="product"><a href="https://www.amazon.com/dp/B0878MN2VR?tag=eloabder-20&linkCode=osi&th=1&psc=1"><img src="https://m.media-amazon.com/images/I/51NycGy8AYL._SL500_.jpg" alt="Product Image"></a><p>Acrylic Paint Brush Set, 1 Packs / 10 pcs Watercolor Brushes Painting Brush Nylon Hair Brushes for All Purpose Oil Watercolor Painting Artist Professional Kits.</p><p> -56% 0FF </p><p>$3.99</p><a href="https://www.amazon.com/dp/B0878MN2VR?tag=eloabder-20&linkCode=osi&th=1&psc=1">View Product</a></div><div class="product"><a href="https://www.amazon.com/dp/B07X9SRV4H?tag=eloabder-20&linkCode=osi&th=1&psc=1"><img src="https://m.media-amazon.com/images/I/41Tq91myMWL._SL500_.jpg" alt="Product Image"></a><p>UPINS 30 Pcs Flat Paint Brushes, Small Brush Bulk for Detail Painting</p><p> -56% 0FF </p><p>$6.59 ($0.22 / Count)</p><a href="https://www.amazon.com/dp/B07X9SRV4H?tag=eloabder-20&linkCode=osi&th=1&psc=1">View Product</a></div><div class="product"><a href="https://www.amazon.com/dp/B08CY551NH?tag=eloabder-20&linkCode=osi&th=1&psc=1"><img src="https://m.media-amazon.com/images/I/514-YFHUt2L._SL500_.jpg" alt="Product Image"></a><p>Paint Brushes Set for Acrylic Painting, 20 Pcs Oil Watercolor Acrylic Paint Brush, Artist Paintbrushes for Body Face Rock Canvas, Kids Adult Drawing Arts Crafts Supplies, Blue</p><p> -11% 0FF </p><p>$7.99 ($0.40 / Count)</p><a href="https://www.amazon.com/dp/B08CY551NH?tag=eloabder-20&linkCode=osi&th=1&psc=1">View Product</a></div><div class="product"><a href="https://www.amazon.com/dp/B078XK6XRH?tag=eloabder-20&linkCode=osi&th=1&psc=1"><img src="https://m.media-amazon.com/images/I/51pi8RvmeJL._SL500_.jpg" alt="Product Image"></a><p>Pro Grade - Chip Paint Brushes - 96 Ea 2 Inch Chip Brush for Paints, Stains, Varnishes, Glues, & Gesso</p><p> -24% 0FF </p><p>$33.99</p><a href="https://www.amazon.com/dp/B078XK6XRH?tag=eloabder-20&linkCode=osi&th=1&psc=1">View Product</a></div>
<div class="product"><a href="https://www.amazon.com/dp/B081J66MVD?tag=eloabder-20&linkCode=osi&th=1&psc=1"><img src="https://m.media-amazon.com/images/I/61lZh1TW74L._SL500_.jpg" alt="Product Image"></a><p>Greentime 1500 pcs Round Resin Buttons Mixed Color Assorted Sizes for Crafts Sewing DIY Manual Button Painting DIY Handmade Ornament Buttons, 2 Holes and 4 Holes</p><p> -47% 0FF </p><p>$12.99</p><a href="https://www.amazon.com/dp/B081J66MVD?tag=eloabder-20&linkCode=osi&th=1&psc=1">View Product</a></div><div class="product"><a href="https://www.amazon.com/dp/B076FLR6X1?tag=eloabder-20&linkCode=osi&th=1&psc=1"><img src="https://m.media-amazon.com/images/I/51FdE2YnRTL._SL500_.jpg" alt="Product Image"></a><p>500-700 PCS Assorted Mixed Color Resin Buttons 2 and 4 Holes Round Craft for Sewing DIY Crafts Children's Manual Button Painting,DIY Handmade Ornament</p><p> -13% 0FF </p><p>$6.99</p><a href="https://www.amazon.com/dp/B076FLR6X1?tag=eloabder-20&linkCode=osi&th=1&psc=1">View Product</a></div>
<div class="product"><a href="https://www.amazon.com/dp/B0026SBYUE?tag=eloabder-20&linkCode=osi&th=1&psc=1"><img src="https://m.media-amazon.com/images/I/412Ga9k1q8L._SL500_.jpg" alt="Product Image"></a><p>Higgins Black Calligraphy Ink, 2.5 Ounce Bottle (44314)</p><p> -14% 0FF </p><p>$5.99</p><a href="https://www.amazon.com/dp/B0026SBYUE?tag=eloabder-20&linkCode=osi&th=1&psc=1">View Product</a></div><div class="product"><a href="https://www.amazon.com/dp/B0863983QL?tag=eloabder-20&linkCode=osi&th=1&psc=1"><img src="https://m.media-amazon.com/images/I/51z4eQeSGIL._SL500_.jpg" alt="Product Image"></a><p>SVBAQUUY Calligraphy Ink,12 Colors Dip Calligraphy Pen Inks Set for Art,Writing,Signatures,Calligraphy, Decoration,Gift (15ml)</p><p> -8% 0FF </p><p>$21.99</p><a href="https://www.amazon.com/dp/B0863983QL?tag=eloabder-20&linkCode=osi&th=1&psc=1">View Product</a></div><div class="product"><a href="https://www.amazon.com/dp/B0012F3HHU?tag=eloabder-20&linkCode=osi&th=1&psc=1"><img src="https://m.media-amazon.com/images/I/41pJiFMJ5NL._SL500_.jpg" alt="Product Image"></a><p>Winsor & Newton Calligraphy 6-Jar Ink Set, 30ml</p><p> -38% 0FF </p><p>$24.99 ($4.11 / Fl Oz)</p><a href="https://www.amazon.com/dp/B0012F3HHU?tag=eloabder-20&linkCode=osi&th=1&psc=1">View Product</a></div>
<div class="product"><a href="https://www.amazon.com/dp/B0007ZJ8QU?tag=eloabder-20&linkCode=osi&th=1&psc=1"><img src="https://m.media-amazon.com/images/I/41vTwN7L9NL._SL500_.jpg" alt="Product Image"></a><p>Speedball C-Series Lettering Pen Set - 1 Penholder w/ 6 Nibs</p><p> -8% 0FF </p><p>$11.99</p><a href="https://www.amazon.com/dp/B0007ZJ8QU?tag=eloabder-20&linkCode=osi&th=1&psc=1">View Product</a></div>
<div class="product"><a href="https://www.amazon.com/dp/B000KNNVX0?tag=eloabder-20&linkCode=osi&th=1&psc=1"><img src="https://m.media-amazon.com/images/I/51RAGoN6UsL._SL500_.jpg" alt="Product Image"></a><p>Strathmore STR- 50 Sheet Tape Bound Calligraphy Pad, 8.5 by 11", White</p><p> -26% 0FF </p><p>$6.90</p><a href="https://www.amazon.com/dp/B000KNNVX0?tag=eloabder-20&linkCode=osi&th=1&psc=1">View Product</a></div><div class="product"><a href="https://www.amazon.com/dp/B08X6CSGMK?tag=eloabder-20&linkCode=osi&th=1&psc=1"><img src="https://m.media-amazon.com/images/I/41cuzxFTUkL._SL500_.jpg" alt="Product Image"></a><p>Cotton Deckle Edge Paper Loose Leaf Sheets for Writing Calligraphy, Printing, Scrapbook Crafts, Map, Certificate, Invitation 150 GSM Ivory White-501-5x7-20</p><p> -35% 0FF </p><p>$12.99</p><a href="https://www.amazon.com/dp/B08X6CSGMK?tag=eloabder-20&linkCode=osi&th=1&psc=1">View Product</a></div>
<div class="product"><a href="https://www.amazon.com/dp/B001DKJLEC?tag=eloabder-20&linkCode=osi&th=1&psc=1"><img src="https://m.media-amazon.com/images/I/41T7Ur1AtUL._SL500_.jpg" alt="Product Image"></a><p>Speedball Elegant Writer Calligraphy 4 Marker Set, Black, 2.0 mm, 2.5 mm & 3.0 mm Chisel Nib Tip Pens for Drawing, Journaling, and Scrapbooking</p><p> -17% 0FF </p><p>$9.99 ($2.50 / Count)</p><a href="https://www.amazon.com/dp/B001DKJLEC?tag=eloabder-20&linkCode=osi&th=1&psc=1">View Product</a></div><div class="product"><a href="https://www.amazon.com/dp/B07RF533S7?tag=eloabder-20&linkCode=osi&th=1&psc=1"><img src="https://m.media-amazon.com/images/I/51JgvR-kW9L._SL500_.jpg" alt="Product Image"></a><p>Faber-Castell Calligraphy Pitt Artist Pen Set - 6 Multi Colored Calligraphy Pens</p><p> -41% 0FF </p><p>$14.19</p><a href="https://www.amazon.com/dp/B07RF533S7?tag=eloabder-20&linkCode=osi&th=1&psc=1">View Product</a></div><div class="product"><a href="https://www.amazon.com/dp/B08RYWH185?tag=eloabder-20&linkCode=osi&th=1&psc=1"><img src="https://m.media-amazon.com/images/I/51GFkyfC3iL._SL500_.jpg" alt="Product Image"></a><p>Piochoo Calligraphy Pens,8 Size Calligraphy Pens for Writing,Brush Pens Calligraphy Set for Beginners, Hand Lettering Pens</p><p> -24% 0FF </p><p>$12.99</p><a href="https://www.amazon.com/dp/B08RYWH185?tag=eloabder-20&linkCode=osi&th=1&psc=1">View Product</a></div>
<div class="product"><a href="https://www.amazon.com/dp/B01N5NKSQ3?tag=eloabder-20&linkCode=osi&th=1&psc=1"><img src="https://m.media-amazon.com/images/I/51HdJ6WBmEL._SL500_.jpg" alt="Product Image"></a><p>Mont Marte Calligraphy Set, 32 Piece. Includes Calligraphy Pens, Calligraphy Nibs, Ink Cartridges, Introduction Booklet and Exercise Booklet, Packaging May Vary</p><p> -13% 0FF </p><p>$23.42</p><a href="https://www.amazon.com/dp/B01N5NKSQ3?tag=eloabder-20&linkCode=osi&th=1&psc=1">View Product</a></div><div class="product"><a href="https://www.amazon.com/dp/B093TGXLLD?tag=eloabder-20&linkCode=osi&th=1&psc=1"><img src="https://m.media-amazon.com/images/I/61ZllSpD4FS._SL500_.jpg" alt="Product Image"></a><p>GC QUILL Calligraphy Fountain Pen Set- 7 with Different Nibs and 40 Ink Cartridges for Beginners- MU-09</p><p> -25% 0FF </p><p>$24.89</p><a href="https://www.amazon.com/dp/B093TGXLLD?tag=eloabder-20&linkCode=osi&th=1&psc=1">View Product</a></div><div class="product"><a href="https://www.amazon.com/dp/B0BCVDNPRJ?tag=eloabder-20&linkCode=osi&th=1&psc=1"><img src="https://m.media-amazon.com/images/I/51J-hFN4AeL._SL500_.jpg" alt="Product Image"></a><p>GC QUILL Calligraphy Pens Set 64pcs - Calligraphy Fountain Pen Set with 3 Fountain Pens, 7 Varied Nibs, 54 Ink Cartridges(10 Colors) - Writing, Drawing and Calligraphy Practice for beginner GC-F354</p><p> -35% 0FF </p><p>$23.99</p><a href="https://www.amazon.com/dp/B0BCVDNPRJ?tag=eloabder-20&linkCode=osi&th=1&psc=1">View Product</a></div>
<div class="product"><a href="https://www.amazon.com/dp/B00RK5HERU?tag=eloabder-20&linkCode=osi&th=1&psc=1"><img src="https://m.media-amazon.com/images/I/31XKJDOBVRL._SL500_.jpg" alt="Product Image"></a><p>Pacific Arc Ames Lettering Guide for Lettering, Writing, Architecture, and Drawing</p><p> -26% 0FF </p><p>$5.15</p><a href="https://www.amazon.com/dp/B00RK5HERU?tag=eloabder-20&linkCode=osi&th=1&psc=1">View Product</a></div><div class="product"><a href="https://www.amazon.com/dp/B01M0ERS1V?tag=eloabder-20&linkCode=osi&th=1&psc=1"><img src="https://m.media-amazon.com/images/I/41RPeg4SP7L._SL500_.jpg" alt="Product Image"></a><p>Tombow 56190 Beginner Lettering Set. Includes Essential Tools to Start Hand Lettering</p><p> -51% 0FF </p><p>$7.81</p><a href="https://www.amazon.com/dp/B01M0ERS1V?tag=eloabder-20&linkCode=osi&th=1&psc=1">View Product</a></div>
<div class="product"><a href="https://www.amazon.com/dp/B06Y3T5RV4?tag=eloabder-20&linkCode=osi&th=1&psc=1"><img src="https://m.media-amazon.com/images/I/61yZyP8eZTL._SL500_.jpg" alt="Product Image"></a><p>Candle Dyes for Soy Candle Making - Wax Сolor Dye Color Chips for Soy Wax - 16 Popular Colors Wax Dye Flakes</p><p> -30% 0FF </p><p>$13.99 ($8.74 / Ounce)</p><a href="https://www.amazon.com/dp/B06Y3T5RV4?tag=eloabder-20&linkCode=osi&th=1&psc=1">View Product</a></div><div class="product"><a href="https://www.amazon.com/dp/B08J1D4CN2?tag=eloabder-20&linkCode=osi&th=1&psc=1"><img src="https://m.media-amazon.com/images/I/51xAau3LTLL._SL500_.jpg" alt="Product Image"></a><p>Hearth & Harbor Candle Dye for Soy Candle Making – Candle Color Dye for Soy Wax, 24 Popular Colors Candle Wax Dye Blocks, Nontoxic Candle Dyes for Candle Making, Candle Making Supplies for DIY Candles</p><p> -43% 0FF </p><p>$11.87 ($1.75 / Ounce)</p><a href="https://www.amazon.com/dp/B08J1D4CN2?tag=eloabder-20&linkCode=osi&th=1&psc=1">View Product</a></div><div class="product"><a href="https://www.amazon.com/dp/B0CMCPGLQZ?tag=eloabder-20&linkCode=osi&th=1&psc=1"><img src="https://m.media-amazon.com/images/I/51G9e-Epa0L._SL500_.jpg" alt="Product Image"></a><p>Candle Dye - 12 Colors Wax Melt Dye for Candle Making, Oil-Based Dye for Wax, Highly Concentrate Liquid Candle Color Dye</p><p> -11% 0FF </p><p>$7.99</p><a href="https://www.amazon.com/dp/B0CMCPGLQZ?tag=eloabder-20&linkCode=osi&th=1&psc=1">View Product</a></div>
<div class="product"><a href="https://www.amazon.com/dp/B09ZG8P7ZB?tag=eloabder-20&linkCode=osi&th=1&psc=1"><img src="https://m.media-amazon.com/images/I/51o+EjUxogL._SL500_.jpg" alt="Product Image"></a><p>Hearth & Harbor Soy Candle Wax for Candle Making 10 lb Bag, Premium Natural Soy Wax Flakes, 100 Cotton Candle Wicks, 100 Wick Stickers, & 2 Centering Devices</p><p> -8% 0FF </p><p>$36.99</p><a href="https://www.amazon.com/dp/B09ZG8P7ZB?tag=eloabder-20&linkCode=osi&th=1&psc=1">View Product</a></div><div class="product"><a href="https://www.amazon.com/dp/B0BX2NXZCN?tag=eloabder-20&linkCode=osi&th=1&psc=1"><img src="https://m.media-amazon.com/images/I/51nxdXNpRYL._SL500_.jpg" alt="Product Image"></a><p>Complete Candle Making Kits for Adults Beginners,DIY Candle Making Supplies Include Soy Wax,Wax Melter,Scents,Dyes,Wicks,Wicks Sticker,Candle Tins & More-Full Candle Making Set - Arts & Crafts Kits</p><p> -43% 0FF </p><p>$22.99</p><a href="https://www.amazon.com/dp/B0BX2NXZCN?tag=eloabder-20&linkCode=osi&th=1&psc=1">View Product</a></div><div class="product"><a href="https://www.amazon.com/dp/B09KG8CXJV?tag=eloabder-20&linkCode=osi&th=1&psc=1"><img src="https://m.media-amazon.com/images/I/518SqpeIjbL._SL500_.jpg" alt="Product Image"></a><p>SAEUYVB Candle Making Kit for Adults with Hot Plate, DIY Starter Soy Candle Making Supplies/Kit - Perfect as Home Decorations（Black）</p><p> -13% 0FF </p><p>$54.99</p><a href="https://www.amazon.com/dp/B09KG8CXJV?tag=eloabder-20&linkCode=osi&th=1&psc=1">View Product</a></div><div class="product"><a href="https://www.amazon.com/dp/B09RX3HR32?tag=eloabder-20&linkCode=osi&th=1&psc=1"><img src="https://m.media-amazon.com/images/I/51yOqj55w3L._SL500_.jpg" alt="Product Image"></a><p>FAIRYELF Candle Making Kit with Wax Melter, Complete Candle Making Supplies, Soy Candle Wax Kit for Kids, Beginners, Adults, Including Electronic Stove, Soy Wax, Melting Pot, Rich Scents and Dyes</p><p> -17% 0FF </p><p>$49.99</p><a href="https://www.amazon.com/dp/B09RX3HR32?tag=eloabder-20&linkCode=osi&th=1&psc=1">View Product</a></div>
<div class="product"><a href="https://www.amazon.com/dp/B0CH67W758?tag=eloabder-20&linkCode=osi&th=1&psc=1"><img src="https://m.media-amazon.com/images/I/41jiPzWJO4L._SL500_.jpg" alt="Product Image"></a><p>Diamond Ball Mold Ball Candle Mold Diamond Shape Resin Casting Mold Resin Making Molds Silicone Mold for Candle Home Decorate Mold Candle Making Mold 3D Animal Mold</p><p> -17% 0FF </p><p>$9.99</p><a href="https://www.amazon.com/dp/B0CH67W758?tag=eloabder-20&linkCode=osi&th=1&psc=1">View Product</a></div><div class="product"><a href="https://www.amazon.com/dp/B09P9RFKJF?tag=eloabder-20&linkCode=osi&th=1&psc=1"><img src="https://m.media-amazon.com/images/I/41r1hyLKb7L._SL500_.jpg" alt="Product Image"></a><p>Silicone Candle Molds Set, 4PCS Bubble Candle Molds, Candle Molds for Candle Making, Epoxy Mold for Decor, Soap Making Resin Mold for Handmade Chocolate, Pudding, Clay, Ornament</p><p> -50% 0FF </p><p>$5.99</p><a href="https://www.amazon.com/dp/B09P9RFKJF?tag=eloabder-20&linkCode=osi&th=1&psc=1">View Product</a></div>
<div class="product"><a href="https://www.amazon.com/dp/B015W8DWUO?tag=eloabder-20&linkCode=osi&th=1&psc=1"><img src="https://m.media-amazon.com/images/I/41umHqV4zhL._SL500_.jpg" alt="Product Image"></a><p>EricX Light 100 Piece Cotton Candle Wick 6" Pre-Waxed for Candle Making,Candle DIY</p><p> -34% 0FF </p><p>$5.25</p><a href="https://www.amazon.com/dp/B015W8DWUO?tag=eloabder-20&linkCode=osi&th=1&psc=1">View Product</a></div><div class="product"><a href="https://www.amazon.com/dp/B097D7S6KB?tag=eloabder-20&linkCode=osi&th=1&psc=1"><img src="https://m.media-amazon.com/images/I/41jpnnrDAjL._SL500_.jpg" alt="Product Image"></a><p>CandMak Candle Wick Kit, 60 Cotton Candle Wicks with Candle Making Tools for Candle Making (Thick 4"+6"+8")</p><p> -30% 0FF </p><p>$6.99</p><a href="https://www.amazon.com/dp/B097D7S6KB?tag=eloabder-20&linkCode=osi&th=1&psc=1">View Product</a></div><div class="product"><a href="https://www.amazon.com/dp/B084ZSZQ4T?tag=eloabder-20&linkCode=osi&th=1&psc=1"><img src="https://m.media-amazon.com/images/I/41vLRbXIHhL._SL500_.jpg" alt="Product Image"></a><p>Candle Wick,100 Piece Candle Wicks for Candle Making DIY, 6 Inch Pre-Waxed Cotton Wick with Tabs</p><p> -40% 0FF </p><p>$4.79</p><a href="https://www.amazon.com/dp/B084ZSZQ4T?tag=eloabder-20&linkCode=osi&th=1&psc=1">View Product</a></div><div class="product"><a href="https://www.amazon.com/dp/B08Z334W66?tag=eloabder-20&linkCode=osi&th=1&psc=1"><img src="https://m.media-amazon.com/images/I/51nsfCzAwwL._SL500_.jpg" alt="Product Image"></a><p>DINGPAI 100pcs Cotton Candle Wicks, 6 inches Low Smoke Pre-Waxed Candle Wicks for Candle Making, Candle DIY</p><p> -41% 0FF </p><p>$4.99</p><a href="https://www.amazon.com/dp/B08Z334W66?tag=eloabder-20&linkCode=osi&th=1&psc=1">View Product</a></div>
<div class="product"><a href="https://www.amazon.com/dp/B087CPQ9GW?tag=eloabder-20&linkCode=osi&th=1&psc=1"><img src="https://m.media-amazon.com/images/I/41TL1NEX1NL._SL500_.jpg" alt="Product Image"></a><p>Simetufy Canvas Boards for Painting 52 Pack 8 x 10 Inch Blank Canvas Panels 100% Cotton Canvases Pre-Primed for Acrylic & Oil Paint</p><p> -29% 0FF </p><p>$35.99</p><a href="https://www.amazon.com/dp/B087CPQ9GW?tag=eloabder-20&linkCode=osi&th=1&psc=1">View Product</a></div><div class="product"><a href="https://www.amazon.com/dp/B087F4F5DK?tag=eloabder-20&linkCode=osi&th=1&psc=1"><img src="https://m.media-amazon.com/images/I/41zXOPu42qL._SL500_.jpg" alt="Product Image"></a><p>Simetufy 11 x 14 Inch Canvas Boards for Painting 32 Pack, Pre-Primed Blank Canvases for Painting 100% Cotton Paint Canvas for Acrylic, Oil</p><p> -25% 0FF </p><p>$37.99</p><a href="https://www.amazon.com/dp/B087F4F5DK?tag=eloabder-20&linkCode=osi&th=1&psc=1">View Product</a></div><div class="product"><a href="https://www.amazon.com/dp/B0CFV54VSS?tag=eloabder-20&linkCode=osi&th=1&psc=1"><img src="https://m.media-amazon.com/images/I/518YbprzAiL._SL500_.jpg" alt="Product Image"></a><p>Simetufy 8 Pack 8x10 Inch Canvas Boards for Painting Canvas Panels Painting Canvas-Gesso Primed Acid-Free 100% Cotton Canvases for Acrylics Oil Watercolor Tempera Paints</p><p> -5% 0FF </p><p>$8.99</p><a href="https://www.amazon.com/dp/B0CFV54VSS?tag=eloabder-20&linkCode=osi&th=1&psc=1">View Product</a></div><div class="product"><a href="https://www.amazon.com/dp/B07RT3865J?tag=eloabder-20&linkCode=osi&th=1&psc=1"><img src="https://m.media-amazon.com/images/I/51N9Bt-h3PL._SL500_.jpg" alt="Product Image"></a><p>FIXSMITH Canvas Boards for Painting 5x7 Inch, Super Value 24 Pack Mini Canvases, White Blank Canvas Panels, 100% Cotton Primed, Painting Art Supplies</p><p> -16% 0FF </p><p>$15.99</p><a href="https://www.amazon.com/dp/B07RT3865J?tag=eloabder-20&linkCode=osi&th=1&psc=1">View Product</a></div>
<div class="product"><a href="https://www.amazon.com/dp/B09MCHDSPR?tag=eloabder-20&linkCode=osi&th=1&psc=1"><img src="https://m.media-amazon.com/images/I/41S+37Lx2wL._SL500_.jpg" alt="Product Image"></a><p>100% Natural Cotton 7 oz Canvas Fabric (Duck), 63 Inches Wide X 3 Yards Long</p><p> -23% 0FF </p><p>$29.95</p><a href="https://www.amazon.com/dp/B09MCHDSPR?tag=eloabder-20&linkCode=osi&th=1&psc=1">View Product</a></div>
<div class="product"><a href="https://www.amazon.com/dp/B07D4YF3K4?tag=eloabder-20&linkCode=osi&th=1&psc=1"><img src="https://m.media-amazon.com/images/I/41ffykOOE7L._SL500_.jpg" alt="Product Image"></a><p>Neenah Index Cardstock, 8.5" x 11", 90 lb/163 gsm, White, Lightweight, 94 Brightness, 300 Sheets (91437)</p><p> -34% 0FF </p><p>$12.99</p><a href="https://www.amazon.com/dp/B07D4YF3K4?tag=eloabder-20&linkCode=osi&th=1&psc=1">View Product</a></div><div class="product"><a href="https://www.amazon.com/dp/B00006IDRW?tag=eloabder-20&linkCode=osi&th=1&psc=1"><img src="https://m.media-amazon.com/images/I/412xLv5ae7L._SL500_.jpg" alt="Product Image"></a><p>Neenah Premium Cardstock, 8.5" x 11", 65 lb/176 gsm, Bright White, 250 Sheets (91904)</p><p> -5% 0FF </p><p>$14.29</p><a href="https://www.amazon.com/dp/B00006IDRW?tag=eloabder-20&linkCode=osi&th=1&psc=1">View Product</a></div><div class="product"><a href="https://www.amazon.com/dp/B0CYPPHFV9?tag=eloabder-20&linkCode=osi&th=1&psc=1"><img src="https://m.media-amazon.com/images/I/51IQR4E5R1L._SL500_.jpg" alt="Product Image"></a><p>96 Sheets Colored Cardstock 24 Colors, 8.5x11 Color Cardstock Bulk, 200gsm/75lb Assorted Colors Construction Paper for Printing, Card Making, Die Cutting, Crafts, Scrapbooking, Party Decorations</p><p> -7% 0FF </p><p>$12.99</p><a href="https://www.amazon.com/dp/B0CYPPHFV9?tag=eloabder-20&linkCode=osi&th=1&psc=1">View Product</a></div><div class="product"><a href="https://www.amazon.com/dp/B08DCF5B4P?tag=eloabder-20&linkCode=osi&th=1&psc=1"><img src="https://m.media-amazon.com/images/I/41GRzmuulDL._SL500_.jpg" alt="Product Image"></a><p>Hammermill White Cardstock, 110 Lb, 8.5 x 11 Colored Cardstock, 1 Pack (200 Sheets) - Thick Card Stock, Made in the USA, 168380R</p><p> -38% 0FF </p><p>$13.32</p><a href="https://www.amazon.com/dp/B08DCF5B4P?tag=eloabder-20&linkCode=osi&th=1&psc=1">View Product</a></div><div class="product"><a href="https://www.amazon.com/dp/B0CNVRRWT1?tag=eloabder-20&linkCode=osi&th=1&psc=1"><img src="https://m.media-amazon.com/images/I/31WHKeB3LrL._SL500_.jpg" alt="Product Image"></a><p>BigOtters 27Sheets Black Cardstock Paper 8.5” x 11”, Craft Cardstock Construction Card Stock for Card Making Kids Art Crafts Scrapbooking, School Supplies, 92lb/250gsm</p><p> -43% 0FF </p><p>$3.99</p><a href="https://www.amazon.com/dp/B0CNVRRWT1?tag=eloabder-20&linkCode=osi&th=1&psc=1">View Product</a></div><div class="product"><a href="https://www.amazon.com/dp/B07QNMF4ZP?tag=eloabder-20&linkCode=osi&th=1&psc=1"><img src="https://m.media-amazon.com/images/I/41k97BuiQeL._SL500_.jpg" alt="Product Image"></a><p>Printworks White Cardstock, Standard, 67 lb. Vellum, 92 Bright, 250 sheets, 8.5 x 11, For Office, Home & School Printing, Craft Projects (00564)</p><p> -11% 0FF </p><p>$13.35</p><a href="https://www.amazon.com/dp/B07QNMF4ZP?tag=eloabder-20&linkCode=osi&th=1&psc=1">View Product</a></div>
<div class="product"><a href="https://www.amazon.com/dp/B0CW1LC631?tag=eloabder-20&linkCode=osi&th=1&psc=1"><img src="https://m.media-amazon.com/images/I/51wPMkRVlrL._SL500_.jpg" alt="Product Image"></a><p>Dragon Creek Wood Whittling Kit Complete Whittling Knife Wood Carving Tools Set Wood Carving Knives Kit for Kids Adults Beginners</p><p> -50% 0FF </p><p>$19.49</p><a href="https://www.amazon.com/dp/B0CW1LC631?tag=eloabder-20&linkCode=osi&th=1&psc=1">View Product</a></div>
<div class="product"><a href="https://www.amazon.com/dp/B07TVWD15T?tag=eloabder-20&linkCode=osi&th=1&psc=1"><img src="https://m.media-amazon.com/images/I/51fGMe-HqPL._SL500_.jpg" alt="Product Image"></a><p>AUGSUN Wood Carving Knife Set - 20 PCS Hand Carving Tool Set for DIY Sculpture Carpenter Experts & Beginners</p><p> -6% 0FF </p><p>$14.99</p><a href="https://www.amazon.com/dp/B07TVWD15T?tag=eloabder-20&linkCode=osi&th=1&psc=1">View Product</a></div><div class="product"><a href="https://www.amazon.com/dp/B001UYUVL8?tag=eloabder-20&linkCode=osi&th=1&psc=1"><img src="https://m.media-amazon.com/images/I/51Idf3mdhXL._SL500_.jpg" alt="Product Image"></a><p>FLEXCUT Carving Tools, Micro Palm Craving Set, Set of 4 (FR804)</p><p> -7% 0FF </p><p>$68.94</p><a href="https://www.amazon.com/dp/B001UYUVL8?tag=eloabder-20&linkCode=osi&th=1&psc=1">View Product</a></div><div class="product"><a href="https://www.amazon.com/dp/B0BZ7GMCST?tag=eloabder-20&linkCode=osi&th=1&psc=1"><img src="https://m.media-amazon.com/images/I/413mIJ+ZgrL._SL500_.jpg" alt="Product Image"></a><p>Blisstime 18PCS Clay Sculpting Tools, Basic Clay Pottery Carving Tool Kit with Wooden Handles and Tool Bag</p><p> -40% 0FF </p><p>$11.99</p><a href="https://www.amazon.com/dp/B0BZ7GMCST?tag=eloabder-20&linkCode=osi&th=1&psc=1">View Product</a></div>
<div class="product"><a href="https://www.amazon.com/dp/B09Q612DBG?tag=eloabder-20&linkCode=osi&th=1&psc=1"><img src="https://m.media-amazon.com/images/I/511LJ44qugL._SL500_.jpg" alt="Product Image"></a><p>Teexpert Epoxy Resin Crystal Clear: 64OZ Epoxy Resin kit Fast Curing Heat Resistant for Casting Coating Art DIY Craft Jewelry Wood Table Top Flower Preservation- 2 Part(32OZ Resin and 32OZ Hardener)</p><p> -10% 0FF </p><p>$22.49 ($0.35 / Fl Oz)</p><a href="https://www.amazon.com/dp/B09Q612DBG?tag=eloabder-20&linkCode=osi&th=1&psc=1">View Product</a></div><div class="product"><a href="https://www.amazon.com/dp/B0B2K12XQ8?tag=eloabder-20&linkCode=osi&th=1&psc=1"><img src="https://m.media-amazon.com/images/I/51qEL8qPgCL._SL500_.jpg" alt="Product Image"></a><p>LET'S RESIN 80oz Crystal Clear Casting Resin Kit,Bubbles Free Epoxy Resin Supplies,Clear Resin for Craft,Tumblers,Molds,Jewelry,Resin and Hardener with 6 Mica Powders,Large Silicone Cup</p><p> -42% 0FF </p><p>$36.79 ($0.46 / Ounce)</p><a href="https://www.amazon.com/dp/B0B2K12XQ8?tag=eloabder-20&linkCode=osi&th=1&psc=1">View Product</a></div><div class="product"><a href="https://www.amazon.com/dp/B086L1CDMT?tag=eloabder-20&linkCode=osi&th=1&psc=1"><img src="https://m.media-amazon.com/images/I/41icNRW2NRL._SL500_.jpg" alt="Product Image"></a><p>Epoxy Resin, 32OZ Resin Kit, Epoxy Resin Crystal Clear-Not Yellowing and No Bubble Self Leveling Easy Mix 1:1 Casting & Coating for DIY Jewelry Making of The Art Resin & Epoxy Resin (32oz)</p><p> -10% 0FF </p><p>$15.29</p><a href="https://www.amazon.com/dp/B086L1CDMT?tag=eloabder-20&linkCode=osi&th=1&psc=1">View Product</a></div><div class="product"><a href="https://www.amazon.com/dp/B0BY2PFY62?tag=eloabder-20&linkCode=osi&th=1&psc=1"><img src="https://m.media-amazon.com/images/I/51jY4DbLEVL._SL500_.jpg" alt="Product Image"></a><p>LET'S RESIN Polyurethane Resin, 60oz 2 Part Casting Resin, Fast Cured Resin within 10 Minutes, Ultra Low Viscosity & Low Odor Pourable Liquid Plastic for Casting Models, Prototypes & Other Resin Craft</p><p> -5% 0FF </p><p>$40.99 ($0.68 / Ounce)</p><a href="https://www.amazon.com/dp/B0BY2PFY62?tag=eloabder-20&linkCode=osi&th=1&psc=1">View Product</a></div><div class="product"><a href="https://www.amazon.com/dp/B0CPVCRD93?tag=eloabder-20&linkCode=osi&th=1&psc=1"><img src="https://m.media-amazon.com/images/I/51mBmD2NCqL._SL500_.jpg" alt="Product Image"></a><p>Puduo Epoxy Resin Kit 72OZ，Newly Formulated Crystal Clear Epoxy Resin，Strong, Bubble-Free, Anti-Yellowing Art Resin That，Suitable for Casting, DIY, Resin Art, Molds, Jewelry, Easy to Mix 1:1 Ratio</p><p> -21% 0FF </p><p>$36.99 ($0.51 / Ounce)</p><a href="https://www.amazon.com/dp/B0CPVCRD93?tag=eloabder-20&linkCode=osi&th=1&psc=1">View Product</a></div><div class="product"><a href="https://www.amazon.com/dp/B0B7DZ4YPN?tag=eloabder-20&linkCode=osi&th=1&psc=1"><img src="https://m.media-amazon.com/images/I/51NIBuS801L._SL500_.jpg" alt="Product Image"></a><p>Epoxy Resin 64OZ - Crystal Clear Epoxy Resin Kit - No Yellowing No Bubble Art Resin Casting Resin for Art Crafts, Jewelry Making, Wood & Resin Molds(32OZ x 2)</p><p> -32% 0FF </p><p>$29.99 ($0.47 / Ounce)</p><a href="https://www.amazon.com/dp/B0B7DZ4YPN?tag=eloabder-20&linkCode=osi&th=1&psc=1">View Product</a></div><div class="product"><a href="https://www.amazon.com/dp/B0C1FL6QR3?tag=eloabder-20&linkCode=osi&th=1&psc=1"><img src="https://m.media-amazon.com/images/I/51Lv4KyEb4L._SL500_.jpg" alt="Product Image"></a><p>LET'S RESIN 1 Gallon Casting Epoxy Resin with Pumps, Crystal Clear Epoxy Resin Kit for Beginners, with Ocean White Paste, Color Pigment, for DIY Art, Craft,Jewelry,River Table</p><p> -5% 0FF </p><p>$74.99</p><a href="https://www.amazon.com/dp/B0C1FL6QR3?tag=eloabder-20&linkCode=osi&th=1&psc=1">View Product</a></div><div class="product"><a href="https://www.amazon.com/dp/B08SJ58YBG?tag=eloabder-20&linkCode=osi&th=1&psc=1"><img src="https://m.media-amazon.com/images/I/51vDNE5fyxL._SL500_.jpg" alt="Product Image"></a><p>JDiction Epoxy Resin Clear High Gloss Epoxy Resin, Maximum 1.5 Inch Deep Pour 1 Gallon Casting Resin for Jewelry Making, Table Top, Wood and Mold Crafts</p><p> -35% 0FF </p><p>$47.99 ($0.37 / Fl Oz)</p><a href="https://www.amazon.com/dp/B08SJ58YBG?tag=eloabder-20&linkCode=osi&th=1&psc=1">View Product</a></div>
<div class="product"><a href="https://www.amazon.com/dp/B0021IK626?tag=eloabder-20&linkCode=osi&th=1&psc=1"><img src="https://m.media-amazon.com/images/I/317wgA0GITL._SL500_.jpg" alt="Product Image"></a><p>Winsor & Newton Artist Vine Charcoal Sticks, Soft, Box of 12 Sticks</p><p> -12% 0FF </p><p>$10.56</p><a href="https://www.amazon.com/dp/B0021IK626?tag=eloabder-20&linkCode=osi&th=1&psc=1">View Product</a></div><div class="product"><a href="https://www.amazon.com/dp/B004O7FFR8?tag=eloabder-20&linkCode=osi&th=1&psc=1"><img src="https://m.media-amazon.com/images/I/51JJnYm-n2L._SL500_.jpg" alt="Product Image"></a><p>Strathmore 300 Series Charcoal Paper Pad, Top Wire Bound, 9x12 inches, 32 Sheets (64lb/95g) - Artist Paper for Adults and Students - Charcoal and Pastel</p><p> -28% 0FF </p><p>$7.82</p><a href="https://www.amazon.com/dp/B004O7FFR8?tag=eloabder-20&linkCode=osi&th=1&psc=1">View Product</a></div><div class="product"><a href="https://www.amazon.com/dp/B004XMELLA?tag=eloabder-20&linkCode=osi&th=1&psc=1"><img src="https://m.media-amazon.com/images/I/41wklAOeEwS._SL500_.jpg" alt="Product Image"></a><p>CRETACOLOR Charcoal Powder, 175 gram</p><p> -17% 0FF </p><p>$19.99</p><a href="https://www.amazon.com/dp/B004XMELLA?tag=eloabder-20&linkCode=osi&th=1&psc=1">View Product</a></div>
<div class="product"><a href="https://www.amazon.com/dp/B08MFWBCKT?tag=eloabder-20&linkCode=osi&th=1&psc=1"><img src="https://m.media-amazon.com/images/I/41I3tDQXv9L._SL500_.jpg" alt="Product Image"></a><p>Winsor & Newton Studio Collection, 6 Count, Charcoal Pencils</p><p> -29% 0FF </p><p>$9.99</p><a href="https://www.amazon.com/dp/B08MFWBCKT?tag=eloabder-20&linkCode=osi&th=1&psc=1">View Product</a></div>
<div class="product"><a href="https://www.amazon.com/dp/B001BYK7RA?tag=eloabder-20&linkCode=osi&th=1&psc=1"><img src="https://m.media-amazon.com/images/I/316EZYjc1XL._SL500_.jpg" alt="Product Image"></a><p>Winsor & Newton Artist Vine Charcoal Sticks, Soft, Box of 3 Sticks</p><p> -27% 0FF </p><p>$2.99 ($1.00 / Count)</p><a href="https://www.amazon.com/dp/B001BYK7RA?tag=eloabder-20&linkCode=osi&th=1&psc=1">View Product</a></div><div class="product"><a href="https://www.amazon.com/dp/B08L8JKP72?tag=eloabder-20&linkCode=osi&th=1&psc=1"><img src="https://m.media-amazon.com/images/I/41pXzOgpC8L._SL500_.jpg" alt="Product Image"></a><p>Pacific Arc Compressed Charcoal Sticks Soft 12 Pack for Drawing, Sketching, and Shading</p><p> -24% 0FF </p><p>$9.17</p><a href="https://www.amazon.com/dp/B08L8JKP72?tag=eloabder-20&linkCode=osi&th=1&psc=1">View Product</a></div>
<div class="product"><a href="https://www.amazon.com/dp/B07BYVFMB1?tag=eloabder-20&linkCode=osi&th=1&psc=1"><img src="https://m.media-amazon.com/images/I/31rrg6weNlL._SL500_.jpg" alt="Product Image"></a><p>50 Chipboard Sheets 8.5 x 11 inch - 50pt (point) Heavy Weight Brown Kraft Cardboard for Scrapbooking & Picture Frame Backing (.050 Caliper Thick) Paper Board | MagicWater Supply</p><p> -42% 0FF </p><p>$24.99</p><a href="https://www.amazon.com/dp/B07BYVFMB1?tag=eloabder-20&linkCode=osi&th=1&psc=1">View Product</a></div><div class="product"><a href="https://www.amazon.com/dp/B00161W6L8?tag=eloabder-20&linkCode=osi&th=1&psc=1"><img src="https://m.media-amazon.com/images/I/41MflHlo3JL._SL500_.jpg" alt="Product Image"></a><p>GRAFIX Natural Medium Weight Chipboard Sheets 8.5"X11" 25/Pkg, 8.5"x11"x0.057", Count</p><p> -27% 0FF </p><p>$18.26 ($0.73 / Count)</p><a href="https://www.amazon.com/dp/B00161W6L8?tag=eloabder-20&linkCode=osi&th=1&psc=1">View Product</a></div>
<div class="product"><a href="https://www.amazon.com/dp/B0CG82NVDX?tag=eloabder-20&linkCode=osi&th=1&psc=1"><img src="https://m.media-amazon.com/images/I/41LZLhnqZ2L._SL500_.jpg" alt="Product Image"></a><p>4 Piece Wood Chisel Sets Woodworking Tools Set, Wood Chisels for Woodworking with Steel Hammer End, Wood Tools Chisel Set Woodworking with Ergonomic Plastic Handle, 6mm, 12mm, 18mm, 24mm</p><p> -8% 0FF </p><p>$9.18</p><a href="https://www.amazon.com/dp/B0CG82NVDX?tag=eloabder-20&linkCode=osi&th=1&psc=1">View Product</a></div><div class="product"><a href="https://www.amazon.com/dp/B07GGYNHSQ?tag=eloabder-20&linkCode=osi&th=1&psc=1"><img src="https://m.media-amazon.com/images/I/41jGbSe1quL._SL500_.jpg" alt="Product Image"></a><p>HURRICANE 4 Piece Wood Chisel Set for Woodworking, CR-V Steel Beveled Edge Blade, Durable PVC High Impact Handle Wood Chisel</p><p> -30% 0FF </p><p>$13.99</p><a href="https://www.amazon.com/dp/B07GGYNHSQ?tag=eloabder-20&linkCode=osi&th=1&psc=1">View Product</a></div><div class="product"><a href="https://www.amazon.com/dp/B07WPHDX7L?tag=eloabder-20&linkCode=osi&th=1&psc=1"><img src="https://m.media-amazon.com/images/I/51dts-90AqL._SL500_.jpg" alt="Product Image"></a><p>GREBSTK 9.5in Wood Chisel Set for Woodworking, 4pcs Chrome Vanadium Steel Bevel-Edge Bench Chisels with Cap, Comfortable Beech High Impact Handle, with Oxford Bag</p><p> -25% 0FF </p><p>$14.99</p><a href="https://www.amazon.com/dp/B07WPHDX7L?tag=eloabder-20&linkCode=osi&th=1&psc=1">View Product</a></div>
<div class="product"><a href="https://www.amazon.com/dp/B07DMGLTVZ?tag=eloabder-20&linkCode=osi&th=1&psc=1"><img src="https://m.media-amazon.com/images/I/41UaGK9mQ+L._SL500_.jpg" alt="Product Image"></a><p>Darnell Nehemiah Metal Alloy Sugar Paste Extruder Craft Gun with 20 Tips Sugar Craft Fondant Cake Sculpture Polymer Clay Tool Perfect (Green)</p><p> -14% 0FF </p><p>$5.99</p><a href="https://www.amazon.com/dp/B07DMGLTVZ?tag=eloabder-20&linkCode=osi&th=1&psc=1">View Product</a></div><div class="product"><a href="https://www.amazon.com/dp/B0DDCDZCCV?tag=eloabder-20&linkCode=osi&th=1&psc=1"><img src="https://m.media-amazon.com/images/I/410i1A+6UmL._SL500_.jpg" alt="Product Image"></a><p>ORIISIN Automatic Clay Extruder, Electric Extruder for Polymer Clay & Fondant, Clay Extruder for Pottery, Polymer Clay Extruder with Multiple Disks</p><p> -20% 0FF </p><p>$19.99</p><a href="https://www.amazon.com/dp/B0DDCDZCCV?tag=eloabder-20&linkCode=osi&th=1&psc=1">View Product</a></div><div class="product"><a href="https://www.amazon.com/dp/B0CNH2G6PB?tag=eloabder-20&linkCode=osi&th=1&psc=1"><img src="https://m.media-amazon.com/images/I/51l5sO0abDL._SL500_.jpg" alt="Product Image"></a><p>FVIEXE 2PCS Clay Extruder Tool, Polymer Clay Extruder Kit with 40 Extruder Discs and 40 Clay Cutters, Sugar Paste Fondant Extruder Tool Gun Cake Fondant Decorating Tool Set for Making Craft Border</p><p> -6% 0FF </p><p>$15.99</p><a href="https://www.amazon.com/dp/B0CNH2G6PB?tag=eloabder-20&linkCode=osi&th=1&psc=1">View Product</a></div>
<div class="product"><a href="https://www.amazon.com/dp/B0776SN7Y5?tag=eloabder-20&linkCode=osi&th=1&psc=1"><img src="https://m.media-amazon.com/images/I/41qik78i76L._SL500_.jpg" alt="Product Image"></a><p>RUBFAC Polymer Clay Tools, Clay Tools Kit, 24pcs Clay Sculpting Tools Set with Stylus and Rock Painting Kit - Air Dry Clay Modeling Tools for Pottery and Sculpture</p><p> -25% 0FF </p><p>$8.99</p><a href="https://www.amazon.com/dp/B0776SN7Y5?tag=eloabder-20&linkCode=osi&th=1&psc=1">View Product</a></div>
<div class="product"><a href="https://www.amazon.com/dp/B00T5LIRFU?tag=eloabder-20&linkCode=osi&th=1&psc=1"><img src="https://m.media-amazon.com/images/I/41HLrbxWYNL._SL500_.jpg" alt="Product Image"></a><p>Sculpey Tools Clay Conditioning Pasta Machine, polymer oven-bake clay tool, 9 thickness settings, includes clamp and hand crank, great for all skill levels and craft projects</p><p> -23% 0FF </p><p>$39.44</p><a href="https://www.amazon.com/dp/B00T5LIRFU?tag=eloabder-20&linkCode=osi&th=1&psc=1">View Product</a></div>
<div class="product"><a href="https://www.amazon.com/dp/B0D473MKHZ?tag=eloabder-20&linkCode=osi&th=1&psc=1"><img src="https://m.media-amazon.com/images/I/41GZeErV9FL._SL500_.jpg" alt="Product Image"></a><p>JRKOO Clay Tools Kit,28 PCS Pottery Tools,Polymer Clay Tools,Air Dry Clay Tools Set for Kids, Adults,Pottery Craft,Drawing,Dotting,Carving,Molding,Baking,Modeling,Shaping</p><p> -25% 0FF </p><p>$7.49</p><a href="https://www.amazon.com/dp/B0D473MKHZ?tag=eloabder-20&linkCode=osi&th=1&psc=1">View Product</a></div>
<div class="product"><a href="https://www.amazon.com/dp/B06XG9XHCG?tag=eloabder-20&linkCode=osi&th=1&psc=1"><img src="https://m.media-amazon.com/images/I/51deqHG5MFL._SL500_.jpg" alt="Product Image"></a><p>ARTEZA Pottery & Polymer Clay Tools, 42-Piece Sculpting Set, Steel Tip Pottery Tools with Wooden Handles, Craft Kit for Pottery Modeling, Carving</p><p> -34% 0FF </p><p>$29.39 ($0.70 / Count)</p><a href="https://www.amazon.com/dp/B06XG9XHCG?tag=eloabder-20&linkCode=osi&th=1&psc=1">View Product</a></div>
<div class="product"><a href="https://www.amazon.com/dp/B07KBZQN2F?tag=eloabder-20&linkCode=osi&th=1&psc=1"><img src="https://m.media-amazon.com/images/I/41Or4t3NbSL._SL500_.jpg" alt="Product Image"></a><p>Artlicious Drawing Board - 13 x 17 Sketch Boards with Handle for Drafting Art - Portable Wooden Clipboard for Class or Studio Fit in Artists Tote</p><p> -12% 0FF </p><p>$16.25</p><a href="https://www.amazon.com/dp/B07KBZQN2F?tag=eloabder-20&linkCode=osi&th=1&psc=1">View Product</a></div><div class="product"><a href="https://www.amazon.com/dp/B096DGLQRK?tag=eloabder-20&linkCode=osi&th=1&psc=1"><img src="https://m.media-amazon.com/images/I/31tsJJ2gVUL._SL500_.jpg" alt="Product Image"></a><p>2-Pack Artist's Drawing Sketch Boards, Large Art Clipboards with Left-Side Handle Holes and Paper Retaining Rubber Bands, Portable Drafting Boards for Home, Office, Studio, and Field (13x17 in)</p><p> -30% 0FF </p><p>$13.99</p><a href="https://www.amazon.com/dp/B096DGLQRK?tag=eloabder-20&linkCode=osi&th=1&psc=1">View Product</a></div><div class="product"><a href="https://www.amazon.com/dp/B0027AAMSG?tag=eloabder-20&linkCode=osi&th=1&psc=1"><img src="https://m.media-amazon.com/images/I/31fE-qZkGQL._SL500_.jpg" alt="Product Image"></a><p>Art Advantage Artist Sketch Tote Board 23x26, Drawing Board, Art Board, Painting Board, Masonite Board, Hardboard, Paint Board, Sketch Board, Drawing Boards for Artists</p><p> -11% 0FF </p><p>$26.69</p><a href="https://www.amazon.com/dp/B0027AAMSG?tag=eloabder-20&linkCode=osi&th=1&psc=1">View Product</a></div><div class="product"><a href="https://www.amazon.com/dp/B08PBD8JZH?tag=eloabder-20&linkCode=osi&th=1&psc=1"><img src="https://m.media-amazon.com/images/I/411Zn2OP2YL._SL500_.jpg" alt="Product Image"></a><p>Artist Sketch Board, 8K Wooden Water Proof Sketching Clipboard Student Travel Art Drawing Writing Board with Metal Clip for Classroom Studio or Field Use</p><p> -5% 0FF </p><p>$13.10</p><a href="https://www.amazon.com/dp/B08PBD8JZH?tag=eloabder-20&linkCode=osi&th=1&psc=1">View Product</a></div><div class="product"><a href="https://www.amazon.com/dp/B096DNF5LW?tag=eloabder-20&linkCode=osi&th=1&psc=1"><img src="https://m.media-amazon.com/images/I/41WTiS7xFZL._SL500_.jpg" alt="Product Image"></a><p>Bright Creations 2-Pack Artist's Drawing Sketch Boards, Large Art Clipboard with Left-Side Handle Holes & Paper Holding Rubber Bands, Portable Drafting Boards for Home, Office, Studio, Field(18x18")</p><p> -16% 0FF </p><p>$26.99</p><a href="https://www.amazon.com/dp/B096DNF5LW?tag=eloabder-20&linkCode=osi&th=1&psc=1">View Product</a></div>
<div class="product"><a href="https://www.amazon.com/dp/B07H6JWKCK?tag=eloabder-20&linkCode=osi&th=1&psc=1"><img src="https://m.media-amazon.com/images/I/41o0NPLKJtL._SL500_.jpg" alt="Product Image"></a><p>LWR CRAFTS Jute Cord Twine 1.5mm 90ft Natural for Mini Clothespins</p><p> -13% 0FF </p><p>$3.49 ($0.04 / Foot)</p><a href="https://www.amazon.com/dp/B07H6JWKCK?tag=eloabder-20&linkCode=osi&th=1&psc=1">View Product</a></div><div class="product"><a href="https://www.amazon.com/dp/B08GM954K3?tag=eloabder-20&linkCode=osi&th=1&psc=1"><img src="https://m.media-amazon.com/images/I/51HzWiyDe7L._SL500_.jpg" alt="Product Image"></a><p>Wenrook 300 Pack Safety Pins Assorted, 4 Different Sizes, Strong Nickel Plated Steel, Safety Pins for Clothes, Crafts, Pinning and More</p><p> -28% 0FF </p><p>$5.79 ($0.02 / Count)</p><a href="https://www.amazon.com/dp/B08GM954K3?tag=eloabder-20&linkCode=osi&th=1&psc=1">View Product</a></div><div class="product"><a href="https://www.amazon.com/dp/B0BHVGYVJJ?tag=eloabder-20&linkCode=osi&th=1&psc=1"><img src="https://m.media-amazon.com/images/I/4169Jf5yW0L._SL500_.jpg" alt="Product Image"></a><p>Sewing clips for fabric and quilting,WENICE 40pcs embroidery clips of sewing products for sewing supplies and accessories</p><p> -36% 0FF </p><p>$4.49</p><a href="https://www.amazon.com/dp/B0BHVGYVJJ?tag=eloabder-20&linkCode=osi&th=1&psc=1">View Product</a></div>
<div class="product"><a href="https://www.amazon.com/dp/B0BHYGM2XG?tag=eloabder-20&linkCode=osi&th=1&psc=1"><img src="https://m.media-amazon.com/images/I/51D88wLFFAL._SL500_.jpg" alt="Product Image"></a><p>KALOUR 72 Count Colored Pencils for Adult Coloring Books, Soft Core,Ideal for Drawing Blending Shading,Color Pencils Set Gift for Adults Kids Beginners</p><p> -40% 0FF </p><p>$11.99</p><a href="https://www.amazon.com/dp/B0BHYGM2XG?tag=eloabder-20&linkCode=osi&th=1&psc=1">View Product</a></div><div class="product"><a href="https://www.amazon.com/dp/B0CCJ8K7BG?tag=eloabder-20&linkCode=osi&th=1&psc=1"><img src="https://m.media-amazon.com/images/I/51+YRjtIYnL._SL500_.jpg" alt="Product Image"></a><p>HIFORNY 125 Pack Colored Pencils Set for Adult Coloring,120 Colors Coloring Pencils with Extras,Drawing Pencils Art Craft Supplies for Adults Beginners</p><p> -26% 0FF </p><p>$13.29</p><a href="https://www.amazon.com/dp/B0CCJ8K7BG?tag=eloabder-20&linkCode=osi&th=1&psc=1">View Product</a></div><div class="product"><a href="https://www.amazon.com/dp/B09FJN5R5C?tag=eloabder-20&linkCode=osi&th=1&psc=1"><img src="https://m.media-amazon.com/images/I/51HNg7VkaPL._SL500_.jpg" alt="Product Image"></a><p>PRINA Art Supplies 120 Colors Colored Pencils Set for Adults Coloring Books with Sketchbook, Professional Vibrant Artists Coloring Pencils for Drawing Sketching Blending Shading, Soft Core Oil Based</p><p> -10% 0FF </p><p>$27.99</p><a href="https://www.amazon.com/dp/B09FJN5R5C?tag=eloabder-20&linkCode=osi&th=1&psc=1">View Product</a></div><div class="product"><a href="https://www.amazon.com/dp/B0B8MFGW36?tag=eloabder-20&linkCode=osi&th=1&psc=1"><img src="https://m.media-amazon.com/images/I/51umBJsfZDL._SL500_.jpg" alt="Product Image"></a><p>KALOUR Premium Colored Pencils,Set of 120 Colors,Artists Soft Core with Vibrant Color,Ideal for Drawing Sketching Shading,Coloring Pencils for Adults Beginners kids</p><p> -17% 0FF </p><p>$24.99</p><a href="https://www.amazon.com/dp/B0B8MFGW36?tag=eloabder-20&linkCode=osi&th=1&psc=1">View Product</a></div><div class="product"><a href="https://www.amazon.com/dp/B06ZZNF7GS?tag=eloabder-20&linkCode=osi&th=1&psc=1"><img src="https://m.media-amazon.com/images/I/51yeXw2QRdL._SL500_.jpg" alt="Product Image"></a><p>Castle Art Supplies 72 Colored Pencils Set | Quality Soft Core Colored Leads for Adult Artists, Professionals and Colorists | Protected and Organized in Presentation Tin Box</p><p> -35% 0FF </p><p>$36.98</p><a href="https://www.amazon.com/dp/B06ZZNF7GS?tag=eloabder-20&linkCode=osi&th=1&psc=1">View Product</a></div><div class="product"><a href="https://www.amazon.com/dp/B005O2ZU68?tag=eloabder-20&linkCode=osi&th=1&psc=1"><img src="https://m.media-amazon.com/images/I/51iZ-dj8GBL._SL500_.jpg" alt="Product Image"></a><p>Prismacolor Premier Colored Pencils, Soft Core, 150 Count, Lightfast, Ultra-smooth, Adult Coloring Books</p><p> -7% 0FF </p><p>$139.99</p><a href="https://www.amazon.com/dp/B005O2ZU68?tag=eloabder-20&linkCode=osi&th=1&psc=1">View Product</a></div>
<div class="product"><a href="https://www.amazon.com/dp/B004BN9U30?tag=eloabder-20&linkCode=osi&th=1&psc=1"><img src="https://m.media-amazon.com/images/I/51r8f-9WzoL._SL500_.jpg" alt="Product Image"></a><p>ACTIVA Decor Sand, 5-Pound, Light Blue,4555</p><p> -13% 0FF </p><p>$20.30 ($0.25 / Ounce)</p><a href="https://www.amazon.com/dp/B004BN9U30?tag=eloabder-20&linkCode=osi&th=1&psc=1">View Product</a></div>
<div class="product"><a href="https://www.amazon.com/dp/B076TT3TYN?tag=eloabder-20&linkCode=osi&th=1&psc=1"><img src="https://m.media-amazon.com/images/I/614S+VRElYL._SL500_.jpg" alt="Product Image"></a><p>Embroidery Floss Rainbow Color 50 Skeins Per Pack Cross Stitch Threads Friendship Bracelets Floss Crafts Floss</p><p> -60% 0FF </p><p>$5.97 ($0.00 / Foot)</p><a href="https://www.amazon.com/dp/B076TT3TYN?tag=eloabder-20&linkCode=osi&th=1&psc=1">View Product</a></div><div class="product"><a href="https://www.amazon.com/dp/B06XRF1LCM?tag=eloabder-20&linkCode=osi&th=1&psc=1"><img src="https://m.media-amazon.com/images/I/51HOGqvHonS._SL500_.jpg" alt="Product Image"></a><p>CiaraQ Sewing Threads Kits, 30 Colors Polyester 250 Yards Per Spools for Hand Sewing & Embroidery</p><p> -47% 0FF </p><p>$8.99 ($0.00 / Foot)</p><a href="https://www.amazon.com/dp/B06XRF1LCM?tag=eloabder-20&linkCode=osi&th=1&psc=1">View Product</a></div><div class="product"><a href="https://www.amazon.com/dp/B002KASKRS?tag=eloabder-20&linkCode=osi&th=1&psc=1"><img src="https://m.media-amazon.com/images/I/51GVfmIT-kL._SL500_.jpg" alt="Product Image"></a><p>Singer 264 Polyester Thread, Assorted Colors, 24 Spools</p><p> -31% 0FF </p><p>$2.69 ($0.00 / Foot)</p><a href="https://www.amazon.com/dp/B002KASKRS?tag=eloabder-20&linkCode=osi&th=1&psc=1">View Product</a></div>
<div class="product"><a href="https://www.amazon.com/dp/B0868M9MFP?tag=eloabder-20&linkCode=osi&th=1&psc=1"><img src="https://m.media-amazon.com/images/I/41MathwPKuL._SL500_.jpg" alt="Product Image"></a><p>Simetufy 360 Sheets 36 Multicolor Tissue Paper Bulk Gift Wrapping Tissue Paper Decorative Art Rainbow Tissue Paper 11.5in x 8in for Art Craft Floral Birthday Party Festival Tissue Paper Pom Pom</p><p> -38% 0FF </p><p>$7.99 ($0.02 / Count)</p><a href="https://www.amazon.com/dp/B0868M9MFP?tag=eloabder-20&linkCode=osi&th=1&psc=1">View Product</a></div><div class="product"><a href="https://www.amazon.com/dp/B0B9SF3Y4D?tag=eloabder-20&linkCode=osi&th=1&psc=1"><img src="https://m.media-amazon.com/images/I/419aeFWjtAL._SL500_.jpg" alt="Product Image"></a><p>Simetufy 60 Sheets Tissue Paper for Gift Bags, 10 Bold Colored Tissue Paper for Crafts, Art Tissue Paper Bulk, Gift Tissue Paper 20 x 20 Inch</p><p> -7% 0FF </p><p>$6.49 ($0.65 / Count)</p><a href="https://www.amazon.com/dp/B0B9SF3Y4D?tag=eloabder-20&linkCode=osi&th=1&psc=1">View Product</a></div><div class="product"><a href="https://www.amazon.com/dp/B0C8SYQJS1?tag=eloabder-20&linkCode=osi&th=1&psc=1"><img src="https://m.media-amazon.com/images/I/41gbdOrx9cL._SL500_.jpg" alt="Product Image"></a><p>VGOODALL 450 Sheets Multicolor Tissue Paper, Gift Wrapping Paper 11.5x8 Inch Craft Tissue Paper for Holiday Birthday Gift Wrapping DIY Project 40 Assorted Colors</p><p> -44% 0FF </p><p>$4.99 ($0.01 / Count)</p><a href="https://www.amazon.com/dp/B0C8SYQJS1?tag=eloabder-20&linkCode=osi&th=1&psc=1">View Product</a></div><div class="product"><a href="https://www.amazon.com/dp/B0CSG6Q67Y?tag=eloabder-20&linkCode=osi&th=1&psc=1"><img src="https://m.media-amazon.com/images/I/417iKgFw8BL._SL500_.jpg" alt="Product Image"></a><p>Longerse Colored Tissue Paper for Gift Bags,60 Sheets Art Tissue Paper Bulk,20”x20” Tissue Paper for Gift Wrapping,Gift Decoration,Art and DIY (Colorful)</p><p> -60% 0FF </p><p>$3.99 ($0.07 / Count)</p><a href="https://www.amazon.com/dp/B0CSG6Q67Y?tag=eloabder-20&linkCode=osi&th=1&psc=1">View Product</a></div><div class="product"><a href="https://www.amazon.com/dp/B08PP63JVH?tag=eloabder-20&linkCode=osi&th=1&psc=1"><img src="https://m.media-amazon.com/images/I/51Z1SH4GpyL._SL500_.jpg" alt="Product Image"></a><p>KESOTE Colored Tissue Paper for Gift Bags Crafts, 14" x 20" Tissue Paper Bulk 100 Sheets Gift Paper Tissue for Packaging - 20 Colors</p><p> -11% 0FF </p><p>$7.99 ($0.08 / Count)</p><a href="https://www.amazon.com/dp/B08PP63JVH?tag=eloabder-20&linkCode=osi&th=1&psc=1">View Product</a></div>
<div class="product"><a href="https://www.amazon.com/dp/B0CGR8W9QL?tag=eloabder-20&linkCode=osi&th=1&psc=1"><img src="https://m.media-amazon.com/images/I/51Zzm+7K6CL._SL500_.jpg" alt="Product Image"></a><p>Beautiful Adult Coloring Book Set of 2 for Relaxation - Gratitude and Mindfulness Books with Inspirational Quotes Making it a Great Gift - Perfect Stress-Relieving Books Fun to Color for Women</p><p> -10% 0FF </p><p>$11.69 ($5.84 / Count)</p><a href="https://www.amazon.com/dp/B0CGR8W9QL?tag=eloabder-20&linkCode=osi&th=1&psc=1">View Product</a></div><div class="product"><a href="https://www.amazon.com/dp/B01ELWWX98?tag=eloabder-20&linkCode=osi&th=1&psc=1"><img src="https://m.media-amazon.com/images/I/51g67GhksOL._SL500_.jpg" alt="Product Image"></a><p>Maybe Swearing Will Help Adult Coloring Book Set - for Adults Relaxation with Markers in a Case - Motivational Swear Word Anxiety Relief - Color Cuss & Laugh Your Way to Less Stress</p><p> -13% 0FF </p><p>$24.99</p><a href="https://www.amazon.com/dp/B01ELWWX98?tag=eloabder-20&linkCode=osi&th=1&psc=1">View Product</a></div><div class="product"><a href="https://www.amazon.com/dp/B0828BM6PW?tag=eloabder-20&linkCode=osi&th=1&psc=1"><img src="https://m.media-amazon.com/images/I/61rJ0ivLQ0L._SL500_.jpg" alt="Product Image"></a><p>ARTEZA Adult Coloring Book, Doodle Designs, 72 Sheets, 6.4x6.4 Inches Coloring Pages, 100 lb Paper</p><p> -43% 0FF </p><p>$7.40</p><a href="https://www.amazon.com/dp/B0828BM6PW?tag=eloabder-20&linkCode=osi&th=1&psc=1">View Product</a></div><div class="product"><a href="https://www.amazon.com/dp/B09NB2GZTD?tag=eloabder-20&linkCode=osi&th=1&psc=1"><img src="https://m.media-amazon.com/images/I/51FROdttEnL._SL500_.jpg" alt="Product Image"></a><p>RYVE Adult Coloring Book for Women - Mindfulness Coloring Book with Personal Growth Prompts - Coloring Book for Adults Relaxation, Coloring Book Adult, Mindfulness Gifts, Relaxation Gifts for Women</p><p> -35% 0FF </p><p>$12.95</p><a href="https://www.amazon.com/dp/B09NB2GZTD?tag=eloabder-20&linkCode=osi&th=1&psc=1">View Product</a></div><div class="product"><a href="https://www.amazon.com/dp/B07P57M4ZR?tag=eloabder-20&linkCode=osi&th=1&psc=1"><img src="https://m.media-amazon.com/images/I/6101oGV4dKL._SL500_.jpg" alt="Product Image"></a><p>Adult Coloring Book Bundle with 10 Deluxe Coloring Books for Adults and Teens (Over 250 Stress Relieving Patterns).</p><p> -6% 0FF </p><p>$16.96</p><a href="https://www.amazon.com/dp/B07P57M4ZR?tag=eloabder-20&linkCode=osi&th=1&psc=1">View Product</a></div>
<div class="product"><a href="https://www.amazon.com/dp/B0BWH7CWFW?tag=eloabder-20&linkCode=osi&th=1&psc=1"><img src="https://m.media-amazon.com/images/I/51jUg2AkDyL._SL500_.jpg" alt="Product Image"></a><p>AnyMark 60 Colors Alcohol Markers, Markers Set, Dual Tip Alcohol Based Art Markers for Kids Adults Coloring Drawing, Chisel & Fine</p><p> -15% 0FF </p><p>$16.99 ($0.28 / Count)</p><a href="https://www.amazon.com/dp/B0BWH7CWFW?tag=eloabder-20&linkCode=osi&th=1&psc=1">View Product</a></div><div class="product"><a href="https://www.amazon.com/dp/B09SG83ZZG?tag=eloabder-20&linkCode=osi&th=1&psc=1"><img src="https://m.media-amazon.com/images/I/51Qb5KktWiL._SL500_.jpg" alt="Product Image"></a><p>Sunacme Art Supplier Dual Brush Markers Pens, 110 Artist Coloring Marker Set, Fineliner & Brush Tip Pen with Premium Case for Adults Coloring Books & Kids Journal, Drawing, Doodlin</p><p> -14% 0FF </p><p>$29.99</p><a href="https://www.amazon.com/dp/B09SG83ZZG?tag=eloabder-20&linkCode=osi&th=1&psc=1">View Product</a></div><div class="product"><a href="https://www.amazon.com/dp/B075WQPKNK?tag=eloabder-20&linkCode=osi&th=1&psc=1"><img src="https://m.media-amazon.com/images/I/51EOXvmdwnL._SL500_.jpg" alt="Product Image"></a><p>Dual Brush Marker Pens for Coloring Books, Tanmit Fine Tip Coloring Marker & Brush Pen Set for Journaling Note Taking Writing Planning Art Project</p><p> -29% 0FF </p><p>$9.97</p><a href="https://www.amazon.com/dp/B075WQPKNK?tag=eloabder-20&linkCode=osi&th=1&psc=1">View Product</a></div><div class="product"><a href="https://www.amazon.com/dp/B0CMLFSJ32?tag=eloabder-20&linkCode=osi&th=1&psc=1"><img src="https://m.media-amazon.com/images/I/51tOlopoSsL._SL500_.jpg" alt="Product Image"></a><p>TOSHARE Double Brush Marker Pens, 72 Colors Art Markers Set with Fine Tip and Brush Tip for Kids Adult Coloring Book Hand Lettering Calligraphy Drawing Art Supplies Kit</p><p> -43% 0FF </p><p>$16.99</p><a href="https://www.amazon.com/dp/B0CMLFSJ32?tag=eloabder-20&linkCode=osi&th=1&psc=1">View Product</a></div>
<div class="product"><a href="https://www.amazon.com/dp/B011KGGTYI?tag=eloabder-20&linkCode=osi&th=1&psc=1"><img src="https://m.media-amazon.com/images/I/5132ds0q8dL._SL500_.jpg" alt="Product Image"></a><p>Prang (Formerly Art Street) Construction Paper, 10 Assorted Colors, Standard Weight, 9" x 12", 500 Sheets</p><p> -39% 0FF </p><p>$11.88</p><a href="https://www.amazon.com/dp/B011KGGTYI?tag=eloabder-20&linkCode=osi&th=1&psc=1">View Product</a></div><div class="product"><a href="https://www.amazon.com/dp/B00JKHFR2K?tag=eloabder-20&linkCode=osi&th=1&psc=1"><img src="https://m.media-amazon.com/images/I/31-VtYKPhLL._SL500_.jpg" alt="Product Image"></a><p>Childcraft Construction Paper, 9 x 12 Inches, Assorted Colors, 500 Sheets - 1465886</p><p> -12% 0FF </p><p>$14.02 ($0.03 / Count)</p><a href="https://www.amazon.com/dp/B00JKHFR2K?tag=eloabder-20&linkCode=osi&th=1&psc=1">View Product</a></div><div class="product"><a href="https://www.amazon.com/dp/B0044O9S9M?tag=eloabder-20&linkCode=osi&th=1&psc=1"><img src="https://m.media-amazon.com/images/I/51LYJXeYUuL._SL500_.jpg" alt="Product Image"></a><p>Crayola 9" x 12" 8-Assorted Color Construction Paper - 96/Pack</p><p> -7% 0FF </p><p>$7.53 ($0.08 / Count)</p><a href="https://www.amazon.com/dp/B0044O9S9M?tag=eloabder-20&linkCode=osi&th=1&psc=1">View Product</a></div><div class="product"><a href="https://www.amazon.com/dp/B07RPBV5QV?tag=eloabder-20&linkCode=osi&th=1&psc=1"><img src="https://m.media-amazon.com/images/I/31NYvEA9UbL._SL500_.jpg" alt="Product Image"></a><p>Colorations Construction Paper, Classroom Art Supplies, 9" x 12" Craft Paper 2200 Sheet Pack, Heavyweight Construction Paper, Bulk Packs, Assorted Colors, Drawing, Coloring, Painting, School Supplies</p><p> -7% 0FF </p><p>$82.99 ($0.04 / Count)</p><a href="https://www.amazon.com/dp/B07RPBV5QV?tag=eloabder-20&linkCode=osi&th=1&psc=1">View Product</a></div><div class="product"><a href="https://www.amazon.com/dp/B0017OHG1O?tag=eloabder-20&linkCode=osi&th=1&psc=1"><img src="https://m.media-amazon.com/images/I/21ulYe3YW0L._SL500_.jpg" alt="Product Image"></a><p>Prang (Formerly SunWorks) Construction Paper, White, 9" x 12", 100 Sheets</p><p> -11% 0FF </p><p>$4.27</p><a href="https://www.amazon.com/dp/B0017OHG1O?tag=eloabder-20&linkCode=osi&th=1&psc=1">View Product</a></div>
<div class="product"><a href="https://www.amazon.com/dp/B07VPLN92N?tag=eloabder-20&linkCode=osi&th=1&psc=1"><img src="https://m.media-amazon.com/images/I/419sJC3gTyS._SL500_.jpg" alt="Product Image"></a><p>Colorations® Geo Shapes Dough Cutters and Rolling Pin, Set of 9, 8 different Shapes & the Roller, Use with Dough, Dough Cutter Shapes, Great Starter Set for using Dough, Learn About Shapes</p><p> -41% 0FF </p><p>$7.49</p><a href="https://www.amazon.com/dp/B07VPLN92N?tag=eloabder-20&linkCode=osi&th=1&psc=1">View Product</a></div><div class="product"><a href="https://www.amazon.com/dp/B07JG76SSJ?tag=eloabder-20&linkCode=osi&th=1&psc=1"><img src="https://m.media-amazon.com/images/I/41AXTn1lZjL._SL500_.jpg" alt="Product Image"></a><p>Wilton Plastic Cookie Cutters Gift Boxed 10/Pkg, Christmas</p><p> -23% 0FF </p><p>$9.99</p><a href="https://www.amazon.com/dp/B07JG76SSJ?tag=eloabder-20&linkCode=osi&th=1&psc=1">View Product</a></div><div class="product"><a href="https://www.amazon.com/dp/B0D95TVN4T?tag=eloabder-20&linkCode=osi&th=1&psc=1"><img src="https://m.media-amazon.com/images/I/51tcz-zfq1L._SL500_.jpg" alt="Product Image"></a><p>KEOKER Halloween Polymer Clay Cutters, 12 Shapes Polymer Clay Cutters Halloween, Halloween Clay Cutters for Polymer Clay Jewelry, Halloween Clay Cutters for Earrings, Polymer Clay Halloween Cutters</p><p> -6% 0FF </p><p>$15.99</p><a href="https://www.amazon.com/dp/B0D95TVN4T?tag=eloabder-20&linkCode=osi&th=1&psc=1">View Product</a></div>
<div class="product"><a href="https://www.amazon.com/dp/B01MR5DSCM?tag=eloabder-20&linkCode=osi&th=1&psc=1"><img src="https://m.media-amazon.com/images/I/41TXQrK84SL._SL500_.jpg" alt="Product Image"></a><p>Zehhe Copper Foil Tape with Double-Sided Conductive - EMI Shielding,Stained Glass,Soldering,Electrical Repairs,Paper Circuits,Grounding (1/4inch)</p><p> -16% 0FF </p><p>$5.88 ($0.09 / Foot)</p><a href="https://www.amazon.com/dp/B01MR5DSCM?tag=eloabder-20&linkCode=osi&th=1&psc=1">View Product</a></div><div class="product"><a href="https://www.amazon.com/dp/B00WVKO1LG?tag=eloabder-20&linkCode=osi&th=1&psc=1"><img src="https://m.media-amazon.com/images/I/31J15yH0QGL._SL500_.jpg" alt="Product Image"></a><p>K&S 6020 Metallic Copper Crafting Foil, 0.005" Thick x 12" Width x 30" Long, 1 Piece, Made in The USA</p><p> -22% 0FF </p><p>$14.89</p><a href="https://www.amazon.com/dp/B00WVKO1LG?tag=eloabder-20&linkCode=osi&th=1&psc=1">View Product</a></div><div class="product"><a href="https://www.amazon.com/dp/B01MPYH5EQ?tag=eloabder-20&linkCode=osi&th=1&psc=1"><img src="https://m.media-amazon.com/images/I/51DowmFlktL._SL500_.jpg" alt="Product Image"></a><p>7/32" Edco Silver Backed Foil - 1.0 Mil</p><p> -15% 0FF </p><p>$15.49</p><a href="https://www.amazon.com/dp/B01MPYH5EQ?tag=eloabder-20&linkCode=osi&th=1&psc=1">View Product</a></div><div class="product"><a href="https://www.amazon.com/dp/B000VGRVSC?tag=eloabder-20&linkCode=osi&th=1&psc=1"><img src="https://m.media-amazon.com/images/I/51fDxB9va0L._SL500_.jpg" alt="Product Image"></a><p>Studio Pro 7/32-Inch Black Lined Copper Foil</p><p> -27% 0FF </p><p>$10.99</p><a href="https://www.amazon.com/dp/B000VGRVSC?tag=eloabder-20&linkCode=osi&th=1&psc=1">View Product</a></div>
<div class="product"><a href="https://www.amazon.com/dp/B08ZMVBT4F?tag=eloabder-20&linkCode=osi&th=1&psc=1"><img src="https://m.media-amazon.com/images/I/51nhj8aUk3L._SL500_.jpg" alt="Product Image"></a><p>NOANTA Natural Macrame Cord 3mm x 109Yards, Beige Macrame Rope, Cotton Cord for Wall Hanging, Plant Hangers, Christmas Crafts, Knitting</p><p> -50% 0FF </p><p>$4.99 ($0.02 / Foot)</p><a href="https://www.amazon.com/dp/B08ZMVBT4F?tag=eloabder-20&linkCode=osi&th=1&psc=1">View Product</a></div><div class="product"><a href="https://www.amazon.com/dp/B08YJBQ7WZ?tag=eloabder-20&linkCode=osi&th=1&psc=1"><img src="https://m.media-amazon.com/images/I/51MPyR+wDWL._SL500_.jpg" alt="Product Image"></a><p>45 Color Options Macrame Cord 2mm/3mm/4mm/5mm/6mmx109 Yards Cotton Cord, 4 Ply Twisted Yarn, Natural Perfect Supplies DIY Crafts (Natural White)</p><p> -29% 0FF </p><p>$4.98 ($0.02 / Foot)</p><a href="https://www.amazon.com/dp/B08YJBQ7WZ?tag=eloabder-20&linkCode=osi&th=1&psc=1">View Product</a></div><div class="product"><a href="https://www.amazon.com/dp/B08PZ2VDPM?tag=eloabder-20&linkCode=osi&th=1&psc=1"><img src="https://m.media-amazon.com/images/I/51DQgq3cfXL._SL500_.jpg" alt="Product Image"></a><p>Tenn Well Nylon Satin Cord, 295 Feet 2mm Black Nylon String for Jewelry Making, Silky Rattail Cord for Bracelets, Necklaces, Macrame Keychains, Lanyards, Beading</p><p> -33% 0FF </p><p>$7.99 ($0.03 / Foot)</p><a href="https://www.amazon.com/dp/B08PZ2VDPM?tag=eloabder-20&linkCode=osi&th=1&psc=1">View Product</a></div><div class="product"><a href="https://www.amazon.com/dp/B08GXFQ2ZZ?tag=eloabder-20&linkCode=osi&th=1&psc=1"><img src="https://m.media-amazon.com/images/I/51ETQrmuWuL._SL500_.jpg" alt="Product Image"></a><p>NOANTA Natural Macrame Cord 2mm x 220yards, Colored Macrame Rope, 3 Strand Twisted Cotton Rope Macrame Yarn, Colorful Cotton Craft Cord for Wall Hanging, Plant Hangers, Crafts, Knitting</p><p> -29% 0FF </p><p>$4.99 ($0.01 / Foot)</p><a href="https://www.amazon.com/dp/B08GXFQ2ZZ?tag=eloabder-20&linkCode=osi&th=1&psc=1">View Product</a></div>
<div class="product"><a href="https://www.amazon.com/dp/B009MRH3R0?tag=eloabder-20&linkCode=osi&th=1&psc=1"><img src="https://m.media-amazon.com/images/I/51KvHbQ47aL._SL500_.jpg" alt="Product Image"></a><p>Hygloss Corrugated Cardboard Sheets, 8-Pack, 8 Pieces</p><p> -37% 0FF </p><p>$5.35 ($0.67 / Count)</p><a href="https://www.amazon.com/dp/B009MRH3R0?tag=eloabder-20&linkCode=osi&th=1&psc=1">View Product</a></div><div class="product"><a href="https://www.amazon.com/dp/B0013JR8QQ?tag=eloabder-20&linkCode=osi&th=1&psc=1"><img src="https://m.media-amazon.com/images/I/41xFj3BmirL._SL500_.jpg" alt="Product Image"></a><p>Uchida Corru-Gator Paper Crimper, 8-1/2-Inch, Straight</p><p> -37% 0FF </p><p>$13.79</p><a href="https://www.amazon.com/dp/B0013JR8QQ?tag=eloabder-20&linkCode=osi&th=1&psc=1">View Product</a></div>
<div class="product"><a href="https://www.amazon.com/dp/B07FFM3DPB?tag=eloabder-20&linkCode=osi&th=1&psc=1"><img src="https://m.media-amazon.com/images/I/51J4bxAVK3L._SL500_.jpg" alt="Product Image"></a><p>Caydo [400 pcs] - 300 Pieces 1 Inch Assorted Pompoms with 100pieces Wiggle Eyes Multicolor Arts and Crafts Pom Poms Balls for Kids DIY Art Creative Crafts Decorations</p><p> -15% 0FF </p><p>$7.64</p><a href="https://www.amazon.com/dp/B07FFM3DPB?tag=eloabder-20&linkCode=osi&th=1&psc=1">View Product</a></div><div class="product"><a href="https://www.amazon.com/dp/B000F8XACW?tag=eloabder-20&linkCode=osi&th=1&psc=1"><img src="https://m.media-amazon.com/images/I/41g1iHmB5ML._SL500_.jpg" alt="Product Image"></a><p>Creativity Street Cotton Decorated Craft Fluff Ball, Pink, Pack of 100,4 oz</p><p> -14% 0FF </p><p>$9.91</p><a href="https://www.amazon.com/dp/B000F8XACW?tag=eloabder-20&linkCode=osi&th=1&psc=1">View Product</a></div><div class="product"><a href="https://www.amazon.com/dp/B01MTOWHJH?tag=eloabder-20&linkCode=osi&th=1&psc=1"><img src="https://m.media-amazon.com/images/I/513R8zmLclL._SL500_.jpg" alt="Product Image"></a><p>HEHALI 1000pcs Multicolor Pom Pom Balls, Assorted Sizes & Colors Pompoms for Arts and Craft Making Decorations</p><p> -25% 0FF </p><p>$8.99</p><a href="https://www.amazon.com/dp/B01MTOWHJH?tag=eloabder-20&linkCode=osi&th=1&psc=1">View Product</a></div><div class="product"><a href="https://www.amazon.com/dp/B0BHSYPBH1?tag=eloabder-20&linkCode=osi&th=1&psc=1"><img src="https://m.media-amazon.com/images/I/51RUOSHbY5L._SL500_.jpg" alt="Product Image"></a><p>Iooleem Multi-Color Pom Poms, 1200pcs Assorted Size & Color, Pom Poms for Arts and Crafts, Pom Pom Balls with Wiggle Eyes in jar, Glitter Pom Poms, Craft Supplies.</p><p> -15% 0FF </p><p>$6.76</p><a href="https://www.amazon.com/dp/B0BHSYPBH1?tag=eloabder-20&linkCode=osi&th=1&psc=1">View Product</a></div>
<div class="product"><a href="https://www.amazon.com/dp/B0B1J8TYT1?tag=eloabder-20&linkCode=osi&th=1&psc=1"><img src="https://m.media-amazon.com/images/I/41NdyrANVlL._SL500_.jpg" alt="Product Image"></a><p>HOTGODEN Medium Weight 100% Cotton Muslin Fabric: 63 inch x 2,5,10 Yards Unbleached Muslin Linen Fabric Material for Sewing Material Apparel Cloth</p><p> -19% 0FF </p><p>$12.99</p><a href="https://www.amazon.com/dp/B0B1J8TYT1?tag=eloabder-20&linkCode=osi&th=1&psc=1">View Product</a></div><div class="product"><a href="https://www.amazon.com/dp/B08GJHYMGN?tag=eloabder-20&linkCode=osi&th=1&psc=1"><img src="https://m.media-amazon.com/images/I/51wD1FT1eeL._SL500_.jpg" alt="Product Image"></a><p>50pcs 8 x 8 inches Multicolor Cotton Fabric Bundle Squares for Quilting Sewing, Precut Fabric Squares for Craft Patchwork</p><p> -14% 0FF </p><p>$13.77</p><a href="https://www.amazon.com/dp/B08GJHYMGN?tag=eloabder-20&linkCode=osi&th=1&psc=1">View Product</a></div><div class="product"><a href="https://www.amazon.com/dp/B0CRBH5FZT?tag=eloabder-20&linkCode=osi&th=1&psc=1"><img src="https://m.media-amazon.com/images/I/41v-8KZCA5L._SL500_.jpg" alt="Product Image"></a><p>Singer Fabric, 100% Cotton, Pink Purple Sunset Solid 5Pc Bundle</p><p> -24% 0FF </p><p>$8.02 ($1.60 / Count)</p><a href="https://www.amazon.com/dp/B0CRBH5FZT?tag=eloabder-20&linkCode=osi&th=1&psc=1">View Product</a></div>
<div class="product"><a href="https://www.amazon.com/dp/B08GCSLV5T?tag=eloabder-20&linkCode=osi&th=1&psc=1"><img src="https://m.media-amazon.com/images/I/51qmNvhzRUS._SL500_.jpg" alt="Product Image"></a><p>Macrame Cord 4mm x 328Yards(984Feet),Natural Cotton Macrame Rope - 3 Strands Twisted Macrame Cotton Cord for Wall Hanging, Plant Hangers, Crafts, Gift Wrapping and Wedding Decorations</p><p> -15% 0FF </p><p>$16.99 ($0.02 / Foot)</p><a href="https://www.amazon.com/dp/B08GCSLV5T?tag=eloabder-20&linkCode=osi&th=1&psc=1">View Product</a></div><div class="product"><a href="https://www.amazon.com/dp/B07XFYVM62?tag=eloabder-20&linkCode=osi&th=1&psc=1"><img src="https://m.media-amazon.com/images/I/51u2PPpSoOL._SL500_.jpg" alt="Product Image"></a><p>Tenn Well 8mm Macrame Cord, 59 Feet 3Ply Twisted Craft Cotton Rope Thick Nautical Rope for Crafts, Wall Hangings, Plant Hangers, Knotting, Rope Basket Making (Beige)</p><p> -33% 0FF </p><p>$9.99 ($0.17 / Foot)</p><a href="https://www.amazon.com/dp/B07XFYVM62?tag=eloabder-20&linkCode=osi&th=1&psc=1">View Product</a></div><div class="product"><a href="https://www.amazon.com/dp/B07GX8B3PC?tag=eloabder-20&linkCode=osi&th=1&psc=1"><img src="https://m.media-amazon.com/images/I/416oClGC4ZL._SL500_.jpg" alt="Product Image"></a><p>Tenn Well 5mm Macrame Cord, 165Feet Braided Cotton Rope Thick Craft Twine for Macrame Plant Hangers, Wall Hangings, Drawstrings, Clothes Lines, DIY Crafts (Beige)</p><p> -31% 0FF </p><p>$8.99 ($0.05 / Foot)</p><a href="https://www.amazon.com/dp/B07GX8B3PC?tag=eloabder-20&linkCode=osi&th=1&psc=1">View Product</a></div>

<div class="product"><a href="https://www.amazon.com/dp/B00178KLEY?tag=eloabder-20&linkCode=osi&th=1&psc=1"><img src="https://m.media-amazon.com/images/I/31wcgL5xRkL._SL500_.jpg" alt="Product Image"></a><p>Aleene's All Purpose Tacky Glue, 8-Ounce</p><p> -30% 0FF </p><p>$2.44 ($0.30 / Fl Oz)</p><a href="https://www.amazon.com/dp/B00178KLEY?tag=eloabder-20&linkCode=osi&th=1&psc=1">View Product</a></div><div class="product"><a href="https://www.amazon.com/dp/B088NN5GD8?tag=eloabder-20&linkCode=osi&th=1&psc=1"><img src="https://m.media-amazon.com/images/I/417dgxV3dfL._SL500_.jpg" alt="Product Image"></a><p>Bearly Art Precision Craft Glue - The Mini - 2fl oz with Tip Kit - Acid Free Archival - Strong Hold Adhesive - Ideal for Fine Paper Crafting Scrapbooking and Card Making - Made in USA</p><p> -13% 0FF </p><p>$12.99 ($6.50 / Fl Oz)</p><a href="https://www.amazon.com/dp/B088NN5GD8?tag=eloabder-20&linkCode=osi&th=1&psc=1">View Product</a></div><div class="product"><a href="https://www.amazon.com/dp/B09BW3G5FY?tag=eloabder-20&linkCode=osi&th=1&psc=1"><img src="https://m.media-amazon.com/images/I/51nUSHqdX-L._SL500_.jpg" alt="Product Image"></a><p>Adtech 05603 Glue Runner Permanent 35 Yards Total - Pack of 3 (4 each), Blue</p><p> -9% 0FF </p><p>$19.96</p><a href="https://www.amazon.com/dp/B09BW3G5FY?tag=eloabder-20&linkCode=osi&th=1&psc=1">View Product</a></div><div class="product"><a href="https://www.amazon.com/dp/B0948WG3KV?tag=eloabder-20&linkCode=osi&th=1&psc=1"><img src="https://m.media-amazon.com/images/I/41Y1CQR-TqL._SL500_.jpg" alt="Product Image"></a><p>ALLFUN 1000 Pieces Clear Glue Points Dots Double Sided Adhesive Removable for Balloons Craft Sticky</p><p> -32% 0FF </p><p>$6.79 ($0.01 / Count)</p><a href="https://www.amazon.com/dp/B0948WG3KV?tag=eloabder-20&linkCode=osi&th=1&psc=1">View Product</a></div>
<div class="product"><a href="https://www.amazon.com/dp/B0CRDH745H?tag=eloabder-20&linkCode=osi&th=1&psc=1"><img src="https://m.media-amazon.com/images/I/4145DgxWb+L._SL500_.jpg" alt="Product Image"></a><p>Gift Bags 8.25"X5.9 "X3.15" 100pcs Brown Paper Bags with Handles,Kraft Paper Bags for Small Business Christmas Bulk Bags, Wedding Party Favor Bags,Shopping Lunch Bags, Halloween Trick-or-Treat (Brown)</p><p> -8% 0FF </p><p>$16.99</p><a href="https://www.amazon.com/dp/B0CRDH745H?tag=eloabder-20&linkCode=osi&th=1&psc=1">View Product</a></div><div class="product"><a href="https://www.amazon.com/dp/B07MLMXNH1?tag=eloabder-20&linkCode=osi&th=1&psc=1"><img src="https://m.media-amazon.com/images/I/31j9z9qZ3mL._SL500_.jpg" alt="Product Image"></a><p>Qutuus Kraft Paper Gift Bags with Handles - 8x4.5x10 25Pcs Brown Shopping Bags for Parties, Favors, Businesses</p><p> -10% 0FF </p><p>$8.99 ($0.36 / Count)</p><a href="https://www.amazon.com/dp/B07MLMXNH1?tag=eloabder-20&linkCode=osi&th=1&psc=1">View Product</a></div><div class="product"><a href="https://www.amazon.com/dp/B07L63T76G?tag=eloabder-20&linkCode=osi&th=1&psc=1"><img src="https://m.media-amazon.com/images/I/412nJkSNUXL._SL500_.jpg" alt="Product Image"></a><p>Juvale 50-Pack Small Brown Gift Bags with Handles - Small Kraft Paper Bags for Birthday, Retail, Crafts (3.5x2.4x7 In)</p><p> -18% 0FF </p><p>$13.99</p><a href="https://www.amazon.com/dp/B07L63T76G?tag=eloabder-20&linkCode=osi&th=1&psc=1">View Product</a></div><div class="product"><a href="https://www.amazon.com/dp/B09Z2N3QKT?tag=eloabder-20&linkCode=osi&th=1&psc=1"><img src="https://m.media-amazon.com/images/I/416VQ3Ke3PL._SL500_.jpg" alt="Product Image"></a><p>Moretoes 40pcs Brown Paper Bags with Handles Assorted Size Gift Bags, Kraft Paper Bags, Paper Shopping Bags, Craft Bags, Merchandise Bags</p><p> -8% 0FF </p><p>$22.99</p><a href="https://www.amazon.com/dp/B09Z2N3QKT?tag=eloabder-20&linkCode=osi&th=1&psc=1">View Product</a></div>
<div class="product"><a href="https://www.amazon.com/dp/B09Z7NYVG9?tag=eloabder-20&linkCode=osi&th=1&psc=1"><img src="https://m.media-amazon.com/images/I/51XjAkleH5L._SL500_.jpg" alt="Product Image"></a><p>Gxueshan 1000 Pcs Acrylic 9 Color Pony Beads 6x9mm Bulk Glow in The Dark for Necklace Friendship Bracelet Making Hair Beads for Braids Kandi Beads</p><p> -36% 0FF </p><p>$6.99</p><a href="https://www.amazon.com/dp/B09Z7NYVG9?tag=eloabder-20&linkCode=osi&th=1&psc=1">View Product</a></div>
<div class="product"><a href="https://www.amazon.com/dp/B000PD0DSG?tag=eloabder-20&linkCode=osi&th=1&psc=1"><img src="https://m.media-amazon.com/images/I/41bsxH8ol7L._SL500_.jpg" alt="Product Image"></a><p>Fiskars 12x18 Inch Cutting Mat (12-83707097J) , Gray</p><p> -54% 0FF </p><p>$10.97</p><a href="https://www.amazon.com/dp/B000PD0DSG?tag=eloabder-20&linkCode=osi&th=1&psc=1">View Product</a></div><div class="product"><a href="https://www.amazon.com/dp/B0C6TGHYC7?tag=eloabder-20&linkCode=osi&th=1&psc=1"><img src="https://m.media-amazon.com/images/I/41FpOZ2suaL._SL500_.jpg" alt="Product Image"></a><p>DIYDEC 12 Pack Basswood Sheets 12 x 8 x 1/13 Inch Thin Plywood Wood Sheets Unfinished Wood Squares Boards Balsa Wood Sheets for Crafts Architectural Models Laser Cutting Wood Burning and Drawing</p><p> -8% 0FF </p><p>$11.99</p><a href="https://www.amazon.com/dp/B0C6TGHYC7?tag=eloabder-20&linkCode=osi&th=1&psc=1">View Product</a></div>
<div class="product"><a href="https://www.amazon.com/dp/1594745250?tag=eloabder-20&linkCode=osi&th=1&psc=1"><img src="https://m.media-amazon.com/images/I/51m6tJZw-uL._SL500_.jpg" alt="Product Image"></a><p>Crafting with Cat Hair: Cute Handicrafts to Make with Your Cat</p><p> -47% 0FF </p><p>$8.01</p><a href="https://www.amazon.com/dp/1594745250?tag=eloabder-20&linkCode=osi&th=1&psc=1">View Product</a></div><div class="product"><a href="https://www.amazon.com/dp/B0BW876C87?tag=eloabder-20&linkCode=osi&th=1&psc=1"><img src="https://m.media-amazon.com/images/I/41J2NOgeokL._SL500_.jpg" alt="Product Image"></a><p>Popotop Photo Album Self Adhesive Scrapbook Album for 4x6 5x7 8x10 Pictures DIY Photo Book,Birthday Gifts for Women Mom,Wedding Baby Family Travel</p><p> -58% 0FF </p><p>$9.98</p><a href="https://www.amazon.com/dp/B0BW876C87?tag=eloabder-20&linkCode=osi&th=1&psc=1">View Product</a></div><div class="product"><a href="https://www.amazon.com/dp/1574215051?tag=eloabder-20&linkCode=osi&th=1&psc=1"><img src="https://m.media-amazon.com/images/I/51vVL4Vf6vL._SL500_.jpg" alt="Product Image"></a><p>Pyrography Basics: Techniques and Exercises for Beginners (Design Originals) Patterns for Woodburning with Skill-Building Step-by-Step Instructions and Advice from Lora Irish on Texture and Layering</p><p> -45% 0FF </p><p>$5.49</p><a href="https://www.amazon.com/dp/1574215051?tag=eloabder-20&linkCode=osi&th=1&psc=1">View Product</a></div>
<div class="product"><a href="https://www.amazon.com/dp/B01CUI384E?tag=eloabder-20&linkCode=osi&th=1&psc=1"><img src="https://m.media-amazon.com/images/I/41rizh5PQFL._SL500_.jpg" alt="Product Image"></a><p>ArtBin 6918AH Twin Top 17 inch Supply Box, Portable Art & Craft Supply Organizer with Handle, [1] Plastic Storage Case, Translucent</p><p> -51% 0FF </p><p>$15.32</p><a href="https://www.amazon.com/dp/B01CUI384E?tag=eloabder-20&linkCode=osi&th=1&psc=1">View Product</a></div><div class="product"><a href="https://www.amazon.com/dp/B08YBYBVX6?tag=eloabder-20&linkCode=osi&th=1&psc=1"><img src="https://m.media-amazon.com/images/I/41G5mV07PnL._SL500_.jpg" alt="Product Image"></a><p>Logix 12535 Translucent Craft Organizer, Art Supply Organizer and Storage, Lockable School Supplies Organization, Moisture Resistant, Made in USA</p><p> -19% 0FF </p><p>$4.98</p><a href="https://www.amazon.com/dp/B08YBYBVX6?tag=eloabder-20&linkCode=osi&th=1&psc=1">View Product</a></div><div class="product"><a href="https://www.amazon.com/dp/B01BPEX7YA?tag=eloabder-20&linkCode=osi&th=1&psc=1"><img src="https://m.media-amazon.com/images/I/31dTR7w0DXL._SL500_.jpg" alt="Product Image"></a><p>ArtBin 6937AG Essentials Lift-Out Tray Box, Portable Art & Craft Organizer with Handle and Tray, Clear/Aqua</p><p> -33% 0FF </p><p>$9.44</p><a href="https://www.amazon.com/dp/B01BPEX7YA?tag=eloabder-20&linkCode=osi&th=1&psc=1">View Product</a></div><div class="product"><a href="https://www.amazon.com/dp/B08DKT4WSY?tag=eloabder-20&linkCode=osi&th=1&psc=1"><img src="https://m.media-amazon.com/images/I/316yo4e1UuL._SL500_.jpg" alt="Product Image"></a><p>BTSKY 2 Layer Stack & Carry Box, Plastic Multipurpose Portable Storage Container Box Handled Organizer Storage Box for Organizing Stationery, Sewing, Art Craft, Jewelry and Beauty Supplies Blue</p><p> -11% 0FF </p><p>$24.99</p><a href="https://www.amazon.com/dp/B08DKT4WSY?tag=eloabder-20&linkCode=osi&th=1&psc=1">View Product</a></div>
<div class="product"><a href="https://www.amazon.com/dp/B08WX1ZVQD?tag=eloabder-20&linkCode=osi&th=1&psc=1"><img src="https://m.media-amazon.com/images/I/51U7X2OJFAL._SL500_.jpg" alt="Product Image"></a><p>Premium 100 Pcs Resin Sewing Buttons, Eco-Friendly 4-Hole Craft Buttons, 5 Sizes of Black Round Mixed Buttons Suitable for Sewing, DIY and Holiday Decoration</p><p> -54% 0FF </p><p>$5.98</p><a href="https://www.amazon.com/dp/B08WX1ZVQD?tag=eloabder-20&linkCode=osi&th=1&psc=1">View Product</a></div>
<div class="product"><a href="https://www.amazon.com/dp/B075NYWF5P?tag=eloabder-20&linkCode=osi&th=1&psc=1"><img src="https://m.media-amazon.com/images/I/51IoM9rBW1L._SL500_.jpg" alt="Product Image"></a><p>Firbon A4 Paper Cutter 12 Inch Titanium Paper Trimmer Scrapbooking Tool with Automatic Security Safeguard and Side Ruler for Craft Paper, Coupon, Label and Cardstock (Black)</p><p> -39% 0FF </p><p>$10.99</p><a href="https://www.amazon.com/dp/B075NYWF5P?tag=eloabder-20&linkCode=osi&th=1&psc=1">View Product</a></div><div class="product"><a href="https://www.amazon.com/dp/B07BKYH2G5?tag=eloabder-20&linkCode=osi&th=1&psc=1"><img src="https://m.media-amazon.com/images/I/31emK9wKwhL._SL500_.jpg" alt="Product Image"></a><p>45mm Rotary Cutter with 5pcs Extra Blades, Ergonomic Handle Rolling Cutter with Safety Lock for Fabric, Leather, Crafting, Sewing, Quilting, Fabric Rotary Cutter Perfect for Left & Right Hand(Pink)</p><p> -41% 0FF </p><p>$9.99</p><a href="https://www.amazon.com/dp/B07BKYH2G5?tag=eloabder-20&linkCode=osi&th=1&psc=1">View Product</a></div><div class="product"><a href="https://www.amazon.com/dp/B0C8BRB3RH?tag=eloabder-20&linkCode=osi&th=1&psc=1"><img src="https://m.media-amazon.com/images/I/41IwAR4t6FL._SL500_.jpg" alt="Product Image"></a><p>Fiskars 45mm Rotary Cutter for Fabric - Premium Stick Rotary Cutter - Craft Supplies - Crafts, Sewing, and Quilting Projects - White</p><p> -48% 0FF </p><p>$10.98</p><a href="https://www.amazon.com/dp/B0C8BRB3RH?tag=eloabder-20&linkCode=osi&th=1&psc=1">View Product</a></div>
<div class="product"><a href="https://www.amazon.com/dp/B0D7J5HNXQ?tag=eloabder-20&linkCode=osi&th=1&psc=1"><img src="https://m.media-amazon.com/images/I/51kM77Z-7-L._SL500_.jpg" alt="Product Image"></a><p>Tinyspool & Co. Jelly Roll Fabric Strips for Quilting, Crafting, and Sewing, 40 Strip Assorted Bundle, Soft Cotton for Blanket, Rug, Upholstery, Home Decor, and Purse Making, Fall is Here</p><p> -20% 0FF </p><p>$27.99</p><a href="https://www.amazon.com/dp/B0D7J5HNXQ?tag=eloabder-20&linkCode=osi&th=1&psc=1">View Product</a></div>
<div class="product"><a href="https://www.amazon.com/dp/B0BXJB2NTY?tag=eloabder-20&linkCode=osi&th=1&psc=1"><img src="https://m.media-amazon.com/images/I/51z2B9dVEnL._SL500_.jpg" alt="Product Image"></a><p>Soarer Colorful Craft Rooster Feathers - 300pcs 3-5inch Colored Feathers Bulk for Kindergarten DIY Crafts,Wedding Home Party Decorations,Dream Catcher Supplies(Rooster Colorful)</p><p> -22% 0FF </p><p>$6.99</p><a href="https://www.amazon.com/dp/B0BXJB2NTY?tag=eloabder-20&linkCode=osi&th=1&psc=1">View Product</a></div><div class="product"><a href="https://www.amazon.com/dp/B06VWKVZH1?tag=eloabder-20&linkCode=osi&th=1&psc=1"><img src="https://m.media-amazon.com/images/I/51u4jX7ycdL._SL500_.jpg" alt="Product Image"></a><p>Coceca 300pcs Colorful Feathers 3-5 Inches Bulk Feathers Assorted Colors for Crafts DIY, Art Projects, Party Decorations, Dream Catchers</p><p> -36% 0FF </p><p>$6.99 ($0.02 / Count)</p><a href="https://www.amazon.com/dp/B06VWKVZH1?tag=eloabder-20&linkCode=osi&th=1&psc=1">View Product</a></div>
<div class="product"><a href="https://www.amazon.com/dp/B089DPDYKV?tag=eloabder-20&linkCode=osi&th=1&psc=1"><img src="https://m.media-amazon.com/images/I/51L58by1dXL._SL500_.jpg" alt="Product Image"></a><p>Better Office Products 100 Pack EVA Foam Sheets, 5.5 x 8.5 Inch, Assorted Colors (20 Colors), 2mm Thick, for Arts and Crafts, 100 Sheets</p><p> -22% 0FF </p><p>$13.99 ($0.14 / Count)</p><a href="https://www.amazon.com/dp/B089DPDYKV?tag=eloabder-20&linkCode=osi&th=1&psc=1">View Product</a></div><div class="product"><a href="https://www.amazon.com/dp/B08YXYN327?tag=eloabder-20&linkCode=osi&th=1&psc=1"><img src="https://m.media-amazon.com/images/I/41VfV+-ZFTL._SL500_.jpg" alt="Product Image"></a><p>EVA Foam Cosplay - 2mm (1mm to 10mm) - Black or White - 14" x 39" Sheet - Ultra High Density Craft Foam 85 kg/m3 - by The Foamory</p><p> -17% 0FF </p><p>$14.99</p><a href="https://www.amazon.com/dp/B08YXYN327?tag=eloabder-20&linkCode=osi&th=1&psc=1">View Product</a></div><div class="product"><a href="https://www.amazon.com/dp/B07BPRHWL5?tag=eloabder-20&linkCode=osi&th=1&psc=1"><img src="https://m.media-amazon.com/images/I/317FYGugGnL._SL500_.jpg" alt="Product Image"></a><p>6 Pack 12x12-Inch Round Foam Circles for Crafts, 1" Thick, for DIY Projects, Decorations (White)</p><p> -12% 0FF </p><p>$22.99</p><a href="https://www.amazon.com/dp/B07BPRHWL5?tag=eloabder-20&linkCode=osi&th=1&psc=1">View Product</a></div>
<div class="product"><a href="https://www.amazon.com/dp/B001683NAO?tag=eloabder-20&linkCode=osi&th=1&psc=1"><img src="https://m.media-amazon.com/images/I/31cwr-m138L._SL500_.jpg" alt="Product Image"></a><p>BEACON 3-in-1 Advanced Craft Glue - Fast-Drying, Crystal Clear Adhesive for Wood, Ceramics, Fabrics, and More, 4-Ounce</p><p> -18% 0FF </p><p>$8.99 ($2.25 / Fl Oz)</p><a href="https://www.amazon.com/dp/B001683NAO?tag=eloabder-20&linkCode=osi&th=1&psc=1">View Product</a></div><div class="product"><a href="https://www.amazon.com/dp/B000HWY6EM?tag=eloabder-20&linkCode=osi&th=1&psc=1"><img src="https://m.media-amazon.com/images/I/41-SNkQTUaL._SL500_.jpg" alt="Product Image"></a><p>Mod Podge Matte Sealer, Glue & Finish: All-in-One Craft Solution- Quick Dry, Easy Clean, for Wood, Paper, Fabric & More. Non-Toxic - Craft with Confidence, Made in USA, 8 oz., Pack of 1</p><p> -35% 0FF </p><p>$3.98 ($0.50 / Fl Oz)</p><a href="https://www.amazon.com/dp/B000HWY6EM?tag=eloabder-20&linkCode=osi&th=1&psc=1">View Product</a></div><div class="product"><a href="https://www.amazon.com/dp/B07X1SJPSZ?tag=eloabder-20&linkCode=osi&th=1&psc=1"><img src="https://m.media-amazon.com/images/I/61EOLdPbKxL._SL500_.jpg" alt="Product Image"></a><p>E6000 237032 Craft Adhesive, 2 fl oz Clear, 2 Pack</p><p> -49% 0FF </p><p>$8.58 ($2.14 / Fl Oz)</p><a href="https://www.amazon.com/dp/B07X1SJPSZ?tag=eloabder-20&linkCode=osi&th=1&psc=1">View Product</a></div><div class="product"><a href="https://www.amazon.com/dp/B000LNR27U?tag=eloabder-20&linkCode=osi&th=1&psc=1"><img src="https://m.media-amazon.com/images/I/41SoXYVTzvL._SL500_.jpg" alt="Product Image"></a><p>Elmer's Craft Bond Tacky Glue, 4 oz, Clear</p><p> -20% 0FF </p><p>$6.49 ($1.62 / Fl Oz)</p><a href="https://www.amazon.com/dp/B000LNR27U?tag=eloabder-20&linkCode=osi&th=1&psc=1">View Product</a></div>
<div class="product"><a href="https://www.amazon.com/dp/B0BWMPGFVL?tag=eloabder-20&linkCode=osi&th=1&psc=1"><img src="https://m.media-amazon.com/images/I/61gMu32RzEL._SL500_.jpg" alt="Product Image"></a><p>Dowsabel Clay Beads Bracelet Making Kit for Beginner, 5000 Pcs Preppy Polymer Clay Beads with Charms Kit for Jewelry Making, DIY Arts and Crafts Birthday Gifts Toys for Kids Age 6-13</p><p> -65% 0FF </p><p>$6.98 ($0.00 / Count)</p><a href="https://www.amazon.com/dp/B0BWMPGFVL?tag=eloabder-20&linkCode=osi&th=1&psc=1">View Product</a></div><div class="product"><a href="https://www.amazon.com/dp/B09X1YX59W?tag=eloabder-20&linkCode=osi&th=1&psc=1"><img src="https://m.media-amazon.com/images/I/61Cr68venIL._SL500_.jpg" alt="Product Image"></a><p>Hula Home Stained Glass Mandala Art Kit - DIY Window Clings with Markers, 10 Suncatchers - Perfect Hobby for Adults, Kids, Teens & Seniors - Ideal Gift for Beginners, Women & Elderly</p><p> -36% 0FF </p><p>$15.99</p><a href="https://www.amazon.com/dp/B09X1YX59W?tag=eloabder-20&linkCode=osi&th=1&psc=1">View Product</a></div><div class="product"><a href="https://www.amazon.com/dp/B09KGBWF4M?tag=eloabder-20&linkCode=osi&th=1&psc=1"><img src="https://m.media-amazon.com/images/I/615WTC7aH4L._SL500_.jpg" alt="Product Image"></a><p>Craft Culture Beginners Wood Burning Kit for Kids and Teenage Boys & Girls Cool Gifts for Boy or Girl Craft Projects Gift Idea for Older Children Teen Woodburning DIY Hobby Kits Art Crafts Activities</p><p> -20% 0FF </p><p>$39.99</p><a href="https://www.amazon.com/dp/B09KGBWF4M?tag=eloabder-20&linkCode=osi&th=1&psc=1">View Product</a></div><div class="product"><a href="https://www.amazon.com/dp/B0BK35RMN4?tag=eloabder-20&linkCode=osi&th=1&psc=1"><img src="https://m.media-amazon.com/images/I/513JTylDEHL._SL500_.jpg" alt="Product Image"></a><p>WATHFKCU 4 Sets DIY Glass Mosaic Tiles for Crafts,Mixed Color Mosaic Kits with Wooden Coaster for Adults,Mosaic Crafts Materials Package for Coaster Handmade Home Decor Gifts</p><p> -15% 0FF </p><p>$22.99</p><a href="https://www.amazon.com/dp/B0BK35RMN4?tag=eloabder-20&linkCode=osi&th=1&psc=1">View Product</a></div><div class="product"><a href="https://www.amazon.com/dp/B0CGD74KX7?tag=eloabder-20&linkCode=osi&th=1&psc=1"><img src="https://m.media-amazon.com/images/I/51rNpMlv3wL._SL500_.jpg" alt="Product Image"></a><p>Shimmer Markers Outline Double Line: 12 Colors Metallic Glitter Pens Set Sparkle Kid Age 4 8 10 14 Year Old Gift Present Doodle Drawing Supplies Art Craft Tween Teen Girl Christmas Stocking Stuffers</p><p> -17% 0FF </p><p>$9.99</p><a href="https://www.amazon.com/dp/B0CGD74KX7?tag=eloabder-20&linkCode=osi&th=1&psc=1">View Product</a></div><div class="product"><a href="https://www.amazon.com/dp/B09LVDT4QK?tag=eloabder-20&linkCode=osi&th=1&psc=1"><img src="https://m.media-amazon.com/images/I/41CaNa9XKLL._SL500_.jpg" alt="Product Image"></a><p>DOODLE HOG Polymer Clay Earring Making Kit, Gift for Teens and Adults, Make 12 Earrings, Jewelry Making Supplies for Kids and Adults - Arts and Crafts for Kids Ages 12+ Girls</p><p> -35% 0FF </p><p>$12.99</p><a href="https://www.amazon.com/dp/B09LVDT4QK?tag=eloabder-20&linkCode=osi&th=1&psc=1">View Product</a></div><div class="product"><a href="https://www.amazon.com/dp/B0BS4BVG3M?tag=eloabder-20&linkCode=osi&th=1&psc=1"><img src="https://m.media-amazon.com/images/I/61r89vPgOtL._SL500_.jpg" alt="Product Image"></a><p>2774pcs Gem Stickers Jewels for Crafts - Self Adhesive Rhinestone Jewel Stickers, Stick on Gems Rhinestones for Crafts, Acrylic Bling Heart Stickers, Craft Supplies for Kids</p><p> -29% 0FF </p><p>$8.97</p><a href="https://www.amazon.com/dp/B0BS4BVG3M?tag=eloabder-20&linkCode=osi&th=1&psc=1">View Product</a></div>
<div class="product"><a href="https://www.amazon.com/dp/B001A42CTW?tag=eloabder-20&linkCode=osi&th=1&psc=1"><img src="https://m.media-amazon.com/images/I/31TZjc3LZUL._SL500_.jpg" alt="Product Image"></a><p>Fiskars SoftGrip Detail Craft Knife - 8" Exacto Knife for Crafting - Multi-Use Exacto Blade Included with Protective Cover</p><p> -25% 0FF </p><p>$5.97</p><a href="https://www.amazon.com/dp/B001A42CTW?tag=eloabder-20&linkCode=osi&th=1&psc=1">View Product</a></div><div class="product"><a href="https://www.amazon.com/dp/B07G9PKH9H?tag=eloabder-20&linkCode=osi&th=1&psc=1"><img src="https://m.media-amazon.com/images/I/31f5z1IyHaL._SL500_.jpg" alt="Product Image"></a><p>Cricut TrueControl Knife Kit - For Use As a Precision Knife, Craft knife, Carving Knife and Hobby Knife - For Art, Scrapbooking, Stencils, and DIY Projects - Comes With 5 Spare Blades - [Blue]</p><p> -50% 0FF </p><p>$9.49 ($9.49 / Count)</p><a href="https://www.amazon.com/dp/B07G9PKH9H?tag=eloabder-20&linkCode=osi&th=1&psc=1">View Product</a></div>
<div class="product"><a href="https://www.amazon.com/dp/B07M6CDS77?tag=eloabder-20&linkCode=osi&th=1&psc=1"><img src="https://m.media-amazon.com/images/I/51Om2onDSZL._SL500_.jpg" alt="Product Image"></a><p>COO&KOO Charm Bracelet Making Kit, A Unicorn Girls Toy That Inspires Creativity and Imagination, Crafts for Ages 8-12 with Jewelry Making & Art Kit Perfect Gifts, Self-Expression!</p><p> -43% 0FF </p><p>$16.99</p><a href="https://www.amazon.com/dp/B07M6CDS77?tag=eloabder-20&linkCode=osi&th=1&psc=1">View Product</a></div><div class="product"><a href="https://www.amazon.com/dp/B0932TB3Z6?tag=eloabder-20&linkCode=osi&th=1&psc=1"><img src="https://m.media-amazon.com/images/I/617ElT9g-7L._SL500_.jpg" alt="Product Image"></a><p>Made By Me Ultimate Bead Pets by Horizon Group USA, Bead Pets Crafts for Kids, Includes Over 1400 Beads, Cording, Keychains & Carabiner Clips, Design Templates, Storage Cases & More</p><p> -5% 0FF </p><p>$20.81</p><a href="https://www.amazon.com/dp/B0932TB3Z6?tag=eloabder-20&linkCode=osi&th=1&psc=1">View Product</a></div><div class="product"><a href="https://www.amazon.com/dp/B0BZHX7HP9?tag=eloabder-20&linkCode=osi&th=1&psc=1"><img src="https://m.media-amazon.com/images/I/61qd1GFIZiL._SL500_.jpg" alt="Product Image"></a><p>Paodey 20,000 Pcs Clay Beads Bracelet Making Kit, 120 Colors 6 Boxes Polymer Beads Spacer Heishi Beads & Jewelry Kit with Pendant Charms Elastic Strings, Crafts Gift for Kids Adults</p><p> -33% 0FF </p><p>$19.99</p><a href="https://www.amazon.com/dp/B0BZHX7HP9?tag=eloabder-20&linkCode=osi&th=1&psc=1">View Product</a></div><div class="product"><a href="https://www.amazon.com/dp/B0895MW2C9?tag=eloabder-20&linkCode=osi&th=1&psc=1"><img src="https://m.media-amazon.com/images/I/61SQh61RDwL._SL500_.jpg" alt="Product Image"></a><p>Charm Bracelet Making Kit,Jewelry Making Supplies Beads,Unicorn/Mermaid Crafts Gifts Set for Girls Teens Age 6-12</p><p> -43% 0FF </p><p>$16.96</p><a href="https://www.amazon.com/dp/B0895MW2C9?tag=eloabder-20&linkCode=osi&th=1&psc=1">View Product</a></div><div class="product"><a href="https://www.amazon.com/dp/0545703190?tag=eloabder-20&linkCode=osi&th=1&psc=1"><img src="https://m.media-amazon.com/images/I/51TP-RXeg0L._SL500_.jpg" alt="Product Image"></a><p>Klutz Mini Pom-Pom Pets 8" Length x 1.25" Width x 9" Height</p><p> -10% 0FF </p><p>$17.99</p><a href="https://www.amazon.com/dp/0545703190?tag=eloabder-20&linkCode=osi&th=1&psc=1">View Product</a></div><div class="product"><a href="https://www.amazon.com/dp/B07TBJSZFH?tag=eloabder-20&linkCode=osi&th=1&psc=1"><img src="https://m.media-amazon.com/images/I/51NVC4bdfvL._SL500_.jpg" alt="Product Image"></a><p>FUNZBO Arts and Crafts Supplies for Kids - Craft Kit with Glitter Glue Stick, Pipe Cleaners Craft & Craft Tools, DIY School Supplies Kit, Girls Toys, Gifts for Girls and Boys Age 4+</p><p> -20% 0FF </p><p>$15.98</p><a href="https://www.amazon.com/dp/B07TBJSZFH?tag=eloabder-20&linkCode=osi&th=1&psc=1">View Product</a></div>
<div class="product"><a href="https://www.amazon.com/dp/B0116VGHLW?tag=eloabder-20&linkCode=osi&th=1&psc=1"><img src="https://m.media-amazon.com/images/I/41sV-drwy7L._SL500_.jpg" alt="Product Image"></a><p>G2PLUS Kraft Paper Gift Tags with String,100PCS Blank Gift Tags,Christmas Gift Tags,Holiday Hangtags for Art&Craft,Gift Wrapping,Halloween(2'' x 4'')</p><p> -29% 0FF </p><p>$4.99 ($0.05 / Count)</p><a href="https://www.amazon.com/dp/B0116VGHLW?tag=eloabder-20&linkCode=osi&th=1&psc=1">View Product</a></div><div class="product"><a href="https://www.amazon.com/dp/B076CL8JMB?tag=eloabder-20&linkCode=osi&th=1&psc=1"><img src="https://m.media-amazon.com/images/I/41rBOccjjXL._SL500_.jpg" alt="Product Image"></a><p>SallyFashion 200pcs Kraft Paper Gift Tags with Free 200 Root Natural Jute Twine, Blank Gift Bags Tags Price Tags（Brown Water Ripple）</p><p> -9% 0FF </p><p>$4.99 ($0.02 / Count)</p><a href="https://www.amazon.com/dp/B076CL8JMB?tag=eloabder-20&linkCode=osi&th=1&psc=1">View Product</a></div>
<div class="product"><a href="https://www.amazon.com/dp/B07XDC7FP9?tag=eloabder-20&linkCode=osi&th=1&psc=1"><img src="https://m.media-amazon.com/images/I/41JKgogWT9L._SL500_.jpg" alt="Product Image"></a><p>Magnetic Dots - Self Adhesive Magnet Dots (0.8" x 0.8") - Classroom Must Have Peel & Stick Magnetic Circles - Flexible Sticky Magnets - Sheets is Alternative, Stickers, Strip, Magnetic Tape (120 Pcs)</p><p> -13% 0FF </p><p>$13.99</p><a href="https://www.amazon.com/dp/B07XDC7FP9?tag=eloabder-20&linkCode=osi&th=1&psc=1">View Product</a></div><div class="product"><a href="https://www.amazon.com/dp/B09BBHBZMG?tag=eloabder-20&linkCode=osi&th=1&psc=1"><img src="https://m.media-amazon.com/images/I/51kT5DaZIPL._SL500_.jpg" alt="Product Image"></a><p>Mr. Pen- Adhesive Magnetic Sheets, 4" x 6", 10 Pack, with Adhesive Backing, Flexible Picture Magnets, Cuttable Magnetic Sheets.</p><p> -41% 0FF </p><p>$5.85</p><a href="https://www.amazon.com/dp/B09BBHBZMG?tag=eloabder-20&linkCode=osi&th=1&psc=1">View Product</a></div><div class="product"><a href="https://www.amazon.com/dp/B09WCXS3NV?tag=eloabder-20&linkCode=osi&th=1&psc=1"><img src="https://m.media-amazon.com/images/I/51jUQGCcMPL._SL500_.jpg" alt="Product Image"></a><p>DIYMAG Magnetic Adhesive Sheets, |4" x 6"|, 10 Pack Cuttable, Flexible magnet sheets with adhesive for Crafts, Photos, Easy Peel and Stick</p><p> -10% 0FF </p><p>$5.38 ($0.54 / Count)</p><a href="https://www.amazon.com/dp/B09WCXS3NV?tag=eloabder-20&linkCode=osi&th=1&psc=1">View Product</a></div><div class="product"><a href="https://www.amazon.com/dp/B07V4STWPV?tag=eloabder-20&linkCode=osi&th=1&psc=1"><img src="https://m.media-amazon.com/images/I/51g56RBuH8L._SL500_.jpg" alt="Product Image"></a><p>Magnetic Sheets with Adhesive Backing - Each 4" x 6" - Flexible Magnetic Paper with Strong Self Adhesive - Sticky Magnet Sheets for Photo and Picture Magnets, Stickers and Other Craft Magnets</p><p> -33% 0FF </p><p>$5.99</p><a href="https://www.amazon.com/dp/B07V4STWPV?tag=eloabder-20&linkCode=osi&th=1&psc=1">View Product</a></div><div class="product"><a href="https://www.amazon.com/dp/B0D6R56J5T?tag=eloabder-20&linkCode=osi&th=1&psc=1"><img src="https://m.media-amazon.com/images/I/51tODUxLo4L._SL500_.jpg" alt="Product Image"></a><p>96pcs Craft Magnets Glass w Adhesive Backing and Transparent Clear Glass Cabochons DIY Craft Fridge Magnets for Whiteboard Refrigerator(Round, 48 Sets,1-Inch)</p><p> -17% 0FF </p><p>$9.99 ($0.10 / Count)</p><a href="https://www.amazon.com/dp/B0D6R56J5T?tag=eloabder-20&linkCode=osi&th=1&psc=1">View Product</a></div><div class="product"><a href="https://www.amazon.com/dp/B07V3SRKFW?tag=eloabder-20&linkCode=osi&th=1&psc=1"><img src="https://m.media-amazon.com/images/I/51HyHWF+PVL._SL500_.jpg" alt="Product Image"></a><p>Magnetic Sheets with Adhesive Backing - Each 4" x 6" - Flexible Magnetic Paper with Strong Self Adhesive - Sticky Magnet Sheets for Photo and Picture Magnets, Stickers and Other Craft Magnets</p><p> -38% 0FF </p><p>$4.99</p><a href="https://www.amazon.com/dp/B07V3SRKFW?tag=eloabder-20&linkCode=osi&th=1&psc=1">View Product</a></div>
<div class="product"><a href="https://www.amazon.com/dp/B0CP48JPCH?tag=eloabder-20&linkCode=osi&th=1&psc=1"><img src="https://m.media-amazon.com/images/I/51-IkKBja0L._SL500_.jpg" alt="Product Image"></a><p>ARTISTRO Acrylic Paint Pens, Acrylic Paint Markers, Fabric Markers for Textile, Canvas, Rock, Glass, Wood, Paper, DIY, Paint Markers for Kids and Adults (Dual Tip Dot + Fine, 24)</p><p> -50% 0FF </p><p>$9.99 ($0.42 / Count)</p><a href="https://www.amazon.com/dp/B0CP48JPCH?tag=eloabder-20&linkCode=osi&th=1&psc=1">View Product</a></div><div class="product"><a href="https://www.amazon.com/dp/B0891WKPN3?tag=eloabder-20&linkCode=osi&th=1&psc=1"><img src="https://m.media-amazon.com/images/I/51qPnBJt4QL._SL500_.jpg" alt="Product Image"></a><p>Caliart 34 Double Tip Brush Pens Art Markers, Aesthetic Cute Preppy Stuff School Supplies, Artist Fine & Brush Pen Coloring Markers for Kids Adult Book Cards Drawing Craft Kit Teacher Office Supplies</p><p> -33% 0FF </p><p>$9.99</p><a href="https://www.amazon.com/dp/B0891WKPN3?tag=eloabder-20&linkCode=osi&th=1&psc=1">View Product</a></div><div class="product"><a href="https://www.amazon.com/dp/B073XHP9N2?tag=eloabder-20&linkCode=osi&th=1&psc=1"><img src="https://m.media-amazon.com/images/I/519tKwqmbtL._SL500_.jpg" alt="Product Image"></a><p>Shuttle Art 51 Colors Dual Tip Alcohol Based Art Markers, 50 Colors plus 1 Blender Permanent Marker Pens Highlighters with Case Perfect for Illustration Adult Coloring Sketching and Card Making…</p><p> -28% 0FF </p><p>$25.99</p><a href="https://www.amazon.com/dp/B073XHP9N2?tag=eloabder-20&linkCode=osi&th=1&psc=1">View Product</a></div><div class="product"><a href="https://www.amazon.com/dp/B0BXPTLMRW?tag=eloabder-20&linkCode=osi&th=1&psc=1"><img src="https://m.media-amazon.com/images/I/51NWNk2VHnL._SL500_.jpg" alt="Product Image"></a><p>Peablce Art Markers Brush Pen, 32 Colored Pens Fine Point Highlighter Pen & Brush for Adult Kids Coloring Journaling Note Taking Planner</p><p> -36% 0FF </p><p>$6.39</p><a href="https://www.amazon.com/dp/B0BXPTLMRW?tag=eloabder-20&linkCode=osi&th=1&psc=1">View Product</a></div><div class="product"><a href="https://www.amazon.com/dp/B0CPMFV2ZF?tag=eloabder-20&linkCode=osi&th=1&psc=1"><img src="https://m.media-amazon.com/images/I/51rnUOzj7oL._SL500_.jpg" alt="Product Image"></a><p>Sharpie Acrylic Creative Markers, Bullet Tip, Vibrant Assorted Colors, Non-Bleeding Water-Based Ink, Pack of 12</p><p> -19% 0FF </p><p>$14.90</p><a href="https://www.amazon.com/dp/B0CPMFV2ZF?tag=eloabder-20&linkCode=osi&th=1&psc=1">View Product</a></div>
<div class="product"><a href="https://www.amazon.com/dp/B07XFJ5YKN?tag=eloabder-20&linkCode=osi&th=1&psc=1"><img src="https://m.media-amazon.com/images/I/31IiXY7q0uL._SL500_.jpg" alt="Product Image"></a><p>3 Pack Silicone mat Large Silicone Sheets for Crafts, Liquid, Resin Jewelry Casting Molds Mat, Silicone Placemat 15.7” x 11.8” (Blue & Rose Red & Green)</p><p> -33% 0FF </p><p>$7.99 ($2.66 / Count)</p><a href="https://www.amazon.com/dp/B07XFJ5YKN?tag=eloabder-20&linkCode=osi&th=1&psc=1">View Product</a></div>
<div class="product"><a href="https://www.amazon.com/dp/B0CYZC3TCM?tag=eloabder-20&linkCode=osi&th=1&psc=1"><img src="https://m.media-amazon.com/images/I/41vBPX7IX9L._SL500_.jpg" alt="Product Image"></a><p>Vanhench 36"x 2520" (210') Brown Kraft Paper Roll, Craft Paper, Wrapping Paper for Bulletin Board Paper Roll Art Craft Bouquet Flower Table Covering Poster Packing Shipping Moving Supplies 70GSM 55LB</p><p> -17% 0FF </p><p>$29.98 ($0.05 / Sq Ft)</p><a href="https://www.amazon.com/dp/B0CYZC3TCM?tag=eloabder-20&linkCode=osi&th=1&psc=1">View Product</a></div><div class="product"><a href="https://www.amazon.com/dp/B01HZMQJ8C?tag=eloabder-20&linkCode=osi&th=1&psc=1"><img src="https://m.media-amazon.com/images/I/41CQa4BxU7L._SL500_.jpg" alt="Product Image"></a><p>Colorations Art Paper, 9" x 12" Painting & Craft Paper, Finger Paints, Watercolor, Tempera, Drawing, Art Room & Homeschool Crafts 100 sheets</p><p> -6% 0FF </p><p>$14.99 ($0.15 / Count)</p><a href="https://www.amazon.com/dp/B01HZMQJ8C?tag=eloabder-20&linkCode=osi&th=1&psc=1">View Product</a></div>
<div class="product"><a href="https://www.amazon.com/dp/B08WHP8FX1?tag=eloabder-20&linkCode=osi&th=1&psc=1"><img src="https://m.media-amazon.com/images/I/51G7adQRmcL._SL500_.jpg" alt="Product Image"></a><p>Apple Barrel Acrylic Craft Paint Set, Matte Finish, Set of 8, 8 Fl Oz (Pack of 8), Assorted</p><p> -17% 0FF </p><p>$22.39 ($0.35 / Fl Oz)</p><a href="https://www.amazon.com/dp/B08WHP8FX1?tag=eloabder-20&linkCode=osi&th=1&psc=1">View Product</a></div><div class="product"><a href="https://www.amazon.com/dp/B08RYRW7SP?tag=eloabder-20&linkCode=osi&th=1&psc=1"><img src="https://m.media-amazon.com/images/I/51NgwH3pVpL._SL500_.jpg" alt="Product Image"></a><p>Shuttle Art Acrylic Paint Set, 25 Vintage Colours Acrylic Paints, 2oz/60ml Bottles, Rich Pigmented, Premium Acrylic Paints for Artists, Beginners and Kids on Rocks Crafts Canvas Wood Ceramic</p><p> -20% 0FF </p><p>$19.99 ($0.40 / Fl Oz)</p><a href="https://www.amazon.com/dp/B08RYRW7SP?tag=eloabder-20&linkCode=osi&th=1&psc=1">View Product</a></div>
<div class="product"><a href="https://www.amazon.com/dp/B08C5LKG4L?tag=eloabder-20&linkCode=osi&th=1&psc=1"><img src="https://m.media-amazon.com/images/I/510He-DL-US._SL500_.jpg" alt="Product Image"></a><p>12pcs Craft Hole Punch Shapes Set,Small Paper Puncher for Kids,Single Crafting Scrapbook Punches,Star,Butterfly,Leaf,Christmas Tree.Heart,Tag stamp Cards Mini Cutter Nail Arts crafts Punchers Supplies</p><p> -41% 0FF </p><p>$9.99</p><a href="https://www.amazon.com/dp/B08C5LKG4L?tag=eloabder-20&linkCode=osi&th=1&psc=1">View Product</a></div><div class="product"><a href="https://www.amazon.com/dp/B08VHGLBPT?tag=eloabder-20&linkCode=osi&th=1&psc=1"><img src="https://m.media-amazon.com/images/I/31UvXlbVq7L._SL500_.jpg" alt="Product Image"></a><p>QIQQIKIN Paper Corner Rounder 3 in 1 （R4mm+R7mm+R10mm）， Punches for Crafts， Cutter ，Envelope Punch Board ，Hole Puncher， Laminate, DIY Projects, Photo Cutter,Card Making Scrapbooking and Journaling</p><p> -54% 0FF </p><p>$5.99</p><a href="https://www.amazon.com/dp/B08VHGLBPT?tag=eloabder-20&linkCode=osi&th=1&psc=1">View Product</a></div>
<div class="product"><a href="https://www.amazon.com/dp/B08722TFPH?tag=eloabder-20&linkCode=osi&th=1&psc=1"><img src="https://m.media-amazon.com/images/I/51DqPIU5lcL._SL500_.jpg" alt="Product Image"></a><p>LIUYAXI 20 Colors 100 Yard Satin Ribbon Fabric Ribbon Silk Ribbon Assorted Colors Rolls, 2/5" Wide 5 Yard/Roll, Ribbons Perfect for Gift Wrapping,Crafts, Hair Bows, Wedding Party Decoration and More</p><p> -20% 0FF </p><p>$6.39 ($0.02 / Foot)</p><a href="https://www.amazon.com/dp/B08722TFPH?tag=eloabder-20&linkCode=osi&th=1&psc=1">View Product</a></div><div class="product"><a href="https://www.amazon.com/dp/B09VD664SF?tag=eloabder-20&linkCode=osi&th=1&psc=1"><img src="https://m.media-amazon.com/images/I/416ujI6fREL._SL500_.jpg" alt="Product Image"></a><p>YASEO 1 Inch Champaign Gold Solid Satin Ribbon, 50 Yards Craft Fabric Ribbon for Gift Wrapping Floral Bouquets Wedding Party Decoration</p><p> -15% 0FF </p><p>$6.79 ($0.05 / Foot)</p><a href="https://www.amazon.com/dp/B09VD664SF?tag=eloabder-20&linkCode=osi&th=1&psc=1">View Product</a></div><div class="product"><a href="https://www.amazon.com/dp/B0999BWTRD?tag=eloabder-20&linkCode=osi&th=1&psc=1"><img src="https://m.media-amazon.com/images/I/31y0rlK1bIL._SL500_.jpg" alt="Product Image"></a><p>Vitalizart Handmade Chiffon Silk Ribbon Fringe Green & Cream 1.5" x 21 Yd Frayed Edges Ribbons for Wedding Invitations Bridal Bouquets Gifts Wrapping Crafts Holiday Party Decorations</p><p> -21% 0FF </p><p>$14.99 ($0.24 / Foot)</p><a href="https://www.amazon.com/dp/B0999BWTRD?tag=eloabder-20&linkCode=osi&th=1&psc=1">View Product</a></div><div class="product"><a href="https://www.amazon.com/dp/B0CS59KQ52?tag=eloabder-20&linkCode=osi&th=1&psc=1"><img src="https://m.media-amazon.com/images/I/41JGsqqFc0L._SL500_.jpg" alt="Product Image"></a><p>Ribbli Pink Satin Ribbon 3/8 Inch x 4 Rolls Total 40 Yards- White/Light Pink/Pink/Hot Pink Ribbon for Gift Wrapping Craft Wedding Decoration</p><p> -29% 0FF </p><p>$9.99 ($0.08 / Foot)</p><a href="https://www.amazon.com/dp/B0CS59KQ52?tag=eloabder-20&linkCode=osi&th=1&psc=1">View Product</a></div>
<div class="product"><a href="https://www.amazon.com/dp/B07FDV6NN3?tag=eloabder-20&linkCode=osi&th=1&psc=1"><img src="https://m.media-amazon.com/images/I/41cwit3vbXL._SL500_.jpg" alt="Product Image"></a><p>Juvale Wooden Rings for Crafts, Macrame, Crochet, Jewelry Making, Natural Unfinished 3 Inch Wood Rings (75mm, 30 Pack)</p><p> -13% 0FF </p><p>$16.49</p><a href="https://www.amazon.com/dp/B07FDV6NN3?tag=eloabder-20&linkCode=osi&th=1&psc=1">View Product</a></div><div class="product"><a href="https://www.amazon.com/dp/B0CLXW96T8?tag=eloabder-20&linkCode=osi&th=1&psc=1"><img src="https://m.media-amazon.com/images/I/41U4yOgr+XL._SL500_.jpg" alt="Product Image"></a><p>50 PCS 50mm Unfinished Wooden Rings for Craft, Nature Solid Wood Rings for DIY Crafts Without Paint, Macrame Wooden Rings for Ring Pendant and Connectors Jewelry Making</p><p> -50% 0FF </p><p>$4.49</p><a href="https://www.amazon.com/dp/B0CLXW96T8?tag=eloabder-20&linkCode=osi&th=1&psc=1">View Product</a></div><div class="product"><a href="https://www.amazon.com/dp/B09BLCGGQH?tag=eloabder-20&linkCode=osi&th=1&psc=1"><img src="https://m.media-amazon.com/images/I/41khWby2u3L._SL500_.jpg" alt="Product Image"></a><p>Mr. Pen- Wooden Rings, 2.7", 10 Pack, Wooden Rings for Crafts, Wood Rings, Macrame Rings, Wood Rings for Crafts, Wooden Ring, Wooden Rings for Macrame, Craft Rings, Wood Ring, Wood Teething Ring</p><p> -30% 0FF </p><p>$6.95</p><a href="https://www.amazon.com/dp/B09BLCGGQH?tag=eloabder-20&linkCode=osi&th=1&psc=1">View Product</a></div>
<div class="product"><a href="https://www.amazon.com/dp/B072RV8SC7?tag=eloabder-20&linkCode=osi&th=1&psc=1"><img src="https://m.media-amazon.com/images/I/31dSkcEq21L._SL500_.jpg" alt="Product Image"></a><p>Westcott 5" Micro-Tip Craft Scissors with Titanium-Bonded Blades for Crafting, Sewing & More</p><p> -53% 0FF </p><p>$7.50</p><a href="https://www.amazon.com/dp/B072RV8SC7?tag=eloabder-20&linkCode=osi&th=1&psc=1">View Product</a></div><div class="product"><a href="https://www.amazon.com/dp/B07H4N8DL9?tag=eloabder-20&linkCode=osi&th=1&psc=1"><img src="https://m.media-amazon.com/images/I/41qf77NvDqL._SL500_.jpg" alt="Product Image"></a><p>Scissors Bulk Set of 5-Pack, Niutop 8" Multipurpose Sharp Sewing Craft Fabric Scissors for Office Home High/Middle School Student Office Teacher Art Supplies, Soft Comfort-Grip Right/Left Handles</p><p> -31% 0FF </p><p>$6.89 ($1.38 / Count)</p><a href="https://www.amazon.com/dp/B07H4N8DL9?tag=eloabder-20&linkCode=osi&th=1&psc=1">View Product</a></div><div class="product"><a href="https://www.amazon.com/dp/B0CFJNX6DR?tag=eloabder-20&linkCode=osi&th=1&psc=1"><img src="https://m.media-amazon.com/images/I/41MtlRnWlwL._SL500_.jpg" alt="Product Image"></a><p>Mr. Pen- Craft Scissors Decorative Edge, 6 Pack, Craft Scissors, Zig Zag Scissors, Decorative Scissors, Scrapbooking Scissors, Fancy Scissors, Scissors for Crafting, Pattern Scissors, Design Scissors</p><p> -21% 0FF </p><p>$7.85</p><a href="https://www.amazon.com/dp/B0CFJNX6DR?tag=eloabder-20&linkCode=osi&th=1&psc=1">View Product</a></div><div class="product"><a href="https://www.amazon.com/dp/B079L16LN6?tag=eloabder-20&linkCode=osi&th=1&psc=1"><img src="https://m.media-amazon.com/images/I/31XwkWsWIrS._SL500_.jpg" alt="Product Image"></a><p>LIVINGO Premium Tailor Scissors Heavy Duty Multi-Purpose Titanium Coating Forged Stainless Steel Sewing Fabric Leather Dressmaking Comfort Grip Shears Professional Crafting (9.5 INCH)</p><p> -30% 0FF </p><p>$13.99</p><a href="https://www.amazon.com/dp/B079L16LN6?tag=eloabder-20&linkCode=osi&th=1&psc=1">View Product</a></div><div class="product"><a href="https://www.amazon.com/dp/B001KYQP22?tag=eloabder-20&linkCode=osi&th=1&psc=1"><img src="https://m.media-amazon.com/images/I/31Cg9f0+hkL._SL500_.jpg" alt="Product Image"></a><p>Scotch 6" Precision Scissors, Great for Everyday Use (1446)</p><p> -21% 0FF </p><p>$4.94</p><a href="https://www.amazon.com/dp/B001KYQP22?tag=eloabder-20&linkCode=osi&th=1&psc=1">View Product</a></div><div class="product"><a href="https://www.amazon.com/dp/B07H4LTQ1D?tag=eloabder-20&linkCode=osi&th=1&psc=1"><img src="https://m.media-amazon.com/images/I/41Nhiysl2XL._SL500_.jpg" alt="Product Image"></a><p>LIVINGO 2 Pack 8" Titanium Non-Stick Scissors, Professional Stainless Steel Comfort Grip, All-Purpose, Straight Office Craft Scissors for DIY(Red/Black)</p><p> -50% 0FF </p><p>$9.99</p><a href="https://www.amazon.com/dp/B07H4LTQ1D?tag=eloabder-20&linkCode=osi&th=1&psc=1">View Product</a></div>
<div class="product"><a href="https://www.amazon.com/dp/B072JW6NQT?tag=eloabder-20&linkCode=osi&th=1&psc=1"><img src="https://m.media-amazon.com/images/I/61uY6781clL._SL500_.jpg" alt="Product Image"></a><p>260 Pieces Colorful Glitter Foam Stickers Self Adhesive Stars Mini Heart Shapes Glitter Stickers, Kid's Arts Craft Supplies Greeting Cards Home Decoration Stars&Heart Shapes</p><p> -33% 0FF </p><p>$6.74 ($0.03 / Count)</p><a href="https://www.amazon.com/dp/B072JW6NQT?tag=eloabder-20&linkCode=osi&th=1&psc=1">View Product</a></div><div class="product"><a href="https://www.amazon.com/dp/B00290N4NY?tag=eloabder-20&linkCode=osi&th=1&psc=1"><img src="https://m.media-amazon.com/images/I/41hejL-+6qL._SL500_.jpg" alt="Product Image"></a><p>Creative Arts by Charles Leonard Foam Shapes, Assorted Colors, 264 Pieces/Bag (70526)</p><p> -7% 0FF </p><p>$7.10</p><a href="https://www.amazon.com/dp/B00290N4NY?tag=eloabder-20&linkCode=osi&th=1&psc=1">View Product</a></div><div class="product"><a href="https://www.amazon.com/dp/B09KG4RZ6J?tag=eloabder-20&linkCode=osi&th=1&psc=1"><img src="https://m.media-amazon.com/images/I/415lhoEhZ4L._SL500_.jpg" alt="Product Image"></a><p>100PCS Unfinished Blank Wood Pieces, 4 x 4 Inch Natural Wooden Slices Star & Heart Shape Cutouts for DIY Crafts Pyrograph Painting Staining Burning Engraving Carving Coasters</p><p> -50% 0FF </p><p>$9.49</p><a href="https://www.amazon.com/dp/B09KG4RZ6J?tag=eloabder-20&linkCode=osi&th=1&psc=1">View Product</a></div><div class="product"><a href="https://www.amazon.com/dp/B000F8V6BY?tag=eloabder-20&linkCode=osi&th=1&psc=1"><img src="https://m.media-amazon.com/images/I/41pWKfVnCpL._SL500_.jpg" alt="Product Image"></a><p>Creativity Street Natural Wood Shapes - 1000 Piece Assortment</p><p> -48% 0FF </p><p>$19.99</p><a href="https://www.amazon.com/dp/B000F8V6BY?tag=eloabder-20&linkCode=osi&th=1&psc=1">View Product</a></div>
<div class="product"><a href="https://www.amazon.com/dp/B0C8T7G5PX?tag=eloabder-20&linkCode=osi&th=1&psc=1"><img src="https://m.media-amazon.com/images/I/61Uk3mYLt1L._SL500_.jpg" alt="Product Image"></a><p>120Pcs Vintage Stickers, Waterproof Scrapbook Aesthetic Sticker, Daily Planner, Water Bottles, Handbook Junk Diary Stickers Teens Adults, Scrapbooking Supplies for DIY Paper Crafts</p><p> -44% 0FF </p><p>$4.49 ($0.04 / Count)</p><a href="https://www.amazon.com/dp/B0C8T7G5PX?tag=eloabder-20&linkCode=osi&th=1&psc=1">View Product</a></div><div class="product"><a href="https://www.amazon.com/dp/B09C8HTDWP?tag=eloabder-20&linkCode=osi&th=1&psc=1"><img src="https://m.media-amazon.com/images/I/61CXW4fAMYL._SL500_.jpg" alt="Product Image"></a><p>Knaid Vintage Scrapbook Supplies Pack (200 Pieces) for Junk Journal Bullet Journals Planners Botanical Paper Stickers Craft Kits Aesthetic Cottagecore Collage Album (Nature)</p><p> -38% 0FF </p><p>$7.99 ($0.04 / Count)</p><a href="https://www.amazon.com/dp/B09C8HTDWP?tag=eloabder-20&linkCode=osi&th=1&psc=1">View Product</a></div><div class="product"><a href="https://www.amazon.com/dp/B07C3C55WD?tag=eloabder-20&linkCode=osi&th=1&psc=1"><img src="https://m.media-amazon.com/images/I/415xE6CNe-L._SL500_.jpg" alt="Product Image"></a><p>Lependor Black White Eye Stickers Labels -2000 Pcs Per Roll</p><p> -14% 0FF </p><p>$5.98</p><a href="https://www.amazon.com/dp/B07C3C55WD?tag=eloabder-20&linkCode=osi&th=1&psc=1">View Product</a></div>
<div class="product"><a href="https://www.amazon.com/dp/B07C8YSWDR?tag=eloabder-20&linkCode=osi&th=1&psc=1"><img src="https://m.media-amazon.com/images/I/21NSnmeygVL._SL500_.jpg" alt="Product Image"></a><p>novelinks Transparent 4" x 6" Photo Cases and Clear Craft Keeper with Handle - 16 Inner Cases Plastic Storage Container Box (Clear)</p><p> -31% 0FF </p><p>$24.99</p><a href="https://www.amazon.com/dp/B07C8YSWDR?tag=eloabder-20&linkCode=osi&th=1&psc=1">View Product</a></div><div class="product"><a href="https://www.amazon.com/dp/B00FZVPWO8?tag=eloabder-20&linkCode=osi&th=1&psc=1"><img src="https://m.media-amazon.com/images/I/41RO8A3v88L._SL500_.jpg" alt="Product Image"></a><p>IRIS USA Plastic Pencil Case Box Craft Hobby Art School Supply Storage Organizer Container with Latching Lid, 10-Pack, for Bead Pens Ribbons Wahi Tape Sticker Yarn Ornaments, Stackable, Clear, Small</p><p> -9% 0FF </p><p>$14.63 ($1.46 / Count)</p><a href="https://www.amazon.com/dp/B00FZVPWO8?tag=eloabder-20&linkCode=osi&th=1&psc=1">View Product</a></div><div class="product"><a href="https://www.amazon.com/dp/B0C8RXPQH5?tag=eloabder-20&linkCode=osi&th=1&psc=1"><img src="https://m.media-amazon.com/images/I/417+DSY9kaL._SL500_.jpg" alt="Product Image"></a><p>IRIS USA Plastic Storage Bins with Removable Tray for Organizing 9.4 Qt. Craft Organizers and Storage with Handle, Art Supply Storage Organizer, Arts and Crafts Organizer, Clear/Violet</p><p> -10% 0FF </p><p>$17.99</p><a href="https://www.amazon.com/dp/B0C8RXPQH5?tag=eloabder-20&linkCode=osi&th=1&psc=1">View Product</a></div><div class="product"><a href="https://www.amazon.com/dp/B07PW3Z5K6?tag=eloabder-20&linkCode=osi&th=1&psc=1"><img src="https://m.media-amazon.com/images/I/41-0CvaNdfL._SL500_.jpg" alt="Product Image"></a><p>OUTUXED 2pack 36 Grids Clear Plastic Organizer Box Container Craft Storage with Adjustable Dividers for Beads Organizer Art DIY Crafts Jewelry Fishing Tackles with 5 Sheets Label Stickers</p><p> -22% 0FF </p><p>$13.99 ($7.00 / Count)</p><a href="https://www.amazon.com/dp/B07PW3Z5K6?tag=eloabder-20&linkCode=osi&th=1&psc=1">View Product</a></div>
<div class="product"><a href="https://www.amazon.com/dp/B0C77HVR5G?tag=eloabder-20&linkCode=osi&th=1&psc=1"><img src="https://m.media-amazon.com/images/I/61ObPp2RlRL._SL500_.jpg" alt="Product Image"></a><p>Selizo 12 Rolls Nylon String for Bracelets, Chinese Knotting Nylon Cord for Jewelry Making, Nylon Beading Thread for Kumihimo, Braided Bracelets, Necklaces, Macrame Craft, Wind Chime</p><p> -7% 0FF </p><p>$12.99 ($0.02 / Foot)</p><a href="https://www.amazon.com/dp/B0C77HVR5G?tag=eloabder-20&linkCode=osi&th=1&psc=1">View Product</a></div><div class="product"><a href="https://www.amazon.com/dp/B0CJT9N6NY?tag=eloabder-20&linkCode=osi&th=1&psc=1"><img src="https://m.media-amazon.com/images/I/51FnHCLGgzL._SL500_.jpg" alt="Product Image"></a><p>50 Skeins Embroidery Floss Rainbow Color Per Pack Cross Stitch Threads Friendship Bracelets Floss Crafts Floss (50)</p><p> -50% 0FF </p><p>$4.99</p><a href="https://www.amazon.com/dp/B0CJT9N6NY?tag=eloabder-20&linkCode=osi&th=1&psc=1">View Product</a></div>
<div class="product"><a href="https://www.amazon.com/dp/B089T7PX27?tag=eloabder-20&linkCode=osi&th=1&psc=1"><img src="https://m.media-amazon.com/images/I/41aDJyks7kL._SL500_.jpg" alt="Product Image"></a><p>Crayola Air Dry Clay (5lbs), Natural White Modeling Clay for Kids, Sculpting Material, Bulk Craft Supplies for School Classrooms [Amazon Exclusive]</p><p> -18% 0FF </p><p>$10.62</p><a href="https://www.amazon.com/dp/B089T7PX27?tag=eloabder-20&linkCode=osi&th=1&psc=1">View Product</a></div><div class="product"><a href="https://www.amazon.com/dp/B09HBVBSMS?tag=eloabder-20&linkCode=osi&th=1&psc=1"><img src="https://m.media-amazon.com/images/I/51jD0QyqmfL._SL500_.jpg" alt="Product Image"></a><p>445 PCS Vintage Scrapbook Paper Journaling Scrapbooking Supplies Kit Aesthetic Decorative Craft Paper include 40 Sheet Flowers Stickers for Planner, Bullet Journaling, Junk Journal, Retro Crafts</p><p> -16% 0FF </p><p>$10.07 ($10.07 / Count)</p><a href="https://www.amazon.com/dp/B09HBVBSMS?tag=eloabder-20&linkCode=osi&th=1&psc=1">View Product</a></div><div class="product"><a href="https://www.amazon.com/dp/B092CMPBPW?tag=eloabder-20&linkCode=osi&th=1&psc=1"><img src="https://m.media-amazon.com/images/I/41bjib63eGL._SL500_.jpg" alt="Product Image"></a><p>KTOJOY 100Pcs Jumbo Wooden Craft Sticks Popsicle Stick 6” Long x 3/4”Wide Treat Ice Pop for DIY Crafts，Home Art Projects, Classroom Supplies</p><p> -29% 0FF </p><p>$4.99</p><a href="https://www.amazon.com/dp/B092CMPBPW?tag=eloabder-20&linkCode=osi&th=1&psc=1">View Product</a></div><div class="product"><a href="https://www.amazon.com/dp/B01LWIYJH3?tag=eloabder-20&linkCode=osi&th=1&psc=1"><img src="https://m.media-amazon.com/images/I/51YUb9W2RZL._SL500_.jpg" alt="Product Image"></a><p>DECORA 500 Pieces 6mm -12mm Black Wiggle Googly Eyes with Self-Adhesive Backs for DIY Crafts Doll Making Sewing Supplies</p><p> -50% 0FF </p><p>$4.99</p><a href="https://www.amazon.com/dp/B01LWIYJH3?tag=eloabder-20&linkCode=osi&th=1&psc=1">View Product</a></div>
<div class="product"><a href="https://www.amazon.com/dp/B0BM4YBN63?tag=eloabder-20&linkCode=osi&th=1&psc=1"><img src="https://m.media-amazon.com/images/I/418RLJhy9mL._SL500_.jpg" alt="Product Image"></a><p>Best Choice Products Large Folding Sewing Table, Multipurpose Portable Craft Station & Side Desk w/Compact Design, Caster Wheels, Storage Shelves, 2 Storage Trays, Magnetic Doors - White</p><p> -24% 0FF </p><p>$144.98</p><a href="https://www.amazon.com/dp/B0BM4YBN63?tag=eloabder-20&linkCode=osi&th=1&psc=1">View Product</a></div><div class="product"><a href="https://www.amazon.com/dp/B0B96X3JT2?tag=eloabder-20&linkCode=osi&th=1&psc=1"><img src="https://m.media-amazon.com/images/I/31BtnYvgAuL._SL500_.jpg" alt="Product Image"></a><p>MELLCOM Height Adjustable Craft Table with Storage Shelves, Mobile Folding Cutting Table for Large Fabric, Foldable Table for Home Office Sewing Room Craft Room</p><p> -13% 0FF </p><p>$147.14</p><a href="https://www.amazon.com/dp/B0B96X3JT2?tag=eloabder-20&linkCode=osi&th=1&psc=1">View Product</a></div><div class="product"><a href="https://www.amazon.com/dp/B08GHGQP6T?tag=eloabder-20&linkCode=osi&th=1&psc=1"><img src="https://m.media-amazon.com/images/I/41vrF5yi4VL._SL500_.jpg" alt="Product Image"></a><p>Best Choice Products Folding Sewing Table Multipurpose Craft Station & Side Desk with Compact Design, Wheels, Shelves, Storage Trays, Pegs, Magnetic Doors, Metal Doorknobs - White</p><p> -8% 0FF </p><p>$109.99</p><a href="https://www.amazon.com/dp/B08GHGQP6T?tag=eloabder-20&linkCode=osi&th=1&psc=1">View Product</a></div><div class="product"><a href="https://www.amazon.com/dp/B0B6CNQQ5R?tag=eloabder-20&linkCode=osi&th=1&psc=1"><img src="https://m.media-amazon.com/images/I/41OGnJvFoBL._SL500_.jpg" alt="Product Image"></a><p>Giantex Craft Table with Storage, Artwork Sewing Table with 10 Large & Small Storage Compartments, 2 Sliding Drawer and 2 Shelves, 53inch Craft Drafting Writing Sewing Station Desk, White</p><p> -17% 0FF </p><p>$199.99</p><a href="https://www.amazon.com/dp/B0B6CNQQ5R?tag=eloabder-20&linkCode=osi&th=1&psc=1">View Product</a></div>
<div class="product"><a href="https://www.amazon.com/dp/B091FD53S7?tag=eloabder-20&linkCode=osi&th=1&psc=1"><img src="https://m.media-amazon.com/images/I/31tC6uNvagL._SL500_.jpg" alt="Product Image"></a><p>Craftzilla Colored Masking Tape - 11 Roll Multi-Pack, 825 Ft x 1 in Colorful Craft Tape – Vibrant Rainbow Colored Painters Tape – Great for Arts & Crafts, Labeling and Color-Coding</p><p> -23% 0FF </p><p>$21.44 ($1.95 / Count)</p><a href="https://www.amazon.com/dp/B091FD53S7?tag=eloabder-20&linkCode=osi&th=1&psc=1">View Product</a></div><div class="product"><a href="https://www.amazon.com/dp/B08L5PB8N6?tag=eloabder-20&linkCode=osi&th=1&psc=1"><img src="https://m.media-amazon.com/images/I/51GHDoUpNYL._SL500_.jpg" alt="Product Image"></a><p>Mr. Pen- Washi Tape Set, 21 Rolls, Decorative Cute Floral Washi Tape for Bible Journaling, Bullet Journal Supplies</p><p> -36% 0FF </p><p>$6.99</p><a href="https://www.amazon.com/dp/B08L5PB8N6?tag=eloabder-20&linkCode=osi&th=1&psc=1">View Product</a></div><div class="product"><a href="https://www.amazon.com/dp/B07G5TRF4R?tag=eloabder-20&linkCode=osi&th=1&psc=1"><img src="https://m.media-amazon.com/images/I/411vF809PnL._SL500_.jpg" alt="Product Image"></a><p>JONYEE Colored Masking Tape, Colored Painters Tape for Arts & Crafts, Labeling or Coding - Art Supplies for Kids - 6 Different Color Rolls - Masking Tape 1 Inch x 13 Yards (2.4cm X 12m)</p><p> -42% 0FF </p><p>$7.59 ($0.03 / Foot)</p><a href="https://www.amazon.com/dp/B07G5TRF4R?tag=eloabder-20&linkCode=osi&th=1&psc=1">View Product</a></div>
<div class="product"><a href="https://www.amazon.com/dp/B09XR1XBWG?tag=eloabder-20&linkCode=osi&th=1&psc=1"><img src="https://m.media-amazon.com/images/I/31h+RS-Nv6L._SL500_.jpg" alt="Product Image"></a><p>10PCS 7mil Blank Mylar Stencil Sheets,12X12 inch Milky Translucent PET Blank Stencils Sheets,Template Material for Cutting Machines, Laser Cutting, Food-Safe Craft Plastic</p><p> -11% 0FF </p><p>$7.99</p><a href="https://www.amazon.com/dp/B09XR1XBWG?tag=eloabder-20&linkCode=osi&th=1&psc=1">View Product</a></div><div class="product"><a href="https://www.amazon.com/dp/B08VF9WZ5V?tag=eloabder-20&linkCode=osi&th=1&psc=1"><img src="https://m.media-amazon.com/images/I/514BzvTuTAL._SL500_.jpg" alt="Product Image"></a><p>Boutique Calligraphy Stencil Template Kit - 45 Reusable Pieces Includes Lettering Upper and Lowercase both Large Small, Numbers, Punctuation, Laurels Flowers For Arts Crafts Painting Wood</p><p> -23% 0FF </p><p>$22.99</p><a href="https://www.amazon.com/dp/B08VF9WZ5V?tag=eloabder-20&linkCode=osi&th=1&psc=1">View Product</a></div><div class="product"><a href="https://www.amazon.com/dp/B0BYCQ7L8Y?tag=eloabder-20&linkCode=osi&th=1&psc=1"><img src="https://m.media-amazon.com/images/I/41ZW6Pj+rUL._SL500_.jpg" alt="Product Image"></a><p>Tamaki Circle Template Circle Round Stencil Templates for Drafting for Office and School Building Formwork Drawings Templates, Large and Small Size, 3 Pack</p><p> -22% 0FF </p><p>$6.99</p><a href="https://www.amazon.com/dp/B0BYCQ7L8Y?tag=eloabder-20&linkCode=osi&th=1&psc=1">View Product</a></div>
<div class="product"><a href="https://www.amazon.com/dp/B001AH5EXK?tag=eloabder-20&linkCode=osi&th=1&psc=1"><img src="https://m.media-amazon.com/images/I/417030sMkFL._SL500_.jpg" alt="Product Image"></a><p>Surebonder Cordless Hot Glue Gun, High Temperature, Full Size, 60W, 50% More Power - Sturdily Bonds Metal, Wood, Ceramics, Leather & Other Strong Materials (Specialty Series CL-800F)</p><p> -46% 0FF </p><p>$12.40</p><a href="https://www.amazon.com/dp/B001AH5EXK?tag=eloabder-20&linkCode=osi&th=1&psc=1">View Product</a></div><div class="product"><a href="https://www.amazon.com/dp/B08H528HCX?tag=eloabder-20&linkCode=osi&th=1&psc=1"><img src="https://m.media-amazon.com/images/I/51DP2NKuq1L._SL500_.jpg" alt="Product Image"></a><p>Jewelry Pliers, Acejoz 6pcs Jewelry Making Tools Kit Includs Needle Round Nose Pliers, Wire Cutters, Crimping Pliers, Bent Nose Pliers, End Nippers for Beading Craft</p><p> -6% 0FF </p><p>$16.99</p><a href="https://www.amazon.com/dp/B08H528HCX?tag=eloabder-20&linkCode=osi&th=1&psc=1">View Product</a></div>

<div class="product"><a href="https://www.amazon.com/dp/B0BLV5S1HV?tag=eloabder-20&linkCode=osi&th=1&psc=1"><img src="https://m.media-amazon.com/images/I/51fXn6Tp3wL._SL500_.jpg" alt="Product Image"></a><p>30 Pack Basswood Sheets 12"x12"x1/8", 3mm Basswood for Laser Cutting, Thin Plywood Board Unfinished Wood for Crafts, DIY Architectural Models Making, Wood Engraving, Wood Burning Product.</p><p> -18% 0FF </p><p>$32.89</p><a href="https://www.amazon.com/dp/B0BLV5S1HV?tag=eloabder-20&linkCode=osi&th=1&psc=1">View Product</a></div><div class="product"><a href="https://www.amazon.com/dp/B083TT4XVN?tag=eloabder-20&linkCode=osi&th=1&psc=1"><img src="https://m.media-amazon.com/images/I/41QMxzlQglL._SL500_.jpg" alt="Product Image"></a><p>6" Jumbo Wood Craft Sticks - Pack of 1,000</p><p> -8% 0FF </p><p>$15.61 ($0.02 / Count)</p><a href="https://www.amazon.com/dp/B083TT4XVN?tag=eloabder-20&linkCode=osi&th=1&psc=1">View Product</a></div>
<div class="product"><a href="https://www.amazon.com/dp/B08QZ69GJM?tag=eloabder-20&linkCode=osi&th=1&psc=1"><img src="https://m.media-amazon.com/images/I/51zjX4hictL._SL500_.jpg" alt="Product Image"></a><p>Polymer Clay 50 Colors, Modeling Clay for Kids DIY Starter Kits, Oven Baked Model Clay, Non-Sticky Molding Clay with Sculpting Tools, Gift for Children and Artists (50 Colors A)</p><p> -27% 0FF </p><p>$21.99</p><a href="https://www.amazon.com/dp/B08QZ69GJM?tag=eloabder-20&linkCode=osi&th=1&psc=1">View Product</a></div><div class="product"><a href="https://www.amazon.com/dp/B093P5QK9B?tag=eloabder-20&linkCode=osi&th=1&psc=1"><img src="https://m.media-amazon.com/images/I/51N0pYvtv-L._SL500_.jpg" alt="Product Image"></a><p>FlyFlag Air Dry Clay Kit - 36 Colors, Soft & Ultra Light, Modeling Clay for Kids with Accessories, Tools and Tutorials</p><p> -29% 0FF </p><p>$16.98</p><a href="https://www.amazon.com/dp/B093P5QK9B?tag=eloabder-20&linkCode=osi&th=1&psc=1">View Product</a></div><div class="product"><a href="https://www.amazon.com/dp/B0CRD3HNHT?tag=eloabder-20&linkCode=osi&th=1&psc=1"><img src="https://m.media-amazon.com/images/I/51THopNyk-L._SL500_.jpg" alt="Product Image"></a><p>CiaraQ Polymer Clay 51 Colors, Modeling Clay for Kids, Oven Bake Clay with Sculpting Tools, Non Toxic, Ideal for Sculpture, Crafting, DIY Projects. (Assorted Colors, 0.7oz/Colors)</p><p> -44% 0FF </p><p>$16.79</p><a href="https://www.amazon.com/dp/B0CRD3HNHT?tag=eloabder-20&linkCode=osi&th=1&psc=1">View Product</a></div>
<div class="product"><a href="https://www.amazon.com/dp/B07ZGFK411?tag=eloabder-20&linkCode=osi&th=1&psc=1"><img src="https://m.media-amazon.com/images/I/41e3h9sXdtL._SL500_.jpg" alt="Product Image"></a><p>Shynek Jewelry Pliers, 3pcs, Tools with Needle/Chain Nose Pliers, Round Nose Pliers and Wire Cutter for Jewelry Repair, Wire Wrapping, Crafts, Jewelry Making Supplies</p><p> -11% 0FF </p><p>$7.99</p><a href="https://www.amazon.com/dp/B07ZGFK411?tag=eloabder-20&linkCode=osi&th=1&psc=1">View Product</a></div><div class="product"><a href="https://www.amazon.com/dp/B0B8QBVXXR?tag=eloabder-20&linkCode=osi&th=1&psc=1"><img src="https://m.media-amazon.com/images/I/31SXtqvQA8L._SL500_.jpg" alt="Product Image"></a><p>WORKPRO Jewelry Pliers Set, 3 Pack Jewelry Making Tool Kit Includes Mini Needle Nose Pliers/Chain Nose Pliers, Round Nose Pliers and Wire Cutter for Jewelry Repair, DIY Crafts, Jewelry Making Supplies</p><p> -31% 0FF </p><p>$8.99</p><a href="https://www.amazon.com/dp/B0B8QBVXXR?tag=eloabder-20&linkCode=osi&th=1&psc=1">View Product</a></div><div class="product"><a href="https://www.amazon.com/dp/B0CYPCD5KS?tag=eloabder-20&linkCode=osi&th=1&psc=1"><img src="https://m.media-amazon.com/images/I/41ojIhg30DL._SL500_.jpg" alt="Product Image"></a><p>4 Pack Jewelry Making Pliers Tools Set, Jewelry Pliers with Needle Nose Pliers, Round Nose Pliers, Bent Nose Pliers, Wire Jewelry Pliers for Jewelry Craft Making Repair Supplies</p><p> -11% 0FF </p><p>$7.88</p><a href="https://www.amazon.com/dp/B0CYPCD5KS?tag=eloabder-20&linkCode=osi&th=1&psc=1">View Product</a></div>
<div class="product"><a href="https://www.amazon.com/dp/B08NY4HWVH?tag=eloabder-20&linkCode=osi&th=1&psc=1"><img src="https://m.media-amazon.com/images/I/41qHSFWo+AL._SL500_.jpg" alt="Product Image"></a><p>Fansunta 100pcs 15.7x0.35 Inch Strong Natural Bamboo Sticks, Wooden Craft Sticks, Extra Long Sticks, Wood Strips for Craft Projects</p><p> -13% 0FF </p><p>$11.99</p><a href="https://www.amazon.com/dp/B08NY4HWVH?tag=eloabder-20&linkCode=osi&th=1&psc=1">View Product</a></div><div class="product"><a href="https://www.amazon.com/dp/B00W68CVEW?tag=eloabder-20&linkCode=osi&th=1&psc=1"><img src="https://m.media-amazon.com/images/I/41EtWBlJWXL._SL500_.jpg" alt="Product Image"></a><p>KOLE IMPORTS Skinny Natural Wood Craft Sticks</p><p> -12% 0FF </p><p>$4.38</p><a href="https://www.amazon.com/dp/B00W68CVEW?tag=eloabder-20&linkCode=osi&th=1&psc=1">View Product</a></div><div class="product"><a href="https://www.amazon.com/dp/B08XQQ69WD?tag=eloabder-20&linkCode=osi&th=1&psc=1"><img src="https://m.media-amazon.com/images/I/51yd67LjFaS._SL500_.jpg" alt="Product Image"></a><p>HOPELF 25PCS Dowel Rods Wood Sticks Wooden Dowel Rods - 1/4 x 12 Inch Bamboo Sticks - for Crafts，Hardwood Dowel Rod Assortment，Wooden Rod Sticks Doweling Rods， Cake Dowels and DIYers.</p><p> -9% 0FF </p><p>$4.99</p><a href="https://www.amazon.com/dp/B08XQQ69WD?tag=eloabder-20&linkCode=osi&th=1&psc=1">View Product</a></div><div class="product"><a href="https://www.amazon.com/dp/B081R25K4S?tag=eloabder-20&linkCode=osi&th=1&psc=1"><img src="https://m.media-amazon.com/images/I/41vxFW4BIvL._SL500_.jpg" alt="Product Image"></a><p>Perfect Stix - PS-114st-1,000 4.5" Craft Sticks/ Ice Cream Sticks/ Natural Wood - Box of 1,000ct</p><p> -6% 0FF </p><p>$13.15</p><a href="https://www.amazon.com/dp/B081R25K4S?tag=eloabder-20&linkCode=osi&th=1&psc=1">View Product</a></div><div class="product"><a href="https://www.amazon.com/dp/B0BLYTVS2T?tag=eloabder-20&linkCode=osi&th=1&psc=1"><img src="https://m.media-amazon.com/images/I/51+kkj4MnOL._SL500_.jpg" alt="Product Image"></a><p>150 Pcs Dowel Rods, 1/8 x 12 Inch Wooden Dowels Craft Wood Sticks Unfinished Natural Bamboo Sticks for Flower Bouquet Crafts and DIYers</p><p> -11% 0FF </p><p>$7.99</p><a href="https://www.amazon.com/dp/B0BLYTVS2T?tag=eloabder-20&linkCode=osi&th=1&psc=1">View Product</a></div>

<div class="product"><a href="https://www.amazon.com/dp/B09QXCP828?tag=eloabder-20&linkCode=osi&th=1&psc=1"><img src="https://m.media-amazon.com/images/I/61SVk6IlsmL._SL500_.jpg" alt="Product Image"></a><p>66 Pcs Small Stencils for Painting on Wood 3 Inch Reusable Fall Stencils Flower Animal Deer Bear Butterfly Bird Mountain Themed DIY Craft Template Paint Stencils for Wall Home Decor</p><p> -17% 0FF </p><p>$9.99</p><a href="https://www.amazon.com/dp/B09QXCP828?tag=eloabder-20&linkCode=osi&th=1&psc=1">View Product</a></div>
<div class="product"><a href="https://www.amazon.com/dp/B0019NBZQK?tag=eloabder-20&linkCode=osi&th=1&psc=1"><img src="https://m.media-amazon.com/images/I/41+u+qzqb3L._SL500_.jpg" alt="Product Image"></a><p>Excel Blades 44283 Craftsman Hobby Knife Set, Precision Cutting Tool Set, Craft Knife Set Includes Assortment of Light Duty to Heavy Duty Handles and 13 Blades</p><p> -16% 0FF </p><p>$23.37</p><a href="https://www.amazon.com/dp/B0019NBZQK?tag=eloabder-20&linkCode=osi&th=1&psc=1">View Product</a></div>
<div class="product"><a href="https://www.amazon.com/dp/B00FX9G28C?tag=eloabder-20&linkCode=osi&th=1&psc=1"><img src="https://m.media-amazon.com/images/I/41kEiPT3HRL._SL500_.jpg" alt="Product Image"></a><p>Crayola Classic Color Pack Crayons, 24 Count, (Pack of 4)</p><p> -31% 0FF </p><p>$6.36</p><a href="https://www.amazon.com/dp/B00FX9G28C?tag=eloabder-20&linkCode=osi&th=1&psc=1">View Product</a></div><div class="product"><a href="https://www.amazon.com/dp/B002OF2C50?tag=eloabder-20&linkCode=osi&th=1&psc=1"><img src="https://m.media-amazon.com/images/I/51Z+wK6C2VL._SL500_.jpg" alt="Product Image"></a><p>Crayola Crayons 8 in a Box (Pack of 12) 96 Crayons Total</p><p> -34% 0FF </p><p>$14.41</p><a href="https://www.amazon.com/dp/B002OF2C50?tag=eloabder-20&linkCode=osi&th=1&psc=1">View Product</a></div><div class="product"><a href="https://www.amazon.com/dp/B06XDJJ6D1?tag=eloabder-20&linkCode=osi&th=1&psc=1"><img src="https://m.media-amazon.com/images/I/516tOQjdgIL._SL500_.jpg" alt="Product Image"></a><p>Color Swell Bulk Crayon Packs - 36 Boxes of 24 Vibrant Colored Durable Bulk Crayons of Teacher Quality for Classroom and Home</p><p> -13% 0FF </p><p>$35.75</p><a href="https://www.amazon.com/dp/B06XDJJ6D1?tag=eloabder-20&linkCode=osi&th=1&psc=1">View Product</a></div>
<div class="product"><a href="https://www.amazon.com/dp/B07JPL5NYX?tag=eloabder-20&linkCode=osi&th=1&psc=1"><img src="https://m.media-amazon.com/images/I/31B4rKplkML._SL500_.jpg" alt="Product Image"></a><p>Similane 6 Pieces Aida Cloth 14 Count Cross Stitch Fabric, White, 12 by 18-Inch</p><p> -20% 0FF </p><p>$7.99 ($1.33 / Count)</p><a href="https://www.amazon.com/dp/B07JPL5NYX?tag=eloabder-20&linkCode=osi&th=1&psc=1">View Product</a></div><div class="product"><a href="https://www.amazon.com/dp/B002PNZJWO?tag=eloabder-20&linkCode=osi&th=1&psc=1"><img src="https://m.media-amazon.com/images/I/21LQQ7uAHaL._SL500_.jpg" alt="Product Image"></a><p>DMC TC8836-6750 Silver Label Aida Count with Soft Tube, White, 15 by 18-Inch, 18-Pack</p><p> -9% 0FF </p><p>$6.22</p><a href="https://www.amazon.com/dp/B002PNZJWO?tag=eloabder-20&linkCode=osi&th=1&psc=1">View Product</a></div>
<div class="product"><a href="https://www.amazon.com/dp/B0747JY5Q2?tag=eloabder-20&linkCode=osi&th=1&psc=1"><img src="https://m.media-amazon.com/images/I/61lazF8OahL._SL500_.jpg" alt="Product Image"></a><p>Paxcoo 124 Skeins Embroidery Floss Cross Stitch Thread with Needles</p><p> -38% 0FF </p><p>$9.99 ($0.00 / Foot)</p><a href="https://www.amazon.com/dp/B0747JY5Q2?tag=eloabder-20&linkCode=osi&th=1&psc=1">View Product</a></div><div class="product"><a href="https://www.amazon.com/dp/B0CCY9RYWJ?tag=eloabder-20&linkCode=osi&th=1&psc=1"><img src="https://m.media-amazon.com/images/I/51cdtuPMMzL._SL500_.jpg" alt="Product Image"></a><p>Sukh 100 Colour Embroidery Thread - Rainbow Embroidery Floss Bulk Hand Embroidery Thread Variegated Embroidery Floss Cross Stitch Thread Crewel Embroidery Floss for DIY Sewing Embroidery Crafts Making</p><p> -30% 0FF </p><p>$6.99 ($6.99 / Foot)</p><a href="https://www.amazon.com/dp/B0CCY9RYWJ?tag=eloabder-20&linkCode=osi&th=1&psc=1">View Product</a></div><div class="product"><a href="https://www.amazon.com/dp/B07TF4W6FW?tag=eloabder-20&linkCode=osi&th=1&psc=1"><img src="https://m.media-amazon.com/images/I/6185yuapSeS._SL500_.jpg" alt="Product Image"></a><p>LOVIMAG Premium Rainbow Color Embroidery Floss 140 Skeins Per Pack with Cotton for Cross Stitch Threads, Bracelet Yarn, Craft Floss, Aroic Embroidery Floss Set</p><p> -17% 0FF </p><p>$9.99</p><a href="https://www.amazon.com/dp/B07TF4W6FW?tag=eloabder-20&linkCode=osi&th=1&psc=1">View Product</a></div><div class="product"><a href="https://www.amazon.com/dp/B07VCK2L9J?tag=eloabder-20&linkCode=osi&th=1&psc=1"><img src="https://m.media-amazon.com/images/I/31Xrh3bNBML._SL500_.jpg" alt="Product Image"></a><p>Embroidery Floss Bobbins, 128 Pcs Embroidery Floss Organizer, Plastic Embroidery Thread Cards for Cross Stitch Thread Holder Sewing Storage(White)</p><p> -45% 0FF </p><p>$5.99 ($0.05 / Count)</p><a href="https://www.amazon.com/dp/B07VCK2L9J?tag=eloabder-20&linkCode=osi&th=1&psc=1">View Product</a></div>
<div class="product"><a href="https://www.amazon.com/dp/B07HCGVVTM?tag=eloabder-20&linkCode=osi&th=1&psc=1"><img src="https://m.media-amazon.com/images/I/51fHLo2KTbL._SL500_.jpg" alt="Product Image"></a><p>Caydo 6 Pieces Embroidery Hoop Set Circle Cross Stitch Hoop Ring 4 inch to 10 inch for Embroidery and Cross Stitch</p><p> -11% 0FF </p><p>$7.99</p><a href="https://www.amazon.com/dp/B07HCGVVTM?tag=eloabder-20&linkCode=osi&th=1&psc=1">View Product</a></div><div class="product"><a href="https://www.amazon.com/dp/B07TXQH7M2?tag=eloabder-20&linkCode=osi&th=1&psc=1"><img src="https://m.media-amazon.com/images/I/517d5A8-q8L._SL500_.jpg" alt="Product Image"></a><p>Caydo 6 Pieces Embroidery Hoops and 15 Needles, Plastic Circle Cross Stitch Hoop Ring Embroidery Circle Set, 3.4 inch to 10.4 inch (Multicolor)</p><p> -20% 0FF </p><p>$7.99</p><a href="https://www.amazon.com/dp/B07TXQH7M2?tag=eloabder-20&linkCode=osi&th=1&psc=1">View Product</a></div>
<div class="product"><a href="https://www.amazon.com/dp/B08JQ47WV1?tag=eloabder-20&linkCode=osi&th=1&psc=1"><img src="https://m.media-amazon.com/images/I/519CRDDfB4L._SL500_.jpg" alt="Product Image"></a><p>Uphome 3 Pack Embroidery Starter Kit for Beginners Stamped Cross Stitch Kits with Cute Flowers and Plants Patterns with 1 Embroidery Hoop and Color Threads for Adults Kids</p><p> -6% 0FF </p><p>$14.99</p><a href="https://www.amazon.com/dp/B08JQ47WV1?tag=eloabder-20&linkCode=osi&th=1&psc=1">View Product</a></div><div class="product"><a href="https://www.amazon.com/dp/B09F9YBHRN?tag=eloabder-20&linkCode=osi&th=1&psc=1"><img src="https://m.media-amazon.com/images/I/51tXfPB7qyL._SL500_.jpg" alt="Product Image"></a><p>Cross Stitch Kits for Beginners (Flower Theme - 6.75 Inch - 4 Pack 1 x Embroidery Hoop) DIY Embroidery Needlepoint Patterns for Adults, Includes Poppy, Rose, Sunflower and Pansy. Complete Set Included</p><p> -10% 0FF </p><p>$8.99</p><a href="https://www.amazon.com/dp/B09F9YBHRN?tag=eloabder-20&linkCode=osi&th=1&psc=1">View Product</a></div><div class="product"><a href="https://www.amazon.com/dp/B0BK1X8CNZ?tag=eloabder-20&linkCode=osi&th=1&psc=1"><img src="https://m.media-amazon.com/images/I/51gdjGEDDZL._SL500_.jpg" alt="Product Image"></a><p>Dimensions Nighttime Camping Adventure Cross Stitch Kit for Beginners, 5" x 7", 14 Cnt. Navy Aida, 4pcs</p><p> -18% 0FF </p><p>$9.82</p><a href="https://www.amazon.com/dp/B0BK1X8CNZ?tag=eloabder-20&linkCode=osi&th=1&psc=1">View Product</a></div><div class="product"><a href="https://www.amazon.com/dp/B005IDB6ZM?tag=eloabder-20&linkCode=osi&th=1&psc=1"><img src="https://m.media-amazon.com/images/I/61C0cz-Z29L._SL500_.jpg" alt="Product Image"></a><p>Janlynn 50222 Counted Cross Stitch Kit 7.75"X11.25", Joy in The Journey (14 Count), Blue</p><p> -7% 0FF </p><p>$15.83</p><a href="https://www.amazon.com/dp/B005IDB6ZM?tag=eloabder-20&linkCode=osi&th=1&psc=1">View Product</a></div>
<div class="product"><a href="https://www.amazon.com/dp/B004QRUNIW?tag=eloabder-20&linkCode=osi&th=1&psc=1"><img src="https://m.media-amazon.com/images/I/41pq4l1iyqL._SL500_.jpg" alt="Product Image"></a><p>DMC Size 24 Cross Stitch Needles</p><p> -11% 0FF </p><p>$4.63</p><a href="https://www.amazon.com/dp/B004QRUNIW?tag=eloabder-20&linkCode=osi&th=1&psc=1">View Product</a></div><div class="product"><a href="https://www.amazon.com/dp/B000XZTOOA?tag=eloabder-20&linkCode=osi&th=1&psc=1"><img src="https://m.media-amazon.com/images/I/313-rt10fSS._SL500_.jpg" alt="Product Image"></a><p>DMC 1767-24 Tapestry Hand Needles, 6-Pack, Size 24</p><p> -87% 0FF </p><p>$1.15</p><a href="https://www.amazon.com/dp/B000XZTOOA?tag=eloabder-20&linkCode=osi&th=1&psc=1">View Product</a></div><div class="product"><a href="https://www.amazon.com/dp/B081B5W2M4?tag=eloabder-20&linkCode=osi&th=1&psc=1"><img src="https://m.media-amazon.com/images/I/41b8dWe+4IL._SL500_.jpg" alt="Product Image"></a><p>DMC 3 Pack Size 22-24-26 (One Pack Each)-Cross Stitch Needles - Total 18 Needles - New Package</p><p> -14% 0FF </p><p>$8.00</p><a href="https://www.amazon.com/dp/B081B5W2M4?tag=eloabder-20&linkCode=osi&th=1&psc=1">View Product</a></div><div class="product"><a href="https://www.amazon.com/dp/B07D23QZP6?tag=eloabder-20&linkCode=osi&th=1&psc=1"><img src="https://m.media-amazon.com/images/I/41-e-zzpwJL._SL500_.jpg" alt="Product Image"></a><p>3 Pack DMC Size 26 Cross Stitch Needles (Total 18 Needles) - New Package</p><p> -8% 0FF </p><p>$6.80</p><a href="https://www.amazon.com/dp/B07D23QZP6?tag=eloabder-20&linkCode=osi&th=1&psc=1">View Product</a></div>
<div class="product"><a href="https://www.amazon.com/dp/B00FRH24AK?tag=eloabder-20&linkCode=osi&th=1&psc=1"><img src="https://m.media-amazon.com/images/I/413pdt9daNL._SL500_.jpg" alt="Product Image"></a><p>Dimensions Mason Jar Counted Cross Stitch Kit, 14 Count White Aida, 18'' x 7''.</p><p> -48% 0FF </p><p>$17.63</p><a href="https://www.amazon.com/dp/B00FRH24AK?tag=eloabder-20&linkCode=osi&th=1&psc=1">View Product</a></div><div class="product"><a href="https://www.amazon.com/dp/B005IDB37I?tag=eloabder-20&linkCode=osi&th=1&psc=1"><img src="https://m.media-amazon.com/images/I/51tVdGtvvQL._SL500_.jpg" alt="Product Image"></a><p>Janlynn Counted Cross Stitch Kit, The Lord's Prayer, Blue, By the yard</p><p> -29% 0FF </p><p>$10.00</p><a href="https://www.amazon.com/dp/B005IDB37I?tag=eloabder-20&linkCode=osi&th=1&psc=1">View Product</a></div>
<div class="product"><a href="https://www.amazon.com/dp/B0C65K1RLJ?tag=eloabder-20&linkCode=osi&th=1&psc=1"><img src="https://m.media-amazon.com/images/I/61Rq55Q-b-L._SL500_.jpg" alt="Product Image"></a><p>ATDAWN Rainbow Color Embroidery, Cross Stitch Threads, Bracelets, Crafts Floss, 50 Count</p><p> -17% 0FF </p><p>$4.99</p><a href="https://www.amazon.com/dp/B0C65K1RLJ?tag=eloabder-20&linkCode=osi&th=1&psc=1">View Product</a></div>
<div class="product"><a href="https://www.amazon.com/dp/B000YZASYO?tag=eloabder-20&linkCode=osi&th=1&psc=1"><img src="https://m.media-amazon.com/images/I/41Qm59P+WnL._SL500_.jpg" alt="Product Image"></a><p>Fiskars Self Healing Cutting Mat with Grid for Sewing, Quilting, and Crafts - 24" x 36” Grid - Gray</p><p> -50% 0FF </p><p>$32.46</p><a href="https://www.amazon.com/dp/B000YZASYO?tag=eloabder-20&linkCode=osi&th=1&psc=1">View Product</a></div><div class="product"><a href="https://www.amazon.com/dp/B0BB27B3FB?tag=eloabder-20&linkCode=osi&th=1&psc=1"><img src="https://m.media-amazon.com/images/I/31URROrDo1L._SL500_.jpg" alt="Product Image"></a><p>Paper Cutter, Paper Trimmer with Safety Guard, 12" Cut Length Paper Slicer with 16 Sheet Capacity Paper Cutting Board,Guillotine Paper Cutters and Trimmers for Cardstock Cardboard Vinyl (Gray)</p><p> -27% 0FF </p><p>$18.99</p><a href="https://www.amazon.com/dp/B0BB27B3FB?tag=eloabder-20&linkCode=osi&th=1&psc=1">View Product</a></div><div class="product"><a href="https://www.amazon.com/dp/B08DHMBSKB?tag=eloabder-20&linkCode=osi&th=1&psc=1"><img src="https://m.media-amazon.com/images/I/51UuiPNgxYL._SL500_.jpg" alt="Product Image"></a><p>Headley Tools 18"x12" Thickened Self Healing Cutting Mat, A3 Rotary Cutting Sewing Mat for Crafts, Double Sided 5-Ply Table Cutting Board for Fabric Quilting Art Hobby Project, Pink/Purple</p><p> -41% 0FF </p><p>$9.98</p><a href="https://www.amazon.com/dp/B08DHMBSKB?tag=eloabder-20&linkCode=osi&th=1&psc=1">View Product</a></div>

<div class="product"><a href="https://www.amazon.com/dp/B09YY3SVKS?tag=eloabder-20&linkCode=osi&th=1&psc=1"><img src="https://m.media-amazon.com/images/I/41f730BkCAL._SL500_.jpg" alt="Product Image"></a><p>Oythiem Knife Pen Craft Cutting Tools - Precision Paper Cutter Pen with Refillable Tungsten Steel Cutter Head Refill, 6 PACK</p><p> -13% 0FF </p><p>$6.99 ($1.16 / Count)</p><a href="https://www.amazon.com/dp/B09YY3SVKS?tag=eloabder-20&linkCode=osi&th=1&psc=1">View Product</a></div><div class="product"><a href="https://www.amazon.com/dp/B07QQBCBBL?tag=eloabder-20&linkCode=osi&th=1&psc=1"><img src="https://m.media-amazon.com/images/I/51jpKBKj85L._SL500_.jpg" alt="Product Image"></a><p>Anezus Craft Knife Precision Cutter and Self Healing Cutting Craft Mat Hobby Knife Set with 30 PCS Knife for Art Hobby Craft Scrapbooking Stencil</p><p> -47% 0FF </p><p>$8.99 ($0.28 / Count)</p><a href="https://www.amazon.com/dp/B07QQBCBBL?tag=eloabder-20&linkCode=osi&th=1&psc=1">View Product</a></div><div class="product"><a href="https://www.amazon.com/dp/B0B8J1LQY5?tag=eloabder-20&linkCode=osi&th=1&psc=1"><img src="https://m.media-amazon.com/images/I/41gjtckliVL._SL500_.jpg" alt="Product Image"></a><p>SnapFresh Cordless Electric Scissors, 4V Electric Mini Cutter, Carpet & Cardboard Cutter Tool with a Replacement Blade/Charger, Rotary Cutter for Cardboard Packages Leather Plastic （Green）</p><p> -28% 0FF </p><p>$35.99</p><a href="https://www.amazon.com/dp/B0B8J1LQY5?tag=eloabder-20&linkCode=osi&th=1&psc=1">View Product</a></div>
<div class="product"><a href="https://www.amazon.com/dp/B007UT6BDE?tag=eloabder-20&linkCode=osi&th=1&psc=1"><img src="https://m.media-amazon.com/images/I/618FCl1rVUL._SL500_.jpg" alt="Product Image"></a><p>Roylco Decorative Hues Paper, 8-1/2 X 5-1/2 in, Pack of 192 - 1435530</p><p> -12% 0FF </p><p>$19.99 ($0.10 / Count)</p><a href="https://www.amazon.com/dp/B007UT6BDE?tag=eloabder-20&linkCode=osi&th=1&psc=1">View Product</a></div><div class="product"><a href="https://www.amazon.com/dp/B0B4WM4T2V?tag=eloabder-20&linkCode=osi&th=1&psc=1"><img src="https://m.media-amazon.com/images/I/41PvWu7mXhL._SL500_.jpg" alt="Product Image"></a><p>Outuxed 400 Sheets Tissue Paper Bulk for Gift Bags, 40 Multicolor Tissue Paper for Gift Wrapping, 11.5” x 8” Rainbow Tissue Paper for Decorative Art Crafts Festival Decorations DIY Flower Pom Pom</p><p> -30% 0FF </p><p>$6.99 ($0.02 / Count)</p><a href="https://www.amazon.com/dp/B0B4WM4T2V?tag=eloabder-20&linkCode=osi&th=1&psc=1">View Product</a></div>
<div class="product"><a href="https://www.amazon.com/dp/B00B7E0JGS?tag=eloabder-20&linkCode=osi&th=1&psc=1"><img src="https://m.media-amazon.com/images/I/31XF-LedlPL._SL500_.jpg" alt="Product Image"></a><p>EK Success Tools Edge Punch, Large, Diamond Flowers</p><p> -8% 0FF </p><p>$16.99</p><a href="https://www.amazon.com/dp/B00B7E0JGS?tag=eloabder-20&linkCode=osi&th=1&psc=1">View Product</a></div><div class="product"><a href="https://www.amazon.com/dp/B09H6VJJHX?tag=eloabder-20&linkCode=osi&th=1&psc=1"><img src="https://m.media-amazon.com/images/I/41RFYDqpw8L._SL500_.jpg" alt="Product Image"></a><p>2 Pieces Heart and Star Handheld Hole Paper Punch Metal Single Hole Paper Punch Punchers with Soft-Handled Tags for Clothing Ticket DIY Craft Tags Scrapbook Tool, 1/4 inch</p><p> -9% 0FF </p><p>$9.99</p><a href="https://www.amazon.com/dp/B09H6VJJHX?tag=eloabder-20&linkCode=osi&th=1&psc=1">View Product</a></div><div class="product"><a href="https://www.amazon.com/dp/B0BCVKG3PM?tag=eloabder-20&linkCode=osi&th=1&psc=1"><img src="https://m.media-amazon.com/images/I/411GAS9weBL._SL500_.jpg" alt="Product Image"></a><p>MIAO JIN 2PCS Craft Punch Hemming Punch Big Tool Edge Paper Punch Hand Scrapbooking Edge Punch Fancy Border Punch Fancy Hole Punch DIY Art scrapbooks, Gift Cards, Wedding Cards, Decorations</p><p> -6% 0FF </p><p>$16.99</p><a href="https://www.amazon.com/dp/B0BCVKG3PM?tag=eloabder-20&linkCode=osi&th=1&psc=1">View Product</a></div>
<div class="product"><a href="https://www.amazon.com/dp/B06ZZ5K124?tag=eloabder-20&linkCode=osi&th=1&psc=1"><img src="https://m.media-amazon.com/images/I/61XFkBFxYXL._SL500_.jpg" alt="Product Image"></a><p>Agutape 30 Rolls Washi Masking Tape Set,Decorative Craft Tape Collection for DIY and Gift Wrapping with Colorful Designs and Patterns</p><p> -22% 0FF </p><p>$6.99 ($0.02 / Foot)</p><a href="https://www.amazon.com/dp/B06ZZ5K124?tag=eloabder-20&linkCode=osi&th=1&psc=1">View Product</a></div>
<div class="product"><a href="https://www.amazon.com/dp/B00R50G1I8?tag=eloabder-20&linkCode=osi&th=1&psc=1"><img src="https://m.media-amazon.com/images/I/31XgMDb7tOL._SL500_.jpg" alt="Product Image"></a><p>Sizzix 660200 Big Shot Manual Die, 6 Inches</p><p> -31% 0FF </p><p>$94.78</p><a href="https://www.amazon.com/dp/B00R50G1I8?tag=eloabder-20&linkCode=osi&th=1&psc=1">View Product</a></div><div class="product"><a href="https://www.amazon.com/dp/B0746FQR66?tag=eloabder-20&linkCode=osi&th=1&psc=1"><img src="https://m.media-amazon.com/images/I/41cvyr3S4bL._SL500_.jpg" alt="Product Image"></a><p>Sizzix Sidekick Starter Kit 661770 Portable Manual Die Cutting & Embossing Machine for Arts & Crafts, Scrapbooking & Cardmaking, 6.35 cm Opening, 2.5" Opening, White</p><p> -36% 0FF </p><p>$36.96</p><a href="https://www.amazon.com/dp/B0746FQR66?tag=eloabder-20&linkCode=osi&th=1&psc=1">View Product</a></div><div class="product"><a href="https://www.amazon.com/dp/B084PWDN97?tag=eloabder-20&linkCode=osi&th=1&psc=1"><img src="https://m.media-amazon.com/images/I/31oXNnohDrL._SL500_.jpg" alt="Product Image"></a><p>Sizzix Big Shot Switch Plus Starter Kit (White), Electric Die Cutting & Embossing Machine For Arts & Crafts, Card Making, Scrapbooking & Papercraft (9-inch Opening)</p><p> -27% 0FF </p><p>$238.55</p><a href="https://www.amazon.com/dp/B084PWDN97?tag=eloabder-20&linkCode=osi&th=1&psc=1">View Product</a></div><div class="product"><a href="https://www.amazon.com/dp/B0B1DJF6C1?tag=eloabder-20&linkCode=osi&th=1&psc=1"><img src="https://m.media-amazon.com/images/I/413RKYc57PL._SL500_.jpg" alt="Product Image"></a><p>Mini Die Cutting and Embossing Machine for DIY Crafts 3.5" Feed Slot for 3" Paper and Other Materials</p><p> -15% 0FF </p><p>$34.19</p><a href="https://www.amazon.com/dp/B0B1DJF6C1?tag=eloabder-20&linkCode=osi&th=1&psc=1">View Product</a></div><div class="product"><a href="https://www.amazon.com/dp/B07YB8XV3Z?tag=eloabder-20&linkCode=osi&th=1&psc=1"><img src="https://m.media-amazon.com/images/I/31ijkd8Lb7L._SL500_.jpg" alt="Product Image"></a><p>Crafter's Companion - Gemini - Mini Manual Die Cutting and Embossing Machine, White</p><p> -29% 0FF </p><p>$31.75</p><a href="https://www.amazon.com/dp/B07YB8XV3Z?tag=eloabder-20&linkCode=osi&th=1&psc=1">View Product</a></div>
<div class="product"><a href="https://www.amazon.com/dp/B07KGH6VVB?tag=eloabder-20&linkCode=osi&th=1&psc=1"><img src="https://m.media-amazon.com/images/I/61UMbNlb4ML._SL500_.jpg" alt="Product Image"></a><p>Cutting Dies Stencil Triangle Square Rectangle Round Ellipse Metal Mould for DIY Scrapbook Album Paper Card</p><p> -10% 0FF </p><p>$14.39</p><a href="https://www.amazon.com/dp/B07KGH6VVB?tag=eloabder-20&linkCode=osi&th=1&psc=1">View Product</a></div><div class="product"><a href="https://www.amazon.com/dp/B0CYLGRC6H?tag=eloabder-20&linkCode=osi&th=1&psc=1"><img src="https://m.media-amazon.com/images/I/51SinekXt0L._SL500_.jpg" alt="Product Image"></a><p>Hexagonal Picture Frame Scrapbooking Die-Cuts,DIY Art Cutting Dies,Metal Cutting Dies for Crafts,Cut Dies for Card Making Suitable for Party,Wedding,Holiday…</p><p> -20% 0FF </p><p>$7.20</p><a href="https://www.amazon.com/dp/B0CYLGRC6H?tag=eloabder-20&linkCode=osi&th=1&psc=1">View Product</a></div><div class="product"><a href="https://www.amazon.com/dp/B006MLJIVI?tag=eloabder-20&linkCode=osi&th=1&psc=1"><img src="https://m.media-amazon.com/images/I/41JNYtODCOL._SL500_.jpg" alt="Product Image"></a><p>Ellison SureCut Die 16677-LG, Holiday, 10 Pack, 5 7/8" x 4 7/8" x 1"</p><p> -8% 0FF </p><p>$139.73</p><a href="https://www.amazon.com/dp/B006MLJIVI?tag=eloabder-20&linkCode=osi&th=1&psc=1">View Product</a></div>
<div class="product"><a href="https://www.amazon.com/dp/B0BJGRH85F?tag=eloabder-20&linkCode=osi&th=1&psc=1"><img src="https://m.media-amazon.com/images/I/41A84YvFpCL._SL500_.jpg" alt="Product Image"></a><p>Cricut Joy Machine & Digital Content Library Bundle - Includes 30 images in Design Space App - Portable DIY Smart Machine for creating customized cards, crafts, & labels</p><p> -34% 0FF </p><p>$99.00</p><a href="https://www.amazon.com/dp/B0BJGRH85F?tag=eloabder-20&linkCode=osi&th=1&psc=1">View Product</a></div>
<div class="product"><a href="https://www.amazon.com/dp/B07TJNPV76?tag=eloabder-20&linkCode=osi&th=1&psc=1"><img src="https://m.media-amazon.com/images/I/516RCtPt8FL._SL500_.jpg" alt="Product Image"></a><p>BARWA 57 Pack Doll Clothes and Accessories 5 Fashion Dresses 4 Tops 4 Pants Outfits 3 Wedding Gown Dresses 3 Swimsuits Bikini 5 Mini Dresses, 10 Hangers 15 Shoes Computer Cosmetic for 11.5 inch Doll</p><p> -14% 0FF </p><p>$18.99</p><a href="https://www.amazon.com/dp/B07TJNPV76?tag=eloabder-20&linkCode=osi&th=1&psc=1">View Product</a></div><div class="product"><a href="https://www.amazon.com/dp/B09YTWSKBH?tag=eloabder-20&linkCode=osi&th=1&psc=1"><img src="https://m.media-amazon.com/images/I/51l3VgeMGeL._SL500_.jpg" alt="Product Image"></a><p>Mayboos Needle Felting Kit,12 Pieces Doll Making Wool Needle Felting Starter Kit with Instruction,Felting Foam Mat and DIY Needle Felting Supply for DIY Craft Animal Home Decoration Birthday Gift</p><p> -35% 0FF </p><p>$22.09</p><a href="https://www.amazon.com/dp/B09YTWSKBH?tag=eloabder-20&linkCode=osi&th=1&psc=1">View Product</a></div><div class="product"><a href="https://www.amazon.com/dp/B0749W9PJ5?tag=eloabder-20&linkCode=osi&th=1&psc=1"><img src="https://m.media-amazon.com/images/I/518ANTzhqBL._SL500_.jpg" alt="Product Image"></a><p>Craft-tastic Learn to Sew Kit – 7 Fun Projects and Reusable Materials to Teach Basic Sewing Stitches, Embroidery & More--Ages 7+</p><p> -10% 0FF </p><p>$17.95</p><a href="https://www.amazon.com/dp/B0749W9PJ5?tag=eloabder-20&linkCode=osi&th=1&psc=1">View Product</a></div><div class="product"><a href="https://www.amazon.com/dp/B0CBVF4CD5?tag=eloabder-20&linkCode=osi&th=1&psc=1"><img src="https://m.media-amazon.com/images/I/51bR1o0kePL._SL500_.jpg" alt="Product Image"></a><p>Fedmut Needle Felting Kit, Animal Needle Felting Kit for Beginner Adult with Felting Wool, Felting Foam Mat, Felting Needles and Video Instructions, Complete Start Kit for Craft DIY Needle Felting</p><p> -15% 0FF </p><p>$6.79</p><a href="https://www.amazon.com/dp/B0CBVF4CD5?tag=eloabder-20&linkCode=osi&th=1&psc=1">View Product</a></div>
<div class="product"><a href="https://www.amazon.com/dp/B0027A397C?tag=eloabder-20&linkCode=osi&th=1&psc=1"><img src="https://m.media-amazon.com/images/I/517I9iGWpQL._SL500_.jpg" alt="Product Image"></a><p>Strathmore 200 Series Sketch Pad, 8.5x11 inch, 100 Sheets, Side Wire - Artist Sketchbook for Drawing, Illustration, Art Class Students</p><p> -26% 0FF </p><p>$7.99</p><a href="https://www.amazon.com/dp/B0027A397C?tag=eloabder-20&linkCode=osi&th=1&psc=1">View Product</a></div><div class="product"><a href="https://www.amazon.com/dp/B07T3NGD8B?tag=eloabder-20&linkCode=osi&th=1&psc=1"><img src="https://m.media-amazon.com/images/I/41hwTCl5LCL._SL500_.jpg" alt="Product Image"></a><p>UCreate Poly Cover Sketch Book, Heavyweight, 9" x 12", Black, 75 Sheets</p><p> -24% 0FF </p><p>$7.29</p><a href="https://www.amazon.com/dp/B07T3NGD8B?tag=eloabder-20&linkCode=osi&th=1&psc=1">View Product</a></div><div class="product"><a href="https://www.amazon.com/dp/B0B7N2Q1NQ?tag=eloabder-20&linkCode=osi&th=1&psc=1"><img src="https://m.media-amazon.com/images/I/51E78AJyMrL._SL500_.jpg" alt="Product Image"></a><p>Caliart 176PCS Art Supplies Sketching Kit with 100 Sheets 3-Color Sketch Book, Graphite Colored Charcoal Watercolor & Metallic Pencils, School Supplies Gifts for Artists Adults Teens Girls Boys Kids</p><p> -31% 0FF </p><p>$24.99</p><a href="https://www.amazon.com/dp/B0B7N2Q1NQ?tag=eloabder-20&linkCode=osi&th=1&psc=1">View Product</a></div>
<div class="product"><a href="https://www.amazon.com/dp/B0012NCOJY?tag=eloabder-20&linkCode=osi&th=1&psc=1"><img src="https://m.media-amazon.com/images/I/41b+WM+NthL._SL500_.jpg" alt="Product Image"></a><p>Pacon 4746 Art1st Sketch Pad, 60 lbs. Heavyweight Drawing Paper. 9 x 12, 50 Sheets</p><p> -51% 0FF </p><p>$3.96 ($0.08 / Count)</p><a href="https://www.amazon.com/dp/B0012NCOJY?tag=eloabder-20&linkCode=osi&th=1&psc=1">View Product</a></div><div class="product"><a href="https://www.amazon.com/dp/B001B0F3J6?tag=eloabder-20&linkCode=osi&th=1&psc=1"><img src="https://m.media-amazon.com/images/I/31xSYmcOmIL._SL500_.jpg" alt="Product Image"></a><p>Pacon Drawing Paper, White, Standard Weight, 9" x 12", 500 Sheets</p><p> -20% 0FF </p><p>$16.91</p><a href="https://www.amazon.com/dp/B001B0F3J6?tag=eloabder-20&linkCode=osi&th=1&psc=1">View Product</a></div><div class="product"><a href="https://www.amazon.com/dp/B000A7OPAO?tag=eloabder-20&linkCode=osi&th=1&psc=1"><img src="https://m.media-amazon.com/images/I/51tDMDAC+oL._SL500_.jpg" alt="Product Image"></a><p>Strathmore Medium Drawing Spiral Paper Pad 11"X14"-24 Sheets -400500</p><p> -33% 0FF </p><p>$6.49</p><a href="https://www.amazon.com/dp/B000A7OPAO?tag=eloabder-20&linkCode=osi&th=1&psc=1">View Product</a></div><div class="product"><a href="https://www.amazon.com/dp/B00246YOY6?tag=eloabder-20&linkCode=osi&th=1&psc=1"><img src="https://m.media-amazon.com/images/I/51JQCBpAcoL._SL500_.jpg" alt="Product Image"></a><p>Strathmore 300 Series Drawing Paper Pad, Top Wire Bound, 9x12 inches, 50 Sheets (70lb/114g) - Artist Paper for Adults and Students - Charcoal, Colored Pencil, Ink, Pastel, Marker</p><p> -18% 0FF </p><p>$9.99</p><a href="https://www.amazon.com/dp/B00246YOY6?tag=eloabder-20&linkCode=osi&th=1&psc=1">View Product</a></div>
<div class="product"><a href="https://www.amazon.com/dp/B0BNDN87NX?tag=eloabder-20&linkCode=osi&th=1&psc=1"><img src="https://m.media-amazon.com/images/I/51NywOCibJL._SL500_.jpg" alt="Product Image"></a><p>Micro Fineliner Drawing Art Pens: 12 Black Fine Line Waterproof Ink Set Artist Supplies Archival Inking Markers Liner Professional Sketch Outline Anime Sketching Watercolor Zentangle Gift Stuff</p><p> -17% 0FF </p><p>$9.99</p><a href="https://www.amazon.com/dp/B0BNDN87NX?tag=eloabder-20&linkCode=osi&th=1&psc=1">View Product</a></div><div class="product"><a href="https://www.amazon.com/dp/B088B9ZNXC?tag=eloabder-20&linkCode=osi&th=1&psc=1"><img src="https://m.media-amazon.com/images/I/512tY3nGvHL._SL500_.jpg" alt="Product Image"></a><p>TWOHANDS Art Pens,Fineliner Ink Pens,Set of 12 Technical Drawing pen,Pigment Pen,Fine Point,Black,Waterproof,for Art Watercolor,Sketching,Anime,Manga, 902188</p><p> -38% 0FF </p><p>$9.99</p><a href="https://www.amazon.com/dp/B088B9ZNXC?tag=eloabder-20&linkCode=osi&th=1&psc=1">View Product</a></div><div class="product"><a href="https://www.amazon.com/dp/B08BZYK2NY?tag=eloabder-20&linkCode=osi&th=1&psc=1"><img src="https://m.media-amazon.com/images/I/41FCRf7Bf9L._SL500_.jpg" alt="Product Image"></a><p>Mr. Pen- Drawing Pens for Artists, 8 Pack Black Multiliner/Fineliner Micro Anime/Sketch Pens, Line Art/Inking Pens, Fine Point Bible Journaling Pens</p><p> -33% 0FF </p><p>$7.99</p><a href="https://www.amazon.com/dp/B08BZYK2NY?tag=eloabder-20&linkCode=osi&th=1&psc=1">View Product</a></div><div class="product"><a href="https://www.amazon.com/dp/B000TKEZDO?tag=eloabder-20&linkCode=osi&th=1&psc=1"><img src="https://m.media-amazon.com/images/I/31pwtogn53L._SL500_.jpg" alt="Product Image"></a><p>Faber-Castell Art & Graphic Pitt Artist Pen India Ink Pen, Black, Wallet Of 4, For Art, Craft, Drawing, Sketching, Home, School, University, Colouring</p><p> -43% 0FF </p><p>$7.50 ($1.88 / Count)</p><a href="https://www.amazon.com/dp/B000TKEZDO?tag=eloabder-20&linkCode=osi&th=1&psc=1">View Product</a></div><div class="product"><a href="https://www.amazon.com/dp/B01M71S9DU?tag=eloabder-20&linkCode=osi&th=1&psc=1"><img src="https://m.media-amazon.com/images/I/41prZ6JB6AL._SL500_.jpg" alt="Product Image"></a><p>Tombow 62038 Fudenosuke Brush Pen, 2-Pack. Soft and Hard Tip Fudenosuke Brush Pens for Calligraphy and Art Drawings</p><p> -18% 0FF </p><p>$5.87</p><a href="https://www.amazon.com/dp/B01M71S9DU?tag=eloabder-20&linkCode=osi&th=1&psc=1">View Product</a></div>
<div class="product"><a href="https://www.amazon.com/dp/B08FHMRW4L?tag=eloabder-20&linkCode=osi&th=1&psc=1"><img src="https://m.media-amazon.com/images/I/51Pmn5gjyzL._SL500_.jpg" alt="Product Image"></a><p>Mr. Pen- Sketch Pencils for Drawing, 14 Pack, Drawing Pencils, Art Pencils, Graphite Pencils, Graphite Pencils for Drawing, Art Pencils for Drawing and Shading</p><p> -45% 0FF </p><p>$5.99</p><a href="https://www.amazon.com/dp/B08FHMRW4L?tag=eloabder-20&linkCode=osi&th=1&psc=1">View Product</a></div><div class="product"><a href="https://www.amazon.com/dp/B09H278RXT?tag=eloabder-20&linkCode=osi&th=1&psc=1"><img src="https://m.media-amazon.com/images/I/51RJXKELRPL._SL500_.jpg" alt="Product Image"></a><p>Drawing Pencils Set of 14 (B - 12B) Sketching Pencils for Drawing, Shading & Doodling | Professional Sketch Pencils Graphite Grades for Artists & Beginners</p><p> -29% 0FF </p><p>$4.97</p><a href="https://www.amazon.com/dp/B09H278RXT?tag=eloabder-20&linkCode=osi&th=1&psc=1">View Product</a></div><div class="product"><a href="https://www.amazon.com/dp/B00006RVSK?tag=eloabder-20&linkCode=osi&th=1&psc=1"><img src="https://m.media-amazon.com/images/I/31CY7jj4YQL._SL500_.jpg" alt="Product Image"></a><p>Prismacolor Ebony Graphite Drawing Pencils, Black, Adult Coloring, Box Of 12</p><p> -38% 0FF </p><p>$7.30</p><a href="https://www.amazon.com/dp/B00006RVSK?tag=eloabder-20&linkCode=osi&th=1&psc=1">View Product</a></div>
<div class="product"><a href="https://www.amazon.com/dp/B095WXRNCM?tag=eloabder-20&linkCode=osi&th=1&psc=1"><img src="https://m.media-amazon.com/images/I/61iX6E0qmVL._SL500_.jpg" alt="Product Image"></a><p>Soucolor 73 Art Supplies for Adults Kids, Art Kit Drawing Supplies Sketching Pencils Coloring Set with Sketchbook, Coloring Book, Charcoal Metallic Graphite for Shading Blending, Gifts for Teen</p><p> -15% 0FF </p><p>$16.99</p><a href="https://www.amazon.com/dp/B095WXRNCM?tag=eloabder-20&linkCode=osi&th=1&psc=1">View Product</a></div>
<div class="product"><a href="https://www.amazon.com/dp/B09SG2T299?tag=eloabder-20&linkCode=osi&th=1&psc=1"><img src="https://m.media-amazon.com/images/I/61BtYbHF-BL._SL500_.jpg" alt="Product Image"></a><p>LAVEVE Dried Flowers, 21 Bags 100% Natural Dried Flowers Herbs Kit for Soap Making, DIY Candle, Bath, Resin Jewelry Making - Include Lavender, Don't Forget Me, Lily, Rose Petals, Jasmine and More</p><p> -17% 0FF </p><p>$11.99</p><a href="https://www.amazon.com/dp/B09SG2T299?tag=eloabder-20&linkCode=osi&th=1&psc=1">View Product</a></div><div class="product"><a href="https://www.amazon.com/dp/B08L1K1RNV?tag=eloabder-20&linkCode=osi&th=1&psc=1"><img src="https://m.media-amazon.com/images/I/61byW5PthAL._SL500_.jpg" alt="Product Image"></a><p>9 Bags Dried Flowers,100% Natural Dried Flowers Herbs Kit for Soap Making, DIY Candle Making,Bath - Include Rose Petals,Lavender,Don't Forget Me,Lilium,Jasmine,Rosebudsand More</p><p> -17% 0FF </p><p>$7.49</p><a href="https://www.amazon.com/dp/B08L1K1RNV?tag=eloabder-20&linkCode=osi&th=1&psc=1">View Product</a></div><div class="product"><a href="https://www.amazon.com/dp/B09TS8KZ3T?tag=eloabder-20&linkCode=osi&th=1&psc=1"><img src="https://m.media-amazon.com/images/I/61uRBe-uccL._SL500_.jpg" alt="Product Image"></a><p>SACATR Dried Flowers, 50 Bags 100% Natural Dried Herbs Kit for Soap Making, Candle, Resin Jewelry Making, Bath, Nail - Include Rose Petals, Rosebuds, Lilium, Jasmine, Don't Forget Me and More</p><p> -9% 0FF </p><p>$29.99 ($0.60 / Count)</p><a href="https://www.amazon.com/dp/B09TS8KZ3T?tag=eloabder-20&linkCode=osi&th=1&psc=1">View Product</a></div><div class="product"><a href="https://www.amazon.com/dp/B08DCN3B4Q?tag=eloabder-20&linkCode=osi&th=1&psc=1"><img src="https://m.media-amazon.com/images/I/613OohyofUL._SL500_.jpg" alt="Product Image"></a><p>Vignee Real Dried Pressed Leaf Flowers-Multiple Colorful Pressed Flowers Daisies for Craft Resin Jewelry Making Art Craft DIY（Violet）</p><p> -29% 0FF </p><p>$9.98</p><a href="https://www.amazon.com/dp/B08DCN3B4Q?tag=eloabder-20&linkCode=osi&th=1&psc=1">View Product</a></div>

<div class="product"><a href="https://www.amazon.com/dp/B09TT6964Q?tag=eloabder-20&linkCode=osi&th=1&psc=1"><img src="https://m.media-amazon.com/images/I/41zwxyx8wzL._SL500_.jpg" alt="Product Image"></a><p>Pin Vise Hand Drill for Jewelry Making - Craft911 Manual Craft Drill Sharp HSS Micro Mini Twist Drill Bits Set, Small Rotary Tools for Wood, Plastic, Miniature - Blue</p><p> -38% 0FF </p><p>$9.99</p><a href="https://www.amazon.com/dp/B09TT6964Q?tag=eloabder-20&linkCode=osi&th=1&psc=1">View Product</a></div><div class="product"><a href="https://www.amazon.com/dp/B01LX208SY?tag=eloabder-20&linkCode=osi&th=1&psc=1"><img src="https://m.media-amazon.com/images/I/41c5iHU7GAL._SL500_.jpg" alt="Product Image"></a><p>Tamiya - 74041 - Accessory for Model - Mini Electric Drill</p><p> -12% 0FF </p><p>$28.00</p><a href="https://www.amazon.com/dp/B01LX208SY?tag=eloabder-20&linkCode=osi&th=1&psc=1">View Product</a></div><div class="product"><a href="https://www.amazon.com/dp/B00470PNBK?tag=eloabder-20&linkCode=osi&th=1&psc=1"><img src="https://m.media-amazon.com/images/I/51nCqbTfr0L._SL500_.jpg" alt="Product Image"></a><p>3" Metal Cutting Wheels W/ 1/4" Mandrel, 5Pc #80210</p><p> -8% 0FF </p><p>$12.85</p><a href="https://www.amazon.com/dp/B00470PNBK?tag=eloabder-20&linkCode=osi&th=1&psc=1">View Product</a></div><div class="product"><a href="https://www.amazon.com/dp/B07PVPC8G5?tag=eloabder-20&linkCode=osi&th=1&psc=1"><img src="https://m.media-amazon.com/images/I/416MxAcnl2L._SL500_.jpg" alt="Product Image"></a><p>WSOOX Square Hole Drill Bits for Wood, Woodworking Hole Saw Mortising Chisel Drill Bits (Size: 1/4 inch, 5/16 inch, 3/8 inch, 1/2 inch)</p><p> -15% 0FF </p><p>$22.99</p><a href="https://www.amazon.com/dp/B07PVPC8G5?tag=eloabder-20&linkCode=osi&th=1&psc=1">View Product</a></div>
<div class="product"><a href="https://www.amazon.com/dp/B00AQ72LF4?tag=eloabder-20&linkCode=osi&th=1&psc=1"><img src="https://m.media-amazon.com/images/I/41w7DkJ50YL._SL500_.jpg" alt="Product Image"></a><p>Rit Purpose Liquid Dye, 8 Oz, Royal Blue</p><p> -45% 0FF </p><p>$3.49</p><a href="https://www.amazon.com/dp/B00AQ72LF4?tag=eloabder-20&linkCode=osi&th=1&psc=1">View Product</a></div><div class="product"><a href="https://www.amazon.com/dp/B001JGNPM4?tag=eloabder-20&linkCode=osi&th=1&psc=1"><img src="https://m.media-amazon.com/images/I/41AmSK-Cv5L._SL500_.jpg" alt="Product Image"></a><p>Rit Dye RIT COLORSTAY, 8 fl oz, Clear</p><p> -30% 0FF </p><p>$3.49 ($0.44 / Fl Oz)</p><a href="https://www.amazon.com/dp/B001JGNPM4?tag=eloabder-20&linkCode=osi&th=1&psc=1">View Product</a></div><div class="product"><a href="https://www.amazon.com/dp/B00UL9GRJI?tag=eloabder-20&linkCode=osi&th=1&psc=1"><img src="https://m.media-amazon.com/images/I/412cjSJpuKL._SL500_.jpg" alt="Product Image"></a><p>Rit DyeMore Liquid Dye, Chocolate Brown 7-Ounce</p><p> -59% 0FF </p><p>$4.47</p><a href="https://www.amazon.com/dp/B00UL9GRJI?tag=eloabder-20&linkCode=osi&th=1&psc=1">View Product</a></div><div class="product"><a href="https://www.amazon.com/dp/B0BSGFBS77?tag=eloabder-20&linkCode=osi&th=1&psc=1"><img src="https://m.media-amazon.com/images/I/51sB3k7QpOL._SL500_.jpg" alt="Product Image"></a><p>YRYM HT Epoxy Resin Pigment - 16 Colors Non-Toxic Epoxy Resin Color Pigment for Resin Coloring, Concentrated Resin Dye for Jewelry Making, Art, Paint, Crafts - 0.35oz/10ml Each</p><p> -9% 0FF </p><p>$9.99</p><a href="https://www.amazon.com/dp/B0BSGFBS77?tag=eloabder-20&linkCode=osi&th=1&psc=1">View Product</a></div>
<div class="product"><a href="https://www.amazon.com/dp/B097SKG9VM?tag=eloabder-20&linkCode=osi&th=1&psc=1"><img src="https://m.media-amazon.com/images/I/410hj1m+piL._SL500_.jpg" alt="Product Image"></a><p>Artify Easel for Painting, Double-Tier Easel Stand, Adjustable Height from 22-66 Inches, Tripod for Painting and Display with Carrying Bag, 66 Inches, Black</p><p> -23% 0FF </p><p>$19.99</p><a href="https://www.amazon.com/dp/B097SKG9VM?tag=eloabder-20&linkCode=osi&th=1&psc=1">View Product</a></div><div class="product"><a href="https://www.amazon.com/dp/B0B1Z93G2C?tag=eloabder-20&linkCode=osi&th=1&psc=1"><img src="https://m.media-amazon.com/images/I/41clhL8HDkL._SL500_.jpg" alt="Product Image"></a><p>JNZYB Easel Stand for Display Wedding Sign & Poster - 63 Inches Tall Easle for Display Holder - Portable Collapsable Poster Easel - Floor Adjustable Metal Painting Easels Tripod Black</p><p> -14% 0FF </p><p>$17.99</p><a href="https://www.amazon.com/dp/B0B1Z93G2C?tag=eloabder-20&linkCode=osi&th=1&psc=1">View Product</a></div><div class="product"><a href="https://www.amazon.com/dp/B07Z5BTQR3?tag=eloabder-20&linkCode=osi&th=1&psc=1"><img src="https://m.media-amazon.com/images/I/41-YRD77X0L._SL500_.jpg" alt="Product Image"></a><p>Nicpro Folding Easels for Display, 2 Pack 63 Inch Metal Floor Easel Stand Tripod Black Portable for Artist Poster Wedding with Carry Bag</p><p> -12% 0FF </p><p>$26.49</p><a href="https://www.amazon.com/dp/B07Z5BTQR3?tag=eloabder-20&linkCode=osi&th=1&psc=1">View Product</a></div>
<div class="product"><a href="https://www.amazon.com/dp/B0BXKFPHG5?tag=eloabder-20&linkCode=osi&th=1&psc=1"><img src="https://m.media-amazon.com/images/I/511hcLWwsjL._SL500_.jpg" alt="Product Image"></a><p>NACHLYNN 12000 Pcs Flat Back Pearl 8 Sizes Flatback Pearl Beads Half Pearl Bead Half Round Pearls for Crafts Embellishment Shoes DIY Phone Case Making</p><p> -14% 0FF </p><p>$8.59 ($1.22 / Ounce)</p><a href="https://www.amazon.com/dp/B0BXKFPHG5?tag=eloabder-20&linkCode=osi&th=1&psc=1">View Product</a></div><div class="product"><a href="https://www.amazon.com/dp/B07TC687GQ?tag=eloabder-20&linkCode=osi&th=1&psc=1"><img src="https://m.media-amazon.com/images/I/61k7NI1MJTL._SL500_.jpg" alt="Product Image"></a><p>125 PCS Vintage Skeleton Key Set Charms, JIALEEY Mixed Antique Style Bronze Brass for Pendant DIY Jewelry Making Wedding Party Favors</p><p> -42% 0FF </p><p>$6.99</p><a href="https://www.amazon.com/dp/B07TC687GQ?tag=eloabder-20&linkCode=osi&th=1&psc=1">View Product</a></div><div class="product"><a href="https://www.amazon.com/dp/B06XWWH3SR?tag=eloabder-20&linkCode=osi&th=1&psc=1"><img src="https://m.media-amazon.com/images/I/61f1Q0IyVcL._SL500_.jpg" alt="Product Image"></a><p>JPSOR 600pcs Gems Jewels for Crafts, Acrylic Flatback Rhinestones for Halloween Pirate Party Decorations, Crafting Embellishments Gemstone (6 Shapes, 6-13mm)</p><p> -32% 0FF </p><p>$6.29</p><a href="https://www.amazon.com/dp/B06XWWH3SR?tag=eloabder-20&linkCode=osi&th=1&psc=1">View Product</a></div>
<div class="product"><a href="https://www.amazon.com/dp/B0B3CNZR5K?tag=eloabder-20&linkCode=osi&th=1&psc=1"><img src="https://m.media-amazon.com/images/I/41YsiLVF9bL._SL500_.jpg" alt="Product Image"></a><p>SPELLBINDERS PAPERCRAFTS, INC 3D Embossing Folder Beau Bloom, Opaque</p><p> -22% 0FF </p><p>$11.64</p><a href="https://www.amazon.com/dp/B0B3CNZR5K?tag=eloabder-20&linkCode=osi&th=1&psc=1">View Product</a></div><div class="product"><a href="https://www.amazon.com/dp/B06Y2J6NS2?tag=eloabder-20&linkCode=osi&th=1&psc=1"><img src="https://m.media-amazon.com/images/I/51pgkVjniuL._SL500_.jpg" alt="Product Image"></a><p>Sizzix, Multi Color, One Size Embossing Folder 661824, Lace</p><p> -43% 0FF </p><p>$7.37</p><a href="https://www.amazon.com/dp/B06Y2J6NS2?tag=eloabder-20&linkCode=osi&th=1&psc=1">View Product</a></div>
<div class="product"><a href="https://www.amazon.com/dp/B00J39I2F4?tag=eloabder-20&linkCode=osi&th=1&psc=1"><img src="https://m.media-amazon.com/images/I/5135vUrjueL._SL500_.jpg" alt="Product Image"></a><p>Ranger Embossing Powder, .56 Ounce Jar, Super Fine Black</p><p> -8% 0FF </p><p>$6.80</p><a href="https://www.amazon.com/dp/B00J39I2F4?tag=eloabder-20&linkCode=osi&th=1&psc=1">View Product</a></div><div class="product"><a href="https://www.amazon.com/dp/B0013JROB0?tag=eloabder-20&linkCode=osi&th=1&psc=1"><img src="https://m.media-amazon.com/images/I/41uM-s9fN6L._SL500_.jpg" alt="Product Image"></a><p>Ranger Ultra Thick Embossing Powder 6-ounce, Clear</p><p> -9% 0FF </p><p>$16.35 ($2.72 / Ounce)</p><a href="https://www.amazon.com/dp/B0013JROB0?tag=eloabder-20&linkCode=osi&th=1&psc=1">View Product</a></div>
<div class="product"><a href="https://www.amazon.com/dp/B07QFRD6SQ?tag=eloabder-20&linkCode=osi&th=1&psc=1"><img src="https://m.media-amazon.com/images/I/41tmpE54CvL._SL500_.jpg" alt="Product Image"></a><p>ABenkle 10Pcs Dotting Tools Ball Styluses for Rock Painting, Pottery Clay Modeling Embossing Art Mandala</p><p> -14% 0FF </p><p>$5.99 ($0.60 / Count)</p><a href="https://www.amazon.com/dp/B07QFRD6SQ?tag=eloabder-20&linkCode=osi&th=1&psc=1">View Product</a></div><div class="product"><a href="https://www.amazon.com/dp/B07SSCN6V1?tag=eloabder-20&linkCode=osi&th=1&psc=1"><img src="https://m.media-amazon.com/images/I/311dLXgZYOL._SL500_.jpg" alt="Product Image"></a><p>Sizzix Heat Tool , Dual Speed, US Version for Shrink Plastic, Moulding, Embossing, Scrapbooking, Cardmaking, Papercraft & DIY, Multi Color, One Size, Multicolour</p><p> -34% 0FF </p><p>$21.19</p><a href="https://www.amazon.com/dp/B07SSCN6V1?tag=eloabder-20&linkCode=osi&th=1&psc=1">View Product</a></div>
<div class="product"><a href="https://www.amazon.com/dp/B077Z5VJHN?tag=eloabder-20&linkCode=osi&th=1&psc=1"><img src="https://m.media-amazon.com/images/I/513G8qFSDiL._SL500_.jpg" alt="Product Image"></a><p>New brothread 40 Brother Colors Polyester Embroidery Machine Thread Kit 500M (550Y) Each Spool for Brother Babylock Janome Singer Pfaff Husqvarna Bernina Sewing Machines</p><p> -30% 0FF </p><p>$25.99 ($0.00 / Foot)</p><a href="https://www.amazon.com/dp/B077Z5VJHN?tag=eloabder-20&linkCode=osi&th=1&psc=1">View Product</a></div>
<div class="product"><a href="https://www.amazon.com/dp/B09TNBFF73?tag=eloabder-20&linkCode=osi&th=1&psc=1"><img src="https://m.media-amazon.com/images/I/51NHCkApGGL._SL500_.jpg" alt="Product Image"></a><p>Beech Wood Tapestry Scroll Embroidery Frames, Needlepoint Cross Stitch Holder, Quilting Frames, Needlepoint Holder, Stitching Frame for Sewing, Cross Stitch, Embroidery Projects</p><p> -7% 0FF </p><p>$25.99</p><a href="https://www.amazon.com/dp/B09TNBFF73?tag=eloabder-20&linkCode=osi&th=1&psc=1">View Product</a></div>
<div class="product"><a href="https://www.amazon.com/dp/B07K9HHRW9?tag=eloabder-20&linkCode=osi&th=1&psc=1"><img src="https://m.media-amazon.com/images/I/51Ywxes9hYL._SL500_.jpg" alt="Product Image"></a><p>Caydo 12 Pieces 6 Inch Embroidery Hoops Set Bulk Circle Cross Stitch Hoop Round Ring</p><p> -42% 0FF </p><p>$17.99</p><a href="https://www.amazon.com/dp/B07K9HHRW9?tag=eloabder-20&linkCode=osi&th=1&psc=1">View Product</a></div>
<div class="product"><a href="https://www.amazon.com/dp/B084T4PTN7?tag=eloabder-20&linkCode=osi&th=1&psc=1"><img src="https://m.media-amazon.com/images/I/51CvRgFO-nL._SL500_.jpg" alt="Product Image"></a><p>53 Pieces Cross Stitch Tool Embroidery Starter Kit, includes Bamboo Circle Cross Stitch Hoop Ring, Vintage Sewing Scissors, Needle-Threading Tools, Thimbles, Floss Bobbins, Seam Ripper and Embroidery</p><p> -6% 0FF </p><p>$14.99</p><a href="https://www.amazon.com/dp/B084T4PTN7?tag=eloabder-20&linkCode=osi&th=1&psc=1">View Product</a></div><div class="product"><a href="https://www.amazon.com/dp/B0BZP6ZGN8?tag=eloabder-20&linkCode=osi&th=1&psc=1"><img src="https://m.media-amazon.com/images/I/51mlLtsppFL._SL500_.jpg" alt="Product Image"></a><p>Picoey Modern Flower Heart Embroidery Kit for Beginners with Pattern and Instructions,4 Pack Cross Stitch Kits,2 Wooden Embroidery Hoops,Threads and Needles,Needlepoint Kit for Adults</p><p> -20% 0FF </p><p>$14.39</p><a href="https://www.amazon.com/dp/B0BZP6ZGN8?tag=eloabder-20&linkCode=osi&th=1&psc=1">View Product</a></div>
<div class="product"><a href="https://www.amazon.com/dp/B0893412R4?tag=eloabder-20&linkCode=osi&th=1&psc=1"><img src="https://m.media-amazon.com/images/I/51UQ3vEfiIL._SL500_.jpg" alt="Product Image"></a><p>23 PCS Large Eye Sewing Needles, 2.36in Sewing Sharp Needles, Leather Needle Embroidery Thread Needle, Stainless Steel Yarn Knitting Needles with a 3.3in Plastic Bottle</p><p> -26% 0FF </p><p>$3.99</p><a href="https://www.amazon.com/dp/B0893412R4?tag=eloabder-20&linkCode=osi&th=1&psc=1">View Product</a></div><div class="product"><a href="https://www.amazon.com/dp/B0CR16V8LH?tag=eloabder-20&linkCode=osi&th=1&psc=1"><img src="https://m.media-amazon.com/images/I/51seXBZrmSL._SL500_.jpg" alt="Product Image"></a><p>FIVEIZERO 30-Count Premium Hand Sewing Needles, 6 Sizes Embroidery Needles Kit with Threaders for Hand Sewing Crafts,Large Eye Sewing Needle Kit for Art and Craft Projects</p><p> -33% 0FF </p><p>$3.99</p><a href="https://www.amazon.com/dp/B0CR16V8LH?tag=eloabder-20&linkCode=osi&th=1&psc=1">View Product</a></div><div class="product"><a href="https://www.amazon.com/dp/B0C52SWHNY?tag=eloabder-20&linkCode=osi&th=1&psc=1"><img src="https://m.media-amazon.com/images/I/51PTOYvxsuL._SL500_.jpg" alt="Product Image"></a><p>FIVEIZERO 80/40 PCS Large Eye Sewing Needles, 7 Sizes Sewing Sharp Needles, Leather Needle Embroidery Thread Needle, Stainless Steel Yarn Knitting Needles with Threaders for Handsewing Art Crafts CJ</p><p> -29% 0FF </p><p>$4.99</p><a href="https://www.amazon.com/dp/B0C52SWHNY?tag=eloabder-20&linkCode=osi&th=1&psc=1">View Product</a></div><div class="product"><a href="https://www.amazon.com/dp/B000YQEVYQ?tag=eloabder-20&linkCode=osi&th=1&psc=1"><img src="https://m.media-amazon.com/images/I/31ofpWcLFnL._SL500_.jpg" alt="Product Image"></a><p>Clover Gold Eye Embroidery Needles Size 3-9 - 16 Pack</p><p> -34% 0FF </p><p>$4.72 ($0.30 / Count)</p><a href="https://www.amazon.com/dp/B000YQEVYQ?tag=eloabder-20&linkCode=osi&th=1&psc=1">View Product</a></div><div class="product"><a href="https://www.amazon.com/dp/B08FG2SW2J?tag=eloabder-20&linkCode=osi&th=1&psc=1"><img src="https://m.media-amazon.com/images/I/51NLNzyOQiL._SL500_.jpg" alt="Product Image"></a><p>KYUEWRT 25 Large Eye Embroidery Needles-5 Sizes Big Eye Hand Sewing Needles in Aluminum Storage Tube</p><p> -9% 0FF </p><p>$4.99</p><a href="https://www.amazon.com/dp/B08FG2SW2J?tag=eloabder-20&linkCode=osi&th=1&psc=1">View Product</a></div>
<div class="product"><a href="https://www.amazon.com/dp/B007X6YQO0?tag=eloabder-20&linkCode=osi&th=1&psc=1"><img src="https://m.media-amazon.com/images/I/51zNbVKMfBL._SL500_.jpg" alt="Product Image"></a><p>Aunt Martha's 402 Flowers and Butterflies Embroidery Transfer Pattern Book, Over 25 Iron On Patterns</p><p> -9% 0FF </p><p>$5.31 ($0.21 / Count)</p><a href="https://www.amazon.com/dp/B007X6YQO0?tag=eloabder-20&linkCode=osi&th=1&psc=1">View Product</a></div><div class="product"><a href="https://www.amazon.com/dp/B0C53Y6RT5?tag=eloabder-20&linkCode=osi&th=1&psc=1"><img src="https://m.media-amazon.com/images/I/51V0SAIOO-L._SL500_.jpg" alt="Product Image"></a><p>Patemby 50Pcs Water Soluble Embroidery Stabilizers, Stick and Stitch Embroidery Paper with Pre-Printed Flowers and Leaves Pattern Transfers for Hand Sewing Lover Beginners (Flower)</p><p> -40% 0FF </p><p>$5.99</p><a href="https://www.amazon.com/dp/B0C53Y6RT5?tag=eloabder-20&linkCode=osi&th=1&psc=1">View Product</a></div>
<div class="product"><a href="https://www.amazon.com/dp/B08TBFJL83?tag=eloabder-20&linkCode=osi&th=1&psc=1"><img src="https://m.media-amazon.com/images/I/41TUv5gIsaL._SL500_.jpg" alt="Product Image"></a><p>Hisuper Sewing scissors sharp Embroidery Crafting Threading Scissors with Leather Scissors Cover for Needlework Craft Art Work Manual Handicraft DIY Tool</p><p> -30% 0FF </p><p>$6.99</p><a href="https://www.amazon.com/dp/B08TBFJL83?tag=eloabder-20&linkCode=osi&th=1&psc=1">View Product</a></div>

<div class="product"><a href="https://www.amazon.com/dp/B0CZM9L4SP?tag=eloabder-20&linkCode=osi&th=1&psc=1"><img src="https://m.media-amazon.com/images/I/410gggXHgKL._SL500_.jpg" alt="Product Image"></a><p>Craft Crush Wire Flowers - Create Unique Craft Wire Flower Designs with Easy to Use Tool and Guide with Display Stand - for Teens and Adults Ages 12, 13, 14, 15 and Up</p><p> -6% 0FF </p><p>$18.76</p><a href="https://www.amazon.com/dp/B0CZM9L4SP?tag=eloabder-20&linkCode=osi&th=1&psc=1">View Product</a></div><div class="product"><a href="https://www.amazon.com/dp/B0C8CTL1TX?tag=eloabder-20&linkCode=osi&th=1&psc=1"><img src="https://m.media-amazon.com/images/I/51pZKpeKoHL._SL500_.jpg" alt="Product Image"></a><p>Pom Pom Painting Art Kit for Beginners, Perfect Craft Projects for Adults, Colorful Pom Poms and Supplies Included, DIY Pom Pom Painting on Paint Canvas.(Sunflower)</p><p> -25% 0FF </p><p>$11.99</p><a href="https://www.amazon.com/dp/B0C8CTL1TX?tag=eloabder-20&linkCode=osi&th=1&psc=1">View Product</a></div>
<div class="product"><a href="https://www.amazon.com/dp/B076CP6F36?tag=eloabder-20&linkCode=osi&th=1&psc=1"><img src="https://m.media-amazon.com/images/I/51rfEIvgI+L._SL500_.jpg" alt="Product Image"></a><p>Apple Barrel, Vibrant Spectrum Collection Acrylic Craft Paint, PROMOABIII, 2 fl oz each, 16 assorted matte colors, 16 count</p><p> -6% 0FF </p><p>$15.97 ($0.50 / Fl Oz)</p><a href="https://www.amazon.com/dp/B076CP6F36?tag=eloabder-20&linkCode=osi&th=1&psc=1">View Product</a></div><div class="product"><a href="https://www.amazon.com/dp/B0018NBVKQ?tag=eloabder-20&linkCode=osi&th=1&psc=1"><img src="https://m.media-amazon.com/images/I/31YlSvZMTCL._SL500_.jpg" alt="Product Image"></a><p>Apple Barrel Acrylic Paint in Assorted Colors (8 Ounce), 20403 White</p><p> -34% 0FF </p><p>$2.97 ($0.37 / Fl Oz)</p><a href="https://www.amazon.com/dp/B0018NBVKQ?tag=eloabder-20&linkCode=osi&th=1&psc=1">View Product</a></div><div class="product"><a href="https://www.amazon.com/dp/B08QNJ7KSF?tag=eloabder-20&linkCode=osi&th=1&psc=1"><img src="https://m.media-amazon.com/images/I/61pzWyQ8+vL._SL500_.jpg" alt="Product Image"></a><p>Acrylic Paint Set Canvas Art Paints 24 Colors (0.41oz,12 ml) With 3 Brushes - Painting Canvas, Paper, Wood, Rock, Ceramic & Fabric</p><p> -37% 0FF </p><p>$9.99 ($1.04 / Fl Oz)</p><a href="https://www.amazon.com/dp/B08QNJ7KSF?tag=eloabder-20&linkCode=osi&th=1&psc=1">View Product</a></div><div class="product"><a href="https://www.amazon.com/dp/B0CYLMHHC1?tag=eloabder-20&linkCode=osi&th=1&psc=1"><img src="https://m.media-amazon.com/images/I/510S5ZntMHL._SL500_.jpg" alt="Product Image"></a><p>Nicpro 14 Colors Large Bulk Acrylic Paint Set (16.9 oz, 500 ml) Non Toxic Art Painting Supplies for Multi Surface Fabric Canvas Wood Leather Stone, Craft Paint for Kid & Adult with Color Wheel</p><p> -14% 0FF </p><p>$49.99 ($0.21 / Fl Oz)</p><a href="https://www.amazon.com/dp/B0CYLMHHC1?tag=eloabder-20&linkCode=osi&th=1&psc=1">View Product</a></div><div class="product"><a href="https://www.amazon.com/dp/B0829R16YG?tag=eloabder-20&linkCode=osi&th=1&psc=1"><img src="https://m.media-amazon.com/images/I/51i5zSZyD8L._SL500_.jpg" alt="Product Image"></a><p>Apple Barrel Essentials Acrylic Paint Set, 12, 24 Fl Oz (Pack of 1)</p><p> -30% 0FF </p><p>$11.24 ($0.47 / Fl Oz)</p><a href="https://www.amazon.com/dp/B0829R16YG?tag=eloabder-20&linkCode=osi&th=1&psc=1">View Product</a></div>
<div class="product"><a href="https://www.amazon.com/dp/B0CHTZD63Q?tag=eloabder-20&linkCode=osi&th=1&psc=1"><img src="https://m.media-amazon.com/images/I/511hgeOlnkL._SL500_.jpg" alt="Product Image"></a><p>Secopad Scrapbook Tape, 4 Pack Double Sided Tape Roller for Crafts, Adhesive Tape Glue Runner Scrapbooking Supplies Journaling School Office for Kids and Adults, 0.3IN x 26FT</p><p> -22% 0FF </p><p>$6.99 ($1.75 / Count)</p><a href="https://www.amazon.com/dp/B0CHTZD63Q?tag=eloabder-20&linkCode=osi&th=1&psc=1">View Product</a></div><div class="product"><a href="https://www.amazon.com/dp/B07Y3VDPLF?tag=eloabder-20&linkCode=osi&th=1&psc=1"><img src="https://m.media-amazon.com/images/I/41cyKQ2OMuL._SL500_.jpg" alt="Product Image"></a><p>Melsan 1x4 inch Hook and Loop Strips with Adhesive - 15 Sets, Strong Back Adhesive Fasten Mounting Tape for Home or Office Use - Instead of Holes and Screws, Black</p><p> -24% 0FF </p><p>$9.90</p><a href="https://www.amazon.com/dp/B07Y3VDPLF?tag=eloabder-20&linkCode=osi&th=1&psc=1">View Product</a></div><div class="product"><a href="https://www.amazon.com/dp/B0CC98XLGL?tag=eloabder-20&linkCode=osi&th=1&psc=1"><img src="https://m.media-amazon.com/images/I/51ZLw+nThiL._SL500_.jpg" alt="Product Image"></a><p>HUIRUSO 4 Pack Double Sided Tape Roller, Scrapbook Supplies, Glue Tape Roller for Crafts, Double-Sided Adhesive Tape Runner for Scrapbooking, School Office Journaling Supplies (0.31 in X 26.25 ft)</p><p> -9% 0FF </p><p>$6.99 ($1.75 / Count)</p><a href="https://www.amazon.com/dp/B0CC98XLGL?tag=eloabder-20&linkCode=osi&th=1&psc=1">View Product</a></div><div class="product"><a href="https://www.amazon.com/dp/B0CY2CFX3Z?tag=eloabder-20&linkCode=osi&th=1&psc=1"><img src="https://m.media-amazon.com/images/I/31ZLCJqpwCL._SL500_.jpg" alt="Product Image"></a><p>JEWOSTER 16 Sets 1x4 Inch Hook and Loop Strips with Adhesive - Double Sided Tape Heavy Duty for Wall Crafts - Sticky Back Fastener Mounting Tape for Home or Office Use,Indoor & Outdoor Use,Black</p><p> -15% 0FF </p><p>$2.98</p><a href="https://www.amazon.com/dp/B0CY2CFX3Z?tag=eloabder-20&linkCode=osi&th=1&psc=1">View Product</a></div><div class="product"><a href="https://www.amazon.com/dp/B0CGVPMJBP?tag=eloabder-20&linkCode=osi&th=1&psc=1"><img src="https://m.media-amazon.com/images/I/51zEyhfBRuL._SL500_.jpg" alt="Product Image"></a><p>30Ft x 1 Inch Hook and Loop Strips with Adhesive, Double Rolls of Heavy Duty Self Adhesive Tape with Backing, Nylon Self Adhesive Tape for Home Office School and Crafting,Black</p><p> -17% 0FF </p><p>$9.99</p><a href="https://www.amazon.com/dp/B0CGVPMJBP?tag=eloabder-20&linkCode=osi&th=1&psc=1">View Product</a></div>
<div class="product"><a href="https://www.amazon.com/dp/B092D2YB8R?tag=eloabder-20&linkCode=osi&th=1&psc=1"><img src="https://m.media-amazon.com/images/I/41dc0rFLWKL._SL500_.jpg" alt="Product Image"></a><p>Gocheer Airbrush Kit with Air Compressor, 40 PSI High Pressure Air Brush Non-Clogging with 0.2/0.3/0.5mm Nozzle/Cleaning Sets, Ideal for Painting, Modeling, Cake Decor, Pastry, Makeup, Nail Art etc.</p><p> -25% 0FF </p><p>$59.99 ($60.60 / Count)</p><a href="https://www.amazon.com/dp/B092D2YB8R?tag=eloabder-20&linkCode=osi&th=1&psc=1">View Product</a></div><div class="product"><a href="https://www.amazon.com/dp/B009YNG21U?tag=eloabder-20&linkCode=osi&th=1&psc=1"><img src="https://m.media-amazon.com/images/I/51w-pNifHUL._SL500_.jpg" alt="Product Image"></a><p>Master Airbrush Cool Runner II Dual Fan Air Compressor Professional Airbrushing System Kit with 3 Airbrushes, Gravity and Siphon Feed - Holder, Color Mixing Wheel, Cleaning Brush Set, How-To Guide</p><p> -32% 0FF </p><p>$129.99</p><a href="https://www.amazon.com/dp/B009YNG21U?tag=eloabder-20&linkCode=osi&th=1&psc=1">View Product</a></div><div class="product"><a href="https://www.amazon.com/dp/B00EKT30JK?tag=eloabder-20&linkCode=osi&th=1&psc=1"><img src="https://m.media-amazon.com/images/I/51+LnhnmT4L._SL500_.jpg" alt="Product Image"></a><p>Master Airbrush Cool Runner II Dual Fan Air Compressor Professional Airbrushing System Kit with 3 Airbrushes, Gravity and Siphon Feed - 6 Primary Opaque Colors Acrylic Paint Artist Set - How to Guide</p><p> -21% 0FF </p><p>$149.99</p><a href="https://www.amazon.com/dp/B00EKT30JK?tag=eloabder-20&linkCode=osi&th=1&psc=1">View Product</a></div><div class="product"><a href="https://www.amazon.com/dp/B002KJDXHQ?tag=eloabder-20&linkCode=osi&th=1&psc=1"><img src="https://m.media-amazon.com/images/I/511zMf+d1jL._SL500_.jpg" alt="Product Image"></a><p>Master Airbrush G233 Pro Set with 3 Nozzle Sets - Dual-Action Gravity Feed Airbrush with Cutaway Handle and How-To Guide</p><p> -20% 0FF </p><p>$39.99</p><a href="https://www.amazon.com/dp/B002KJDXHQ?tag=eloabder-20&linkCode=osi&th=1&psc=1">View Product</a></div><div class="product"><a href="https://www.amazon.com/dp/B0C9TL5YCS?tag=eloabder-20&linkCode=osi&th=1&psc=1"><img src="https://m.media-amazon.com/images/I/41SP-k5zrTL._SL500_.jpg" alt="Product Image"></a><p>Airbrush Kit with Compressor - 48PSI Rechargeable Cordless Non-Clogging High-Pressure Air Brush Set with 0.3mm Nozzle and Cleaning Brush Set for Nail Art, Makeup, Painting, Cake Decor</p><p> -25% 0FF </p><p>$29.99</p><a href="https://www.amazon.com/dp/B0C9TL5YCS?tag=eloabder-20&linkCode=osi&th=1&psc=1">View Product</a></div><div class="product"><a href="https://www.amazon.com/dp/B0D8KHCP94?tag=eloabder-20&linkCode=osi&th=1&psc=1"><img src="https://m.media-amazon.com/images/I/41Kr4UJcgYL._SL500_.jpg" alt="Product Image"></a><p>Airbrush Kit with Compressor - 48PSI High-Pressure, Non-Clogging Air Brush Set Cordless Rechargeable with 0.3mm Nozzle and Cleaning Brush for Nail Art, Makeup, Painting, and Cake Decorating</p><p> -17% 0FF </p><p>$29.99</p><a href="https://www.amazon.com/dp/B0D8KHCP94?tag=eloabder-20&linkCode=osi&th=1&psc=1">View Product</a></div><div class="product"><a href="https://www.amazon.com/dp/B0CPBK2RL8?tag=eloabder-20&linkCode=osi&th=1&psc=1"><img src="https://m.media-amazon.com/images/I/41dO63RKanL._SL500_.jpg" alt="Product Image"></a><p>Airbrush for Nails Cordless Portable Airbrush Kit with Compressor 30PSI High-Pressure Rechargeable Air Brush Spray Machine with 0.3mm Nozzle for Painting Makeup Model Barber Cookie Cake (Pink)</p><p> -20% 0FF </p><p>$31.99</p><a href="https://www.amazon.com/dp/B0CPBK2RL8?tag=eloabder-20&linkCode=osi&th=1&psc=1">View Product</a></div>
<div class="product"><a href="https://www.amazon.com/dp/B0CYLCF5JJ?tag=eloabder-20&linkCode=osi&th=1&psc=1"><img src="https://m.media-amazon.com/images/I/511e1hcb5sL._SL500_.jpg" alt="Product Image"></a><p>2772Pcs Alphabet Stickers 22 Sheets 1 Inches Alphabet Number Stickers Self Adhesive Sticker Vinyl Stickers,for Notebook, Labels,Scrapbooking Crafts，DIY Crafts Art Making(Black)</p><p> -50% 0FF </p><p>$4.99 ($0.00 / Count)</p><a href="https://www.amazon.com/dp/B0CYLCF5JJ?tag=eloabder-20&linkCode=osi&th=1&psc=1">View Product</a></div>
<div class="product"><a href="https://www.amazon.com/dp/B0C8CMBYC5?tag=eloabder-20&linkCode=osi&th=1&psc=1"><img src="https://m.media-amazon.com/images/I/61Hrv0JwdPL._SL500_.jpg" alt="Product Image"></a><p>HAPTIME 50 Pcs Mini Dinosaur Figures, Mini Resin Animals to Hide, Sensory Bin/Treasure Box Toys, Bulk Plastic Dinosaur Party Favors, Small Classroom Prizes, Tiny Figurines for Kids, Vase Filler</p><p> -29% 0FF </p><p>$9.99</p><a href="https://www.amazon.com/dp/B0C8CMBYC5?tag=eloabder-20&linkCode=osi&th=1&psc=1">View Product</a></div><div class="product"><a href="https://www.amazon.com/dp/B08R1CBG39?tag=eloabder-20&linkCode=osi&th=1&psc=1"><img src="https://m.media-amazon.com/images/I/414R+Abh3gL._SL500_.jpg" alt="Product Image"></a><p>Unfinished Wood Animal Ornament Blank Wood Rabbit Peg Doll Figure Cutout Table Statue Model Desktop Centerpiece for DIY Painting Home Office Decor</p><p> -47% 0FF </p><p>$4.99</p><a href="https://www.amazon.com/dp/B08R1CBG39?tag=eloabder-20&linkCode=osi&th=1&psc=1">View Product</a></div>
<div class="product"><a href="https://www.amazon.com/dp/B08L4Y3HF9?tag=eloabder-20&linkCode=osi&th=1&psc=1"><img src="https://m.media-amazon.com/images/I/61z57ge6bVL._SL500_.jpg" alt="Product Image"></a><p>Harsgs 60pcs Random Assorted Styles Embroidered Patches, Bright Vivid Colors, Sew On/Iron On Patch Applique for Clothes, Dress, Hat, Jeans, DIY Accessories</p><p> -19% 0FF </p><p>$12.99 ($0.22 / Count)</p><a href="https://www.amazon.com/dp/B08L4Y3HF9?tag=eloabder-20&linkCode=osi&th=1&psc=1">View Product</a></div><div class="product"><a href="https://www.amazon.com/dp/B0C9DFB69D?tag=eloabder-20&linkCode=osi&th=1&psc=1"><img src="https://m.media-amazon.com/images/I/417GE2p61GL._SL500_.jpg" alt="Product Image"></a><p>18" Large Sparkle Rhinestones and Sequin Red Snake Shaped Patches Applique Trim Ribbon for Outfit Pack of 3</p><p> -5% 0FF </p><p>$37.95 ($12.65 / Count)</p><a href="https://www.amazon.com/dp/B0C9DFB69D?tag=eloabder-20&linkCode=osi&th=1&psc=1">View Product</a></div><div class="product"><a href="https://www.amazon.com/dp/B08T9BM9D9?tag=eloabder-20&linkCode=osi&th=1&psc=1"><img src="https://m.media-amazon.com/images/I/61s3mTMJ5gL._SL500_.jpg" alt="Product Image"></a><p>AXEN 60PCS Embroidered Iron On Patches DIY Accessories, Random Assorted Decorative Patches, Cute Sewing Applique for Jackets, Hats, Backpacks, Jeans, 60 Pieces Package</p><p> -24% 0FF </p><p>$12.99 ($0.22 / Count)</p><a href="https://www.amazon.com/dp/B08T9BM9D9?tag=eloabder-20&linkCode=osi&th=1&psc=1">View Product</a></div><div class="product"><a href="https://www.amazon.com/dp/B0BYK2J6N7?tag=eloabder-20&linkCode=osi&th=1&psc=1"><img src="https://m.media-amazon.com/images/I/51tsuNDSHfL._SL500_.jpg" alt="Product Image"></a><p>Liveish 1 Pair of Handmade Gold Rhinestone Appliques, 26.5 * 18cm Gold Applique for Dress Wedding Apparel Accessories Patches.（Shop Name: Yuanbao Boutique 188)(Gold)</p><p> -20% 0FF </p><p>$15.98</p><a href="https://www.amazon.com/dp/B0BYK2J6N7?tag=eloabder-20&linkCode=osi&th=1&psc=1">View Product</a></div>
<div class="product"><a href="https://www.amazon.com/dp/B09KPNFJW1?tag=eloabder-20&linkCode=osi&th=1&psc=1"><img src="https://m.media-amazon.com/images/I/41abn5fELmL._SL500_.jpg" alt="Product Image"></a><p>UniPleased Disposable Aprons (50 Count), Plastic apron for Painting Party, Cooking, Housework, Picnic etc.</p><p> -25% 0FF </p><p>$5.99</p><a href="https://www.amazon.com/dp/B09KPNFJW1?tag=eloabder-20&linkCode=osi&th=1&psc=1">View Product</a></div><div class="product"><a href="https://www.amazon.com/dp/1906525358?tag=eloabder-20&linkCode=osi&th=1&psc=1"><img src="https://m.media-amazon.com/images/I/51WPPo6wrdL._SL500_.jpg" alt="Product Image"></a><p>The Perfect Apron: 35 fun and flirty designs for you to make</p><p> -69% 0FF </p><p>$6.09</p><a href="https://www.amazon.com/dp/1906525358?tag=eloabder-20&linkCode=osi&th=1&psc=1">View Product</a></div><div class="product"><a href="https://www.amazon.com/dp/B0C55Q43Y6?tag=eloabder-20&linkCode=osi&th=1&psc=1"><img src="https://m.media-amazon.com/images/I/31G2DxeG1tL._SL500_.jpg" alt="Product Image"></a><p>Portable Paint Tent for Spray Painting, Small Airbrush Pop-up Shelter Booth Station Complete with Storage Bag and 3 Disposable Aprons</p><p> -50% 0FF </p><p>$14.99</p><a href="https://www.amazon.com/dp/B0C55Q43Y6?tag=eloabder-20&linkCode=osi&th=1&psc=1">View Product</a></div><div class="product"><a href="https://www.amazon.com/dp/B095CWKPJF?tag=eloabder-20&linkCode=osi&th=1&psc=1"><img src="https://m.media-amazon.com/images/I/51STxqdMDaL._SL500_.jpg" alt="Product Image"></a><p>Simplicity Misses' Wraparound Apron Packet, Code 9312 Sewing Pattern, Sizes XS-XL, White</p><p> -10% 0FF </p><p>$9.99</p><a href="https://www.amazon.com/dp/B095CWKPJF?tag=eloabder-20&linkCode=osi&th=1&psc=1">View Product</a></div><div class="product"><a href="https://www.amazon.com/dp/B01DQ33ILK?tag=eloabder-20&linkCode=osi&th=1&psc=1"><img src="https://m.media-amazon.com/images/I/51RToxvaLBL._SL500_.jpg" alt="Product Image"></a><p>Simplicity Vintage Simplicity 8152 1970's Fashion Vintage Apron Sewing Pattern, XS-L</p><p> -10% 0FF </p><p>$8.91</p><a href="https://www.amazon.com/dp/B01DQ33ILK?tag=eloabder-20&linkCode=osi&th=1&psc=1">View Product</a></div>
<div class="product"><a href="https://www.amazon.com/dp/B085F4JH1H?tag=eloabder-20&linkCode=osi&th=1&psc=1"><img src="https://m.media-amazon.com/images/I/41l7Efp7ILL._SL500_.jpg" alt="Product Image"></a><p>KEFF 24-Pack Bulk Canvas for Painting, 6 of 5x7, 8x10, 9x12, 11x14 Canvas Boards for Painting, Art Supplies for Adults & Kids - 100% Cotton Primed Painting Canvas for Acrylic, Oil, Watercolor, Tempera</p><p> -50% 0FF </p><p>$24.99</p><a href="https://www.amazon.com/dp/B085F4JH1H?tag=eloabder-20&linkCode=osi&th=1&psc=1">View Product</a></div><div class="product"><a href="https://www.amazon.com/dp/B07S29YTCG?tag=eloabder-20&linkCode=osi&th=1&psc=1"><img src="https://m.media-amazon.com/images/I/51X58r5V-5L._SL500_.jpg" alt="Product Image"></a><p>FIXSMITH Stretched White Blank Canvas - 11x14 Inch, 8 Pack, Primed,100% Cotton,5/8 Inch Profile of Super Value Pack for Acrylics,Oils & Other Painting Media</p><p> -17% 0FF </p><p>$24.99</p><a href="https://www.amazon.com/dp/B07S29YTCG?tag=eloabder-20&linkCode=osi&th=1&psc=1">View Product</a></div><div class="product"><a href="https://www.amazon.com/dp/B09CDKB9HY?tag=eloabder-20&linkCode=osi&th=1&psc=1"><img src="https://m.media-amazon.com/images/I/51+p5xnClGL._SL500_.jpg" alt="Product Image"></a><p>DPDIAN Canvas Boards for Painting 40 Pack, 8 inch x 10 inch Super Value Pack, Artist Canvas Panels for Oil & Acrylic Painting</p><p> -38% 0FF </p><p>$23.99</p><a href="https://www.amazon.com/dp/B09CDKB9HY?tag=eloabder-20&linkCode=osi&th=1&psc=1">View Product</a></div><div class="product"><a href="https://www.amazon.com/dp/B0BJZYCQV3?tag=eloabder-20&linkCode=osi&th=1&psc=1"><img src="https://m.media-amazon.com/images/I/41dS7xm9bKL._SL500_.jpg" alt="Product Image"></a><p>Simetufy Canvas Boards for Painting 12 Pack,8 x 10 Inch Painting Canvas Panels, Blank Canvas for Painting- Gesso Primed Acid-Free 100% Cotton for Acrylics Oil Watercolor Tempera Paints</p><p> -10% 0FF </p><p>$11.69</p><a href="https://www.amazon.com/dp/B0BJZYCQV3?tag=eloabder-20&linkCode=osi&th=1&psc=1">View Product</a></div><div class="product"><a href="https://www.amazon.com/dp/B087M21MM2?tag=eloabder-20&linkCode=osi&th=1&psc=1"><img src="https://m.media-amazon.com/images/I/41Xf-jehhLL._SL500_.jpg" alt="Product Image"></a><p>GOTIDEAL Stretched Canvas, Multi Pack 4x4, 5x7, 8x10,9x12, 11x14 Set of 10, Primed White - 100% Cotton Artist Canvas Boards for Painting, Acrylic Pouring, Oil Paint Dry & Wet Art Media</p><p> -28% 0FF </p><p>$22.99</p><a href="https://www.amazon.com/dp/B087M21MM2?tag=eloabder-20&linkCode=osi&th=1&psc=1">View Product</a></div><div class="product"><a href="https://www.amazon.com/dp/B09637DLSL?tag=eloabder-20&linkCode=osi&th=1&psc=1"><img src="https://m.media-amazon.com/images/I/511AdjCtVeL._SL500_.jpg" alt="Product Image"></a><p>Artkey Canvases for Painting 8x10 Inch 12-Pack, 10 oz Primed 100% Cotton White Blank Canvas Boards for Painting, Art Supplies Paint Canvas Panels for Acrylic Oil Watercolor Tempera Paints</p><p> -29% 0FF </p><p>$11.99</p><a href="https://www.amazon.com/dp/B09637DLSL?tag=eloabder-20&linkCode=osi&th=1&psc=1">View Product</a></div><div class="product"><a href="https://www.amazon.com/dp/B0CFBGP29G?tag=eloabder-20&linkCode=osi&th=1&psc=1"><img src="https://m.media-amazon.com/images/I/3147Az5plbL._SL500_.jpg" alt="Product Image"></a><p>ArtSkills Stretched Canvases for Painting, 12x16 Canvas Painting Supplies for Artists, Blank Canvas Pack, 2-Pack</p><p> -15% 0FF </p><p>$16.99</p><a href="https://www.amazon.com/dp/B0CFBGP29G?tag=eloabder-20&linkCode=osi&th=1&psc=1">View Product</a></div>
<div class="product"><a href="https://www.amazon.com/dp/B09CKXJFL1?tag=eloabder-20&linkCode=osi&th=1&psc=1"><img src="https://m.media-amazon.com/images/I/41bo99og2jL._SL500_.jpg" alt="Product Image"></a><p>RRFTOK Artist Easel Stand,Metal Tripod Adjustable Easel for Painting Canvases Height from 17 to 66 Inch,Carry Bag for Table-Top/Floor Drawing and Didplaying</p><p> -23% 0FF </p><p>$18.39</p><a href="https://www.amazon.com/dp/B09CKXJFL1?tag=eloabder-20&linkCode=osi&th=1&psc=1">View Product</a></div><div class="product"><a href="https://www.amazon.com/dp/B0BXS3NLZ3?tag=eloabder-20&linkCode=osi&th=1&psc=1"><img src="https://m.media-amazon.com/images/I/41QEnAIRAvL._SL500_.jpg" alt="Product Image"></a><p>Art Painting Display Easel Stand - Portable Adjustable Aluminum Metal Tripod Artist Easel with Bag, Height from 17" to 66", Extra Sturdy for Table-Top/Floor Painting, Drawing, and Displaying, Black</p><p> -37% 0FF </p><p>$18.39</p><a href="https://www.amazon.com/dp/B0BXS3NLZ3?tag=eloabder-20&linkCode=osi&th=1&psc=1">View Product</a></div><div class="product"><a href="https://www.amazon.com/dp/B07R5RHWVT?tag=eloabder-20&linkCode=osi&th=1&psc=1"><img src="https://m.media-amazon.com/images/I/41qUmoFSMiL._SL500_.jpg" alt="Product Image"></a><p>MEEDEN Versatile Studio H-Frame Easel - All Media Adjustable Beech Wood Studio Easel, Painting Floor Easel Stand, Movable and Tilting Flat Available, Holds Canvas Art up to 77"</p><p> -11% 0FF </p><p>$159.95</p><a href="https://www.amazon.com/dp/B07R5RHWVT?tag=eloabder-20&linkCode=osi&th=1&psc=1">View Product</a></div><div class="product"><a href="https://www.amazon.com/dp/B09KYHGKSB?tag=eloabder-20&linkCode=osi&th=1&psc=1"><img src="https://m.media-amazon.com/images/I/51yxWaZJsCL._SL500_.jpg" alt="Product Image"></a><p>Best Choice Products French Easel, 32pc Beginners Kit Portable Wooden Folding Adjustable Sketch Box Artist Tripod for Painting, Drawing w/Acrylic Paints, Brushes, Canvases, Palettes - Blue</p><p> -18% 0FF </p><p>$89.99</p><a href="https://www.amazon.com/dp/B09KYHGKSB?tag=eloabder-20&linkCode=osi&th=1&psc=1">View Product</a></div><div class="product"><a href="https://www.amazon.com/dp/B09TSQNQH9?tag=eloabder-20&linkCode=osi&th=1&psc=1"><img src="https://m.media-amazon.com/images/I/414Lw12-jXL._SL500_.jpg" alt="Product Image"></a><p>Easel Stand for Display, Aredy 63" Portable Painting Easel, Lightweight Metal Easels for Painting Canvas, Wedding Sign (2 pack)</p><p> -15% 0FF </p><p>$22.39</p><a href="https://www.amazon.com/dp/B09TSQNQH9?tag=eloabder-20&linkCode=osi&th=1&psc=1">View Product</a></div><div class="product"><a href="https://www.amazon.com/dp/B082HCKMP5?tag=eloabder-20&linkCode=osi&th=1&psc=1"><img src="https://m.media-amazon.com/images/I/41TKUQFyeaL._SL500_.jpg" alt="Product Image"></a><p>Premium Sketchbox Desktop Art Easel, Tabletop, Wooden for Painting, Student, Artist, Beginner</p><p> -11% 0FF </p><p>$32.88</p><a href="https://www.amazon.com/dp/B082HCKMP5?tag=eloabder-20&linkCode=osi&th=1&psc=1">View Product</a></div>
<div class="product"><a href="https://www.amazon.com/dp/B074W56CQ4?tag=eloabder-20&linkCode=osi&th=1&psc=1"><img src="https://m.media-amazon.com/images/I/41LkUciLZOL._SL500_.jpg" alt="Product Image"></a><p>Hulameda Paint Tray Palettes, Plastic Paint Pallets for Kids or Students to Paints on School Project or Art Class-12pcs</p><p> -13% 0FF </p><p>$6.99 ($0.58 / Count)</p><a href="https://www.amazon.com/dp/B074W56CQ4?tag=eloabder-20&linkCode=osi&th=1&psc=1">View Product</a></div><div class="product"><a href="https://www.amazon.com/dp/B0BWM34CR6?tag=eloabder-20&linkCode=osi&th=1&psc=1"><img src="https://m.media-amazon.com/images/I/31jHvJEw98L._SL500_.jpg" alt="Product Image"></a><p>Tamaki Acrylic Paint Palette Paint Pallet Clear Paint Tray Palette, Easy Clean Non-Stick Artist Pallet for Oil Watercolor Craft DIY Art Painting Palette, 2 PCS</p><p> -14% 0FF </p><p>$5.99</p><a href="https://www.amazon.com/dp/B0BWM34CR6?tag=eloabder-20&linkCode=osi&th=1&psc=1">View Product</a></div><div class="product"><a href="https://www.amazon.com/dp/B0B9R91Z2P?tag=eloabder-20&linkCode=osi&th=1&psc=1"><img src="https://m.media-amazon.com/images/I/310IAmNkqoL._SL500_.jpg" alt="Product Image"></a><p>Tamaki 2 Pack 11.8 x 7.9 Inch Acrylic Paint Palette with Thumb Hole Clear Paint Pallet, Easy Clean Non-Stick Artist Pallet for Oil Watercolor Craft DIY Art Painting Palette</p><p> -14% 0FF </p><p>$5.99</p><a href="https://www.amazon.com/dp/B0B9R91Z2P?tag=eloabder-20&linkCode=osi&th=1&psc=1">View Product</a></div><div class="product"><a href="https://www.amazon.com/dp/B09XCF523Q?tag=eloabder-20&linkCode=osi&th=1&psc=1"><img src="https://m.media-amazon.com/images/I/21C+8UGsBRL._SL500_.jpg" alt="Product Image"></a><p>Sweaty Pony 20 Well Watercolor Paint Tray Palette Pallet Acrylic Painting Mixing Plastic Artist Large Square Palette, 13 x 10 Inches, White, 1PCS</p><p> -25% 0FF </p><p>$5.99</p><a href="https://www.amazon.com/dp/B09XCF523Q?tag=eloabder-20&linkCode=osi&th=1&psc=1">View Product</a></div>
<div class="product"><a href="https://www.amazon.com/dp/B08TLK1ZSV?tag=eloabder-20&linkCode=osi&th=1&psc=1"><img src="https://m.media-amazon.com/images/I/51sM-NS8tJL._SL500_.jpg" alt="Product Image"></a><p>9 x 12 inches Sketch Book, Top Spiral Bound Sketch Pad, 1 Pack 100-Sheets (68lb/100gsm), Acid Free Art Sketchbook Artistic Drawing Painting Writing Paper for Kids Adults Beginners Artists</p><p> -50% 0FF </p><p>$8.99 ($0.09 / Count)</p><a href="https://www.amazon.com/dp/B08TLK1ZSV?tag=eloabder-20&linkCode=osi&th=1&psc=1">View Product</a></div><div class="product"><a href="https://www.amazon.com/dp/B0D5R7JRKZ?tag=eloabder-20&linkCode=osi&th=1&psc=1"><img src="https://m.media-amazon.com/images/I/41ip9gU5DFL._SL500_.jpg" alt="Product Image"></a><p>Hapikalor Watercolor Paper Pad, 9"x12" Water Color Paper, 140lb/300gsm Artist Painting Drawing Paper Book, Art Supplies for Adults Kids, Watercolors, Watercolor Paint Set, Sketchbook, Journal, Teal</p><p> -20% 0FF </p><p>$7.99</p><a href="https://www.amazon.com/dp/B0D5R7JRKZ?tag=eloabder-20&linkCode=osi&th=1&psc=1">View Product</a></div><div class="product"><a href="https://www.amazon.com/dp/B0027A75A4?tag=eloabder-20&linkCode=osi&th=1&psc=1"><img src="https://m.media-amazon.com/images/I/51dyOxxcgYL._SL500_.jpg" alt="Product Image"></a><p>Strathmore 200 Series Sketch Pad, 9x12 inch, 100 Sheets, Tape Bound - Artist Sketchbook for Drawing, Illustration, Art Class Students</p><p> -28% 0FF </p><p>$6.25 ($0.06 / Count)</p><a href="https://www.amazon.com/dp/B0027A75A4?tag=eloabder-20&linkCode=osi&th=1&psc=1">View Product</a></div><div class="product"><a href="https://www.amazon.com/dp/B0027ACP0O?tag=eloabder-20&linkCode=osi&th=1&psc=1"><img src="https://m.media-amazon.com/images/I/517YAKefnpL._SL500_.jpg" alt="Product Image"></a><p>Strathmore 300 Series Bristol Paper Pad, Smooth, Tape Bound, 11x14 inches, 20 Sheets (100lb/270g) - Artist Paper for Adults and Students - Markers, Pen and Ink</p><p> -58% 0FF </p><p>$7.49 ($0.37 / Count)</p><a href="https://www.amazon.com/dp/B0027ACP0O?tag=eloabder-20&linkCode=osi&th=1&psc=1">View Product</a></div><div class="product"><a href="https://www.amazon.com/dp/B09FYY48MN?tag=eloabder-20&linkCode=osi&th=1&psc=1"><img src="https://m.media-amazon.com/images/I/41Oe-iH-rSL._SL500_.jpg" alt="Product Image"></a><p>9" x 12" Sketch Book, Hardcover Sketchbook, Top Spiral Bound Sketch Pad, 100 Sheets (68lb/100gsm) Drawing Paper Pad, Art Supplies for Adults for Kids Drawing Notebook.</p><p> -17% 0FF </p><p>$9.59</p><a href="https://www.amazon.com/dp/B09FYY48MN?tag=eloabder-20&linkCode=osi&th=1&psc=1">View Product</a></div><div class="product"><a href="https://www.amazon.com/dp/B004M59O4C?tag=eloabder-20&linkCode=osi&th=1&psc=1"><img src="https://m.media-amazon.com/images/I/51u-bSUsNEL._SL500_.jpg" alt="Product Image"></a><p>Canson XL Series Watercolor Pad, Heavyweight White Paper, Foldover Binding, 30 Sheets, 9x12 inch</p><p> -46% 0FF </p><p>$12.40</p><a href="https://www.amazon.com/dp/B004M59O4C?tag=eloabder-20&linkCode=osi&th=1&psc=1">View Product</a></div>
<div class="product"><a href="https://www.amazon.com/dp/B08ZMH7LJY?tag=eloabder-20&linkCode=osi&th=1&psc=1"><img src="https://m.media-amazon.com/images/I/51mJIsLJA-S._SL500_.jpg" alt="Product Image"></a><p>PANDAFLY Professional Drawing Sketching Pencil Set - 12 Pieces Graphite Pencils(14B - 2H), Ideal for Drawing Art, Sketching, Shading, Artist Pencils for Beginners & Pro Artists</p><p> -33% 0FF </p><p>$5.99</p><a href="https://www.amazon.com/dp/B08ZMH7LJY?tag=eloabder-20&linkCode=osi&th=1&psc=1">View Product</a></div><div class="product"><a href="https://www.amazon.com/dp/B088K1G5NL?tag=eloabder-20&linkCode=osi&th=1&psc=1"><img src="https://m.media-amazon.com/images/I/51F2bOMZWnL._SL500_.jpg" alt="Product Image"></a><p>MARKART Professional Drawing Sketching Pencil Set - 14 Pieces,Graphite,(12B - 4H), Ideal for Drawing Art, Sketching, Shading, Artist Pencils for Beginners & Pro Artists</p><p> -46% 0FF </p><p>$6.99</p><a href="https://www.amazon.com/dp/B088K1G5NL?tag=eloabder-20&linkCode=osi&th=1&psc=1">View Product</a></div><div class="product"><a href="https://www.amazon.com/dp/B01N09ZDEI?tag=eloabder-20&linkCode=osi&th=1&psc=1"><img src="https://m.media-amazon.com/images/I/51awfumPEiL._SL500_.jpg" alt="Product Image"></a><p>Soucolor 72-Color Colored Pencils for Adult Coloring Books, Back to School Supplies, Soft Core Artist Sketching Drawing Pencils Drawing Supplies, Art Supplies Kit for Adults Kids, Coloring Pencils Set</p><p> -40% 0FF </p><p>$11.98</p><a href="https://www.amazon.com/dp/B01N09ZDEI?tag=eloabder-20&linkCode=osi&th=1&psc=1">View Product</a></div><div class="product"><a href="https://www.amazon.com/dp/B092M2FXB8?tag=eloabder-20&linkCode=osi&th=1&psc=1"><img src="https://m.media-amazon.com/images/I/51vZNdWo7nS._SL500_.jpg" alt="Product Image"></a><p>Prina 50 Pack Drawing Set Sketch Kit, Sketching Supplies with 3-Color Sketchbook, Graphite, and Charcoal Pencils, Pro Art Drawing Kit for Artists Adults Teens Beginner Kid, Ideal for Shading, Blending</p><p> -45% 0FF </p><p>$16.99</p><a href="https://www.amazon.com/dp/B092M2FXB8?tag=eloabder-20&linkCode=osi&th=1&psc=1">View Product</a></div><div class="product"><a href="https://www.amazon.com/dp/B07FML92JL?tag=eloabder-20&linkCode=osi&th=1&psc=1"><img src="https://m.media-amazon.com/images/I/41VVsR9JR9L._SL500_.jpg" alt="Product Image"></a><p>Winsor & Newton Studio Collection Artist Pencils, Sketching Pencils, Set of 10</p><p> -14% 0FF </p><p>$14.99</p><a href="https://www.amazon.com/dp/B07FML92JL?tag=eloabder-20&linkCode=osi&th=1&psc=1">View Product</a></div><div class="product"><a href="https://www.amazon.com/dp/B0D254P2NW?tag=eloabder-20&linkCode=osi&th=1&psc=1"><img src="https://m.media-amazon.com/images/I/51JrXvaxmUL._SL500_.jpg" alt="Product Image"></a><p>PANDAFLY Drawing Sketching Pencil Set, 42 Pack Pro Art Pencil Kit with Graphite Pencils (14B-4H), Charcoal Pencil, Ideal for Shading, Blending, Drawing Set for Beginners & Pro Artists</p><p> -50% 0FF </p><p>$7.99</p><a href="https://www.amazon.com/dp/B0D254P2NW?tag=eloabder-20&linkCode=osi&th=1&psc=1">View Product</a></div><div class="product"><a href="https://www.amazon.com/dp/B000I5MNC0?tag=eloabder-20&linkCode=osi&th=1&psc=1"><img src="https://m.media-amazon.com/images/I/41x3fiMbbxL._SL500_.jpg" alt="Product Image"></a><p>Faber-Castell 9000 Graphite Sketch Pencil Sets Art 8B - 2H set of 12</p><p> -23% 0FF </p><p>$16.86</p><a href="https://www.amazon.com/dp/B000I5MNC0?tag=eloabder-20&linkCode=osi&th=1&psc=1">View Product</a></div><div class="product"><a href="https://www.amazon.com/dp/B0716W4HT2?tag=eloabder-20&linkCode=osi&th=1&psc=1"><img src="https://m.media-amazon.com/images/I/413mbXo1tfL._SL500_.jpg" alt="Product Image"></a><p>Oil Pastel Pencils for Artists 48 ct - Oil Based Colored Pencils - Drawing, Sketching and Adult Coloring - Soft Core Art Coloring Pencils Set with Skin Tone</p><p> -35% 0FF </p><p>$17.49</p><a href="https://www.amazon.com/dp/B0716W4HT2?tag=eloabder-20&linkCode=osi&th=1&psc=1">View Product</a></div>
<div class="product"><a href="https://www.amazon.com/dp/B0778WXGC2?tag=eloabder-20&linkCode=osi&th=1&psc=1"><img src="https://m.media-amazon.com/images/I/612XF1pkfEL._SL500_.jpg" alt="Product Image"></a><p>Folkwear English Smock #221 Farmer Shirt Artist Blouse Traditional Old England Sewing Pattern (Pattern Only) folkwear221</p><p> -17% 0FF </p><p>$16.95</p><a href="https://www.amazon.com/dp/B0778WXGC2?tag=eloabder-20&linkCode=osi&th=1&psc=1">View Product</a></div>
<div class="product"><a href="https://www.amazon.com/dp/B0987JPQ74?tag=eloabder-20&linkCode=osi&th=1&psc=1"><img src="https://m.media-amazon.com/images/I/51T06yxPRCL._SL500_.jpg" alt="Product Image"></a><p>DIYSELF 16-Piece Craft Knife Set, Exacto Knife Set, 3-Piece Hobby Knife with 10-Piece Exacto Knife Blades, Precision Art Knife for Pumpkin Carving, Modeling, Exactly Knife, Pumpkin Carving Tools</p><p> -10% 0FF </p><p>$8.99</p><a href="https://www.amazon.com/dp/B0987JPQ74?tag=eloabder-20&linkCode=osi&th=1&psc=1">View Product</a></div><div class="product"><a href="https://www.amazon.com/dp/B0BV5S193T?tag=eloabder-20&linkCode=osi&th=1&psc=1"><img src="https://m.media-amazon.com/images/I/41K5HSjhJVL._SL500_.jpg" alt="Product Image"></a><p>5 Piece Palette knifes Painting Knife Set for Oil, Acrylic Paint,Cake Decorating,Stainless Steel Pallet Knife Paint Knife Art Spatula for Various Types of Painting,ColorMixing,Smearing</p><p> -17% 0FF </p><p>$4.99</p><a href="https://www.amazon.com/dp/B0BV5S193T?tag=eloabder-20&linkCode=osi&th=1&psc=1">View Product</a></div><div class="product"><a href="https://www.amazon.com/dp/B0851M3749?tag=eloabder-20&linkCode=osi&th=1&psc=1"><img src="https://m.media-amazon.com/images/I/41KKSGSDl5L._SL500_.jpg" alt="Product Image"></a><p>N NOROCME 12 PCS Blending Stumps and Tortillions Paper Art Blenders with Sandpaper Pencil Sharpener Pointer for Student Artist Charcoal Sketch Drawing Tools</p><p> -55% 0FF </p><p>$4.99</p><a href="https://www.amazon.com/dp/B0851M3749?tag=eloabder-20&linkCode=osi&th=1&psc=1">View Product</a></div>
<div class="product"><a href="https://www.amazon.com/dp/B017T977MI?tag=eloabder-20&linkCode=osi&th=1&psc=1"><img src="https://m.media-amazon.com/images/I/418eKRiCmHL._SL500_.jpg" alt="Product Image"></a><p>Lion Brand 24/7 Cotton Yarn, Lightweight Yarn for Knitting, Crocheting, and Crafts, Sky, 1 Pack</p><p> -29% 0FF </p><p>$4.87 ($0.01 / Foot)</p><a href="https://www.amazon.com/dp/B017T977MI?tag=eloabder-20&linkCode=osi&th=1&psc=1">View Product</a></div><div class="product"><a href="https://www.amazon.com/dp/B001EWBLYC?tag=eloabder-20&linkCode=osi&th=1&psc=1"><img src="https://m.media-amazon.com/images/I/51CsW4tWtWL._SL500_.jpg" alt="Product Image"></a><p>RED HEART Soft Baby Steps Yarn, Baby Blue</p><p> -27% 0FF </p><p>$6.54 ($0.01 / Foot)</p><a href="https://www.amazon.com/dp/B001EWBLYC?tag=eloabder-20&linkCode=osi&th=1&psc=1">View Product</a></div><div class="product"><a href="https://www.amazon.com/dp/B09WJG6BYH?tag=eloabder-20&linkCode=osi&th=1&psc=1"><img src="https://m.media-amazon.com/images/I/51J3kWAkcML._SL500_.jpg" alt="Product Image"></a><p>Bernat Baby Blanket Lovely Blue Yarn - 2 Pack of 300g/10.5oz - Polyester - 6 Super Bulky - 220 Yards - Knitting/Crochet</p><p> -12% 0FF </p><p>$22.78</p><a href="https://www.amazon.com/dp/B09WJG6BYH?tag=eloabder-20&linkCode=osi&th=1&psc=1">View Product</a></div><div class="product"><a href="https://www.amazon.com/dp/B079PB452K?tag=eloabder-20&linkCode=osi&th=1&psc=1"><img src="https://m.media-amazon.com/images/I/41uh2hj6jTL._SL500_.jpg" alt="Product Image"></a><p>Lion Brand Yarn Feels Like Butta Soft Yarn for Crocheting and Knitting, Velvety, 1-Pack, Dusty Blue</p><p> -38% 0FF </p><p>$3.99 ($0.01 / Foot)</p><a href="https://www.amazon.com/dp/B079PB452K?tag=eloabder-20&linkCode=osi&th=1&psc=1">View Product</a></div><div class="product"><a href="https://www.amazon.com/dp/B003D7O1UC?tag=eloabder-20&linkCode=osi&th=1&psc=1"><img src="https://m.media-amazon.com/images/I/413-j-cJxPL._SL500_.jpg" alt="Product Image"></a><p>Lion Brand Yarn (1 Skein) Vanna's Choice Yarn, Dusty Blue</p><p> -20% 0FF </p><p>$3.99 ($0.01 / Foot)</p><a href="https://www.amazon.com/dp/B003D7O1UC?tag=eloabder-20&linkCode=osi&th=1&psc=1">View Product</a></div><div class="product"><a href="https://www.amazon.com/dp/B08JTYHC8B?tag=eloabder-20&linkCode=osi&th=1&psc=1"><img src="https://m.media-amazon.com/images/I/416LqlC3EXL._SL500_.jpg" alt="Product Image"></a><p>Alize Diva Silky Effect 100% Microfiber Acrylic Yarn 1 Ball skeins 100gr 383yds Color (346 - Sky Blue)</p><p> -16% 0FF </p><p>$5.49 ($0.00 / Foot)</p><a href="https://www.amazon.com/dp/B08JTYHC8B?tag=eloabder-20&linkCode=osi&th=1&psc=1">View Product</a></div>
<div class="product"><a href="https://www.amazon.com/dp/B0B2WMHCS2?tag=eloabder-20&linkCode=osi&th=1&psc=1"><img src="https://m.media-amazon.com/images/I/51HdKWtmsqL._SL500_.jpg" alt="Product Image"></a><p>Quill Pen Vintage Feather Calligraphy Pen Refined Quill Ballpoint for Writing Signature or Gift Wedding Bridal (Black)</p><p> -10% 0FF </p><p>$4.30</p><a href="https://www.amazon.com/dp/B0B2WMHCS2?tag=eloabder-20&linkCode=osi&th=1&psc=1">View Product</a></div><div class="product"><a href="https://www.amazon.com/dp/B084LMTR6J?tag=eloabder-20&linkCode=osi&th=1&psc=1"><img src="https://m.media-amazon.com/images/I/31v-ETvx49L._SL500_.jpg" alt="Product Image"></a><p>Cricut Joy Extra Fine Point Pens 0.3mm, 3 Count, Black</p><p> -66% 0FF </p><p>$2.69 ($0.90 / Count)</p><a href="https://www.amazon.com/dp/B084LMTR6J?tag=eloabder-20&linkCode=osi&th=1&psc=1">View Product</a></div><div class="product"><a href="https://www.amazon.com/dp/B0CQF3BJ3S?tag=eloabder-20&linkCode=osi&th=1&psc=1"><img src="https://m.media-amazon.com/images/I/41gs6AOiP6L._SL500_.jpg" alt="Product Image"></a><p>3 in 1 Retractable Ballpoint Pen with Light and Stylus, Nice Pens for Journaling Writing in The Dark - White/Red Light Tip- 0.7mm Black Ink</p><p> -13% 0FF </p><p>$12.99</p><a href="https://www.amazon.com/dp/B0CQF3BJ3S?tag=eloabder-20&linkCode=osi&th=1&psc=1">View Product</a></div><div class="product"><a href="https://www.amazon.com/dp/B097MJBPQ4?tag=eloabder-20&linkCode=osi&th=1&psc=1"><img src="https://m.media-amazon.com/images/I/41vwBosmAUL._SL500_.jpg" alt="Product Image"></a><p>JANYUN 3 Pieces Pen Shape Resin Mold Ballpoint Pen Silicone Molds Epoxy Resin Molds Resin Casting Molds with 75 Pieces Ballpoint Refill Pens for DIY Resin Crafts Making (Black Blue)</p><p> -12% 0FF </p><p>$7.95 ($2.65 / Count)</p><a href="https://www.amazon.com/dp/B097MJBPQ4?tag=eloabder-20&linkCode=osi&th=1&psc=1">View Product</a></div><div class="product"><a href="https://www.amazon.com/dp/B0D8GL3RLX?tag=eloabder-20&linkCode=osi&th=1&psc=1"><img src="https://m.media-amazon.com/images/I/41pLKPe4lfL._SL500_.jpg" alt="Product Image"></a><p>MARTCOLOR Gold Silver White Gel Pens, 1mm Fine Point Gel Ink Pen Opaque Archival Ink Pens for Black Paper Drawing, Sketching, Illustration, Card Making, Bullet Journaling, 3 Pack</p><p> -14% 0FF </p><p>$5.99</p><a href="https://www.amazon.com/dp/B0D8GL3RLX?tag=eloabder-20&linkCode=osi&th=1&psc=1">View Product</a></div>
<div class="product"><a href="https://www.amazon.com/dp/B09G2979JS?tag=eloabder-20&linkCode=osi&th=1&psc=1"><img src="https://m.media-amazon.com/images/I/61NISgl9z4L._SL500_.jpg" alt="Product Image"></a><p>Gionlion 6000 Clay Beads Bracelet Making Kit, 24 Colors Flat Preppy Beads for Friendship Bracelets, Polymer Clay Beads with Charms for Jewelry Making, Crafts Gifts for Girls Ages 6-12</p><p> -70% 0FF </p><p>$8.99 ($0.00 / Count)</p><a href="https://www.amazon.com/dp/B09G2979JS?tag=eloabder-20&linkCode=osi&th=1&psc=1">View Product</a></div><div class="product"><a href="https://www.amazon.com/dp/B0CQJDDSN7?tag=eloabder-20&linkCode=osi&th=1&psc=1"><img src="https://m.media-amazon.com/images/I/61Un7cTgOyL._SL500_.jpg" alt="Product Image"></a><p>LIS HEGENSA 24 Color Pony Beads Bulk 1000 Pcs,Kandi Beads for Necklace Jewelry Making Earring Hair Braiding,Bracelets Making Kits,Hair Bead,Bracelet Beads,Plastic Beads for Crafts Braids Girls</p><p> -30% 0FF </p><p>$6.99</p><a href="https://www.amazon.com/dp/B0CQJDDSN7?tag=eloabder-20&linkCode=osi&th=1&psc=1">View Product</a></div><div class="product"><a href="https://www.amazon.com/dp/B0C6D7DCV9?tag=eloabder-20&linkCode=osi&th=1&psc=1"><img src="https://m.media-amazon.com/images/I/51Y7WgErJ4L._SL500_.jpg" alt="Product Image"></a><p>shynek 1400 Pieces 6mm Round Glass Beads for Jewelry Making, 28 Colors Crystal Beads for Bracelets Jewelry Making and DIY Crafts(Solid Color)</p><p> -44% 0FF </p><p>$13.99 ($0.01 / Count)</p><a href="https://www.amazon.com/dp/B0C6D7DCV9?tag=eloabder-20&linkCode=osi&th=1&psc=1">View Product</a></div><div class="product"><a href="https://www.amazon.com/dp/B0CF1BD1C4?tag=eloabder-20&linkCode=osi&th=1&psc=1"><img src="https://m.media-amazon.com/images/I/511uBv47XkL._SL500_.jpg" alt="Product Image"></a><p>SUTOUG 1000PCS Colourful Letter Beads for Threading, 4 x 7 MM, A-Z White Letter Beads and Colourful Heart Beads, Acrylic Round Beads for Jewellery DIY Making Crafts Bracelets Necklaces Ornaments-Gold</p><p> -13% 0FF </p><p>$5.99 ($1.21 / Ounce)</p><a href="https://www.amazon.com/dp/B0CF1BD1C4?tag=eloabder-20&linkCode=osi&th=1&psc=1">View Product</a></div><div class="product"><a href="https://www.amazon.com/dp/B0C5JBWBXB?tag=eloabder-20&linkCode=osi&th=1&psc=1"><img src="https://m.media-amazon.com/images/I/616c37RFkJL._SL500_.jpg" alt="Product Image"></a><p>Redtwo 3400pcs 4mm Glass Seed Beads for Jewelry Bracelet Making Kit, Small Beads Friendship Bracelet Kit, Tiny Waist Beads Kit with Letter Beads and Elastic String, DIY Art Craft Girls Gifts.</p><p> -22% 0FF </p><p>$6.99</p><a href="https://www.amazon.com/dp/B0C5JBWBXB?tag=eloabder-20&linkCode=osi&th=1&psc=1">View Product</a></div><div class="product"><a href="https://www.amazon.com/dp/B007QNXBR8?tag=eloabder-20&linkCode=osi&th=1&psc=1"><img src="https://m.media-amazon.com/images/I/51AU4aa67CL._SL500_.jpg" alt="Product Image"></a><p>Beadery B6262 The Sparkles Pony Bead Box - approximately 2300 beads</p><p> -44% 0FF </p><p>$12.97 ($0.01 / Count)</p><a href="https://www.amazon.com/dp/B007QNXBR8?tag=eloabder-20&linkCode=osi&th=1&psc=1">View Product</a></div>
<div class="product"><a href="https://www.amazon.com/dp/B07BNF8KH5?tag=eloabder-20&linkCode=osi&th=1&psc=1"><img src="https://m.media-amazon.com/images/I/51jVByheyVL._SL500_.jpg" alt="Product Image"></a><p>PH PandaHall 100 Yards 1mm Waxed Cotton Cord Thread Beading String for Bracelet Necklace Making Crafting Beading Macrame Vase Decor, Burlywood</p><p> -41% 0FF </p><p>$7.19 ($0.02 / Foot)</p><a href="https://www.amazon.com/dp/B07BNF8KH5?tag=eloabder-20&linkCode=osi&th=1&psc=1">View Product</a></div><div class="product"><a href="https://www.amazon.com/dp/B08F49YVQP?tag=eloabder-20&linkCode=osi&th=1&psc=1"><img src="https://m.media-amazon.com/images/I/41yCMIpj0rS._SL500_.jpg" alt="Product Image"></a><p>1mm Stretchy Bracelet String, Sturdy Rainbow Elastic String Elastic Cord for Jewelry Making, Necklaces, Beading and Crafts</p><p> -36% 0FF </p><p>$6.99 ($0.04 / Foot)</p><a href="https://www.amazon.com/dp/B08F49YVQP?tag=eloabder-20&linkCode=osi&th=1&psc=1">View Product</a></div><div class="product"><a href="https://www.amazon.com/dp/B0BZYSBG2N?tag=eloabder-20&linkCode=osi&th=1&psc=1"><img src="https://m.media-amazon.com/images/I/51apPSltd9L._SL500_.jpg" alt="Product Image"></a><p>Nylon String for Bracelets, 25 Colors 1125 Yards Chinese Knotting Cord, 0.8 mm Nylon Cord for Jewelry Making, Beading, Necklaces, Kumihimo, Friendship Bracelets, Tassels and Craft</p><p> -5% 0FF </p><p>$18.99 ($0.01 / Foot)</p><a href="https://www.amazon.com/dp/B0BZYSBG2N?tag=eloabder-20&linkCode=osi&th=1&psc=1">View Product</a></div><div class="product"><a href="https://www.amazon.com/dp/B001PZD1C8?tag=eloabder-20&linkCode=osi&th=1&psc=1"><img src="https://m.media-amazon.com/images/I/41r2T29Hr7S._SL500_.jpg" alt="Product Image"></a><p>Stretch Magic Bead & Jewelry Cord - Strong & Stretchy, Easy to Knot - Clear Color - 0.5mm diameter - 10-meter (32.8 ft) spool - Elastic String for making beaded jewelry</p><p> -36% 0FF </p><p>$4.50 ($0.14 / Foot)</p><a href="https://www.amazon.com/dp/B001PZD1C8?tag=eloabder-20&linkCode=osi&th=1&psc=1">View Product</a></div>
<div class="product"><a href="https://www.amazon.com/dp/B0CBRC7K9K?tag=eloabder-20&linkCode=osi&th=1&psc=1"><img src="https://m.media-amazon.com/images/I/41JvPiusoSL._SL500_.jpg" alt="Product Image"></a><p>FIVEIZERO 21 Pieces Beading Needles Set, 6 Sizes Seed Beads Needles Big Eye Beading Needles Collapsible Beading Needles Set for Jewelry Making</p><p> -30% 0FF </p><p>$6.99</p><a href="https://www.amazon.com/dp/B0CBRC7K9K?tag=eloabder-20&linkCode=osi&th=1&psc=1">View Product</a></div><div class="product"><a href="https://www.amazon.com/dp/B0BNTYN4X5?tag=eloabder-20&linkCode=osi&th=1&psc=1"><img src="https://m.media-amazon.com/images/I/51elL0Dm7cL._SL500_.jpg" alt="Product Image"></a><p>58 Pcs Beading Needles Set,50 Pcs Long Straight Beading Thread Needles, 8 Pcs Big Eye Beading Needles with Threader, Needle Bottle, Yarn Scissors,Tweezers for Bracelets and Jewelry Making</p><p> -22% 0FF </p><p>$6.99</p><a href="https://www.amazon.com/dp/B0BNTYN4X5?tag=eloabder-20&linkCode=osi&th=1&psc=1">View Product</a></div><div class="product"><a href="https://www.amazon.com/dp/B09VGLZKGJ?tag=eloabder-20&linkCode=osi&th=1&psc=1"><img src="https://m.media-amazon.com/images/I/41jYxsbzW1L._SL500_.jpg" alt="Product Image"></a><p>UOOU 28 Pcs Beading Needles Set Include 20 Pcs Long Straight Beading Thread Needles + 8 Pcs Big Eye Beading Needles, Embroidery Needles with Needle Bottle, Thimble, Needle Threaders for Jewelry Making</p><p> -14% 0FF </p><p>$5.99</p><a href="https://www.amazon.com/dp/B09VGLZKGJ?tag=eloabder-20&linkCode=osi&th=1&psc=1">View Product</a></div><div class="product"><a href="https://www.amazon.com/dp/B0D127NY14?tag=eloabder-20&linkCode=osi&th=1&psc=1"><img src="https://m.media-amazon.com/images/I/41sq0seXVfL._SL500_.jpg" alt="Product Image"></a><p>FIVEIZERO 60 Pieces Beading Needle Set, 5 Sizes Species Big Eye Beading Needles (with Threader) Needle Bottle, Yarn, Embroidery Needle, Thimble Foldable Beading Needle Set for Jewelry Making</p><p> -30% 0FF </p><p>$6.99</p><a href="https://www.amazon.com/dp/B0D127NY14?tag=eloabder-20&linkCode=osi&th=1&psc=1">View Product</a></div>
<div class="product"><a href="https://www.amazon.com/dp/B001GMUBJ6?tag=eloabder-20&linkCode=osi&th=1&psc=1"><img src="https://m.media-amazon.com/images/I/51ovvZkwriL._SL500_.jpg" alt="Product Image"></a><p>The Beadsmith Fireline by Berkley – Micro-Fused Braided Thread – 6lb. Test, 006”/.15mm Diameter, 50 Yard Spool, Crystal Color – Super Strong Stringing Material for Jewelry Making and Bead Weaving</p><p> -5% 0FF </p><p>$11.99</p><a href="https://www.amazon.com/dp/B001GMUBJ6?tag=eloabder-20&linkCode=osi&th=1&psc=1">View Product</a></div><div class="product"><a href="https://www.amazon.com/dp/B07FL95S7C?tag=eloabder-20&linkCode=osi&th=1&psc=1"><img src="https://m.media-amazon.com/images/I/41Pbjyx1lnL._SL500_.jpg" alt="Product Image"></a><p>Treasure Gurus Artificial Deer Sinew Waxed Beading Craft Poly Thread Spool Natural Wax Sinue</p><p> -7% 0FF </p><p>$13.25 ($0.01 / Foot)</p><a href="https://www.amazon.com/dp/B07FL95S7C?tag=eloabder-20&linkCode=osi&th=1&psc=1">View Product</a></div>
<div class="product"><a href="https://www.amazon.com/dp/B00D3KOB2W?tag=eloabder-20&linkCode=osi&th=1&psc=1"><img src="https://m.media-amazon.com/images/I/419Au7VfUYL._SL500_.jpg" alt="Product Image"></a><p>Beadalon 7 Strand Stainless Steel Bead Stringing Wire, 0.012 in / 0.30 mm, Bright, 100 ft / 31 m</p><p> -6% 0FF </p><p>$8.88</p><a href="https://www.amazon.com/dp/B00D3KOB2W?tag=eloabder-20&linkCode=osi&th=1&psc=1">View Product</a></div><div class="product"><a href="https://www.amazon.com/dp/B00109RIVO?tag=eloabder-20&linkCode=osi&th=1&psc=1"><img src="https://m.media-amazon.com/images/I/51ctGiWm+8L._SL500_.jpg" alt="Product Image"></a><p>Beadalon 19 Strand Stainless Steel Bead Stringing Wire, 015 in / 0.38 mm, Bright, 100 ft / 31 m</p><p> -26% 0FF </p><p>$20.99</p><a href="https://www.amazon.com/dp/B00109RIVO?tag=eloabder-20&linkCode=osi&th=1&psc=1">View Product</a></div><div class="product"><a href="https://www.amazon.com/dp/B001FCYJDG?tag=eloabder-20&linkCode=osi&th=1&psc=1"><img src="https://m.media-amazon.com/images/I/41ffmCFSOhL._SL500_.jpg" alt="Product Image"></a><p>Beadalon 19 Strand Stainless Steel Bead Stringing Wire.015 in (0.38 mm), Satin Silver, 30 ft (9.2 m)</p><p> -26% 0FF </p><p>$9.99</p><a href="https://www.amazon.com/dp/B001FCYJDG?tag=eloabder-20&linkCode=osi&th=1&psc=1">View Product</a></div>
<div class="product"><a href="https://www.amazon.com/dp/B01LWX2IO1?tag=eloabder-20&linkCode=osi&th=1&psc=1"><img src="https://m.media-amazon.com/images/I/412dCF1E4QL._SL500_.jpg" alt="Product Image"></a><p>Beesworks Yellow Beeswax Bars (6 oz) | 100% Pure, Cosmetic Grade, Triple-Filtered Beeswax for DIY Skin Care, Lip Balm, Lotion and Candle Making (1 oz Bars - Pack of 6)</p><p> -22% 0FF </p><p>$6.99 ($1.16 / Ounce)</p><a href="https://www.amazon.com/dp/B01LWX2IO1?tag=eloabder-20&linkCode=osi&th=1&psc=1">View Product</a></div><div class="product"><a href="https://www.amazon.com/dp/B07VSQ6PGD?tag=eloabder-20&linkCode=osi&th=1&psc=1"><img src="https://m.media-amazon.com/images/I/41sY3zrLyyL._SL500_.jpg" alt="Product Image"></a><p>EricX Light Beeswax Bars 7oz,1oz for Each Beeswax Bars,Pack of 7,Cosmetic Grade</p><p> -36% 0FF </p><p>$6.99 ($1.00 / Ounce)</p><a href="https://www.amazon.com/dp/B07VSQ6PGD?tag=eloabder-20&linkCode=osi&th=1&psc=1">View Product</a></div>
<div class="product"><a href="https://www.amazon.com/dp/B08KGTFR6T?tag=eloabder-20&linkCode=osi&th=1&psc=1"><img src="https://m.media-amazon.com/images/I/51Q3LghfEXL._SL500_.jpg" alt="Product Image"></a><p>Otylzto Premium Plastic Clips, 100 Pcs with Box, Sewing Notions for Sewing Quilting Supplies Crafting Tools, Assorted Colors for Craft</p><p> -16% 0FF </p><p>$6.69</p><a href="https://www.amazon.com/dp/B08KGTFR6T?tag=eloabder-20&linkCode=osi&th=1&psc=1">View Product</a></div><div class="product"><a href="https://www.amazon.com/dp/B01G90AEE6?tag=eloabder-20&linkCode=osi&th=1&psc=1"><img src="https://m.media-amazon.com/images/I/41-bfF+u5BL._SL500_.jpg" alt="Product Image"></a><p>Clover Mini Wonder Clips (Red & Blue/20 pcs.)</p><p> -40% 0FF </p><p>$9.35 ($0.47 / Count)</p><a href="https://www.amazon.com/dp/B01G90AEE6?tag=eloabder-20&linkCode=osi&th=1&psc=1">View Product</a></div>
<div class="product"><a href="https://www.amazon.com/dp/B0CL7N6GZS?tag=eloabder-20&linkCode=osi&th=1&psc=1"><img src="https://m.media-amazon.com/images/I/4119FS8tFqL._SL500_.jpg" alt="Product Image"></a><p>Mr. Pen- Pencil Pouch, 2Pack, Pencil Pouches, Pencil Pouch for 3 Ring Binder Pencil Pouch, Pencil Cases, Pencil Case for Binder Pouch, Zipper Pencil Pouch, 3 Ring Binder Pouch, Pencil Bags with Zipper</p><p> -22% 0FF </p><p>$6.99</p><a href="https://www.amazon.com/dp/B0CL7N6GZS?tag=eloabder-20&linkCode=osi&th=1&psc=1">View Product</a></div><div class="product"><a href="https://www.amazon.com/dp/B00AFTQ4X8?tag=eloabder-20&linkCode=osi&th=1&psc=1"><img src="https://m.media-amazon.com/images/I/31GQNXQlHrL._SL500_.jpg" alt="Product Image"></a><p>Swingline 3 Hole Punch, 20 Sheet Capacity Three Hole Puncher 3 Ring, Paper Punch, SmartTouch Low Effort, Black & Silver (74133)</p><p> -22% 0FF </p><p>$18.00</p><a href="https://www.amazon.com/dp/B00AFTQ4X8?tag=eloabder-20&linkCode=osi&th=1&psc=1">View Product</a></div>
<div class="product"><a href="https://www.amazon.com/dp/B005571VQA?tag=eloabder-20&linkCode=osi&th=1&psc=1"><img src="https://m.media-amazon.com/images/I/314C89Li8+L._SL500_.jpg" alt="Product Image"></a><p>We R Memory Keepers 0633356710899 Wire Cinch-1 Inch-Bark (2 Piece)</p><p> -15% 0FF </p><p>$9.53</p><a href="https://www.amazon.com/dp/B005571VQA?tag=eloabder-20&linkCode=osi&th=1&psc=1">View Product</a></div><div class="product"><a href="https://www.amazon.com/dp/B0D1XV3N8H?tag=eloabder-20&linkCode=osi&th=1&psc=1"><img src="https://m.media-amazon.com/images/I/41Esbkv-76L._SL500_.jpg" alt="Product Image"></a><p>JUPEAN Bookbinding Kit, Book Binding Kits, Book Press, 7.9”x11.6”, Book Binding Tools Book Binding Supplies with Wooden Binding Press Book Cover Book Board Bone Folder Awl Binding Strap for DIY</p><p> -10% 0FF </p><p>$37.99</p><a href="https://www.amazon.com/dp/B0D1XV3N8H?tag=eloabder-20&linkCode=osi&th=1&psc=1">View Product</a></div><div class="product"><a href="https://www.amazon.com/dp/B0B9BMMJW5?tag=eloabder-20&linkCode=osi&th=1&psc=1"><img src="https://m.media-amazon.com/images/I/41Jl3w+cJ4L._SL500_.jpg" alt="Product Image"></a><p>6 Pcs Bookbinding Kits, Bookbinding Supplies, Book Binding Starter Tools Set for DIY Bookbinding Crafts and Sewing Supplies</p><p> -7% 0FF </p><p>$6.99</p><a href="https://www.amazon.com/dp/B0B9BMMJW5?tag=eloabder-20&linkCode=osi&th=1&psc=1">View Product</a></div><div class="product"><a href="https://www.amazon.com/dp/B0D1X433Z6?tag=eloabder-20&linkCode=osi&th=1&psc=1"><img src="https://m.media-amazon.com/images/I/41apTG1e9fL._SL500_.jpg" alt="Product Image"></a><p>JUPEAN Book Binding Kits, Bookbinding Supplies, Book Binding Kit for Beginners Bone Folder Tool with Bone Folder Awl Waxed Thread Book Press for DIY 7.9”x11.6”</p><p> -13% 0FF </p><p>$25.99</p><a href="https://www.amazon.com/dp/B0D1X433Z6?tag=eloabder-20&linkCode=osi&th=1&psc=1">View Product</a></div><div class="product"><a href="https://www.amazon.com/dp/B0D4YHS3R7?tag=eloabder-20&linkCode=osi&th=1&psc=1"><img src="https://m.media-amazon.com/images/I/41lRDpWUjiL._SL500_.jpg" alt="Product Image"></a><p>Jupean Bookbinding Kit, Book Binding Kit for Beginners, Book Binding Materials, Book Binding Tools with Bone Folder Book Binding Awl Webbing Strap Storage Box</p><p> -20% 0FF </p><p>$15.99</p><a href="https://www.amazon.com/dp/B0D4YHS3R7?tag=eloabder-20&linkCode=osi&th=1&psc=1">View Product</a></div><div class="product"><a href="https://www.amazon.com/dp/B0BP7XXPJJ?tag=eloabder-20&linkCode=osi&th=1&psc=1"><img src="https://m.media-amazon.com/images/I/51m+QztxUoL._SL500_.jpg" alt="Product Image"></a><p>BeKnitting 20 Knit Blocking Combs for Knitting & Crochet Projects Blockers for Crafts, Lace, Sweaters, Cardigans, Scarves, Needlework, Mats</p><p> -16% 0FF </p><p>$14.94</p><a href="https://www.amazon.com/dp/B0BP7XXPJJ?tag=eloabder-20&linkCode=osi&th=1&psc=1">View Product</a></div>
<div class="product"><a href="https://www.amazon.com/dp/B00UY0WT1O?tag=eloabder-20&linkCode=osi&th=1&psc=1"><img src="https://m.media-amazon.com/images/I/41eBNPX-72L._SL500_.jpg" alt="Product Image"></a><p>We R Memory Keepers, Cinch Book Binding Machine 2, Pink/White, Easy to Use Design with Slide Ruler, Compatible with Wire or Spiral Coils, Make Professional Books, Notebooks, Calendars and More</p><p> -10% 0FF </p><p>$90.24</p><a href="https://www.amazon.com/dp/B00UY0WT1O?tag=eloabder-20&linkCode=osi&th=1&psc=1">View Product</a></div><div class="product"><a href="https://www.amazon.com/dp/B00AYKTA66?tag=eloabder-20&linkCode=osi&th=1&psc=1"><img src="https://m.media-amazon.com/images/I/51EjD50SJvL._SL500_.jpg" alt="Product Image"></a><p>We R Memory Keepers Mini Cinch Bundle Includes Book Binding Machine, 16 Wires, Wire Cutters, and Six Black Bookboards, Easy to Use Design, Ruler, Wire or Spiral Coils, DIY Books, Notebooks, Calendars</p><p> -13% 0FF </p><p>$69.89</p><a href="https://www.amazon.com/dp/B00AYKTA66?tag=eloabder-20&linkCode=osi&th=1&psc=1">View Product</a></div><div class="product"><a href="https://www.amazon.com/dp/B0BV3CC4J7?tag=eloabder-20&linkCode=osi&th=1&psc=1"><img src="https://m.media-amazon.com/images/I/41Ove9J1WyL._SL500_.jpg" alt="Product Image"></a><p>We R Memory Keepers Multi Cinch Kit (2 in 1 Circle & Disc) Book Binding Art Crafts Sewing Scrapbooking Journaling Printmaking Paper Craft Office Home Card Stock DIY Card Making Sticker Machine</p><p> -5% 0FF </p><p>$68.40</p><a href="https://www.amazon.com/dp/B0BV3CC4J7?tag=eloabder-20&linkCode=osi&th=1&psc=1">View Product</a></div><div class="product"><a href="https://www.amazon.com/dp/B0CZQJTTHT?tag=eloabder-20&linkCode=osi&th=1&psc=1"><img src="https://m.media-amazon.com/images/I/410goBiFC5L._SL500_.jpg" alt="Product Image"></a><p>Kreapa 30 pcs book binding kits Book Press Book Binding Supplies & Book Binding Kits Book Binding Kits Starter Kit with Real Bone Clips Awl Big Eye Needle Waxed Book Cloth DIY,11.6 x 7.7 inches</p><p> -50% 0FF </p><p>$21.49</p><a href="https://www.amazon.com/dp/B0CZQJTTHT?tag=eloabder-20&linkCode=osi&th=1&psc=1">View Product</a></div>
<div class="product"><a href="https://www.amazon.com/dp/B0049UZ8PY?tag=eloabder-20&linkCode=osi&th=1&psc=1"><img src="https://m.media-amazon.com/images/I/31-Uug6SnRL._SL500_.jpg" alt="Product Image"></a><p>Daler-Rowney FW Acrylic Ink Bottle Black - Versatile Acrylic Drawing Ink for Artists and Students - Permanent Calligraphy Ink - Archival Ink for Illustrating and More</p><p> -23% 0FF </p><p>$7.75</p><a href="https://www.amazon.com/dp/B0049UZ8PY?tag=eloabder-20&linkCode=osi&th=1&psc=1">View Product</a></div><div class="product"><a href="https://www.amazon.com/dp/B005P1QSFK?tag=eloabder-20&linkCode=osi&th=1&psc=1"><img src="https://m.media-amazon.com/images/I/414vi3MJ19L._SL500_.jpg" alt="Product Image"></a><p>Ranger, Archival Ink Pad, 0, Jet Black (789541031468)</p><p> -9% 0FF </p><p>$7.51 ($7.51 / count)</p><a href="https://www.amazon.com/dp/B005P1QSFK?tag=eloabder-20&linkCode=osi&th=1&psc=1">View Product</a></div>
<div class="product"><a href="https://www.amazon.com/dp/B07Q4TJCDJ?tag=eloabder-20&linkCode=osi&th=1&psc=1"><img src="https://m.media-amazon.com/images/I/315HYvYg-BL._SL500_.jpg" alt="Product Image"></a><p>Primbeeks 300pcs Blank Business Cards, Premium Blank White Cards, 3.5" x 2.2" Small Blank Cards, Blank Cardstock Cards, Small Note Cards, white blank cards, white business cards, kraft paper cards</p><p> -53% 0FF </p><p>$7.99</p><a href="https://www.amazon.com/dp/B07Q4TJCDJ?tag=eloabder-20&linkCode=osi&th=1&psc=1">View Product</a></div>
<div class="product"><a href="https://www.amazon.com/dp/B07D8MQ71H?tag=eloabder-20&linkCode=osi&th=1&psc=1"><img src="https://m.media-amazon.com/images/I/41eOrrAeW1L._SL500_.jpg" alt="Product Image"></a><p>Paper Junkie 48 Pack Small Blank Notebooks for Kids Bulk, Kraft Paper Journals for Students, Sketching Drawing, Writing (4.3 x 5.6 In)</p><p> -15% 0FF </p><p>$22.99</p><a href="https://www.amazon.com/dp/B07D8MQ71H?tag=eloabder-20&linkCode=osi&th=1&psc=1">View Product</a></div><div class="product"><a href="https://www.amazon.com/dp/B0CJGPBFCN?tag=eloabder-20&linkCode=osi&th=1&psc=1"><img src="https://m.media-amazon.com/images/I/41WVp+K3FmL._SL500_.jpg" alt="Product Image"></a><p>Mr. Pen- Colorful Blank Books, 4.2 x 5.5 Inches, 32 Pages, 8 Pack, Blank Notebooks for Kids, Mini Notebooks for Kids, Mini Journal for Students, Blank Journal for Kids, Unlined Notebook, Kids Journal</p><p> -17% 0FF </p><p>$4.99 ($0.62 / Count)</p><a href="https://www.amazon.com/dp/B0CJGPBFCN?tag=eloabder-20&linkCode=osi&th=1&psc=1">View Product</a></div><div class="product"><a href="https://www.amazon.com/dp/B0CP8RCH9R?tag=eloabder-20&linkCode=osi&th=1&psc=1"><img src="https://m.media-amazon.com/images/I/41IHpCydyOL._SL500_.jpg" alt="Product Image"></a><p>BLUMOST Spiral Sketchbook for Drawing, 120gsm Sketch Book for Sketching, Artist Drawing Blank Paper Notebook for Kids Adults Beginners, Inner Pocket, 5.75'' × 8.38''-Black</p><p> -50% 0FF </p><p>$4.49</p><a href="https://www.amazon.com/dp/B0CP8RCH9R?tag=eloabder-20&linkCode=osi&th=1&psc=1">View Product</a></div><div class="product"><a href="https://www.amazon.com/dp/B0CWS8VFN7?tag=eloabder-20&linkCode=osi&th=1&psc=1"><img src="https://m.media-amazon.com/images/I/31i+w2Y3cFL._SL500_.jpg" alt="Product Image"></a><p>Mr. Pen- Colorful Blank Books, 4.25 x 5.5 Inches, 6 Pack, 32 Pages, Blank Notebooks for Kids, Mini Notebooks for Kids, Mini Journal for Students, Blank Journal for Kids, Unlined Notebook, Kids Journal</p><p> -60% 0FF </p><p>$3.99</p><a href="https://www.amazon.com/dp/B0CWS8VFN7?tag=eloabder-20&linkCode=osi&th=1&psc=1">View Product</a></div>
<div class="product"><a href="https://www.amazon.com/dp/B0B3WWHWT2?tag=eloabder-20&linkCode=osi&th=1&psc=1"><img src="https://m.media-amazon.com/images/I/31m0FzXtPxL._SL500_.jpg" alt="Product Image"></a><p>Tamaki 6 Pack Colorful Blank Books for kids to Write, Drawing, Cute Sketchbook for Kid, 6 Colors (4.25 x 5.5 Inches)</p><p> -13% 0FF </p><p>$6.99</p><a href="https://www.amazon.com/dp/B0B3WWHWT2?tag=eloabder-20&linkCode=osi&th=1&psc=1">View Product</a></div>
<div class="product"><a href="https://www.amazon.com/dp/B0B19J9FZM?tag=eloabder-20&linkCode=osi&th=1&psc=1"><img src="https://m.media-amazon.com/images/I/41ABS9as04L._SL500_.jpg" alt="Product Image"></a><p>Soucolor 9" x 12" Sketch Book, 1-Pack 100 Sheets Spiral Bound Art Sketchbook, (68lb/100gsm) Acid Free Artist Drawing Book Paper Painting Sketching Pad for Kids Students Adults Beginners</p><p> -40% 0FF </p><p>$8.99</p><a href="https://www.amazon.com/dp/B0B19J9FZM?tag=eloabder-20&linkCode=osi&th=1&psc=1">View Product</a></div><div class="product"><a href="https://www.amazon.com/dp/B097L9D5C6?tag=eloabder-20&linkCode=osi&th=1&psc=1"><img src="https://m.media-amazon.com/images/I/51weNIrCWfL._SL500_.jpg" alt="Product Image"></a><p>Sketch Book 5.5 X 8.5 - Spiral Sketchbook Pack of 2, SuFly 200 Sheets (68 lb/100gsm) Acid Free Sketch Pads for Drawing for Adults Spiral-Bound with Hard Cover for Kids, 100 Sheets Each</p><p> -8% 0FF </p><p>$11.99 ($6.00 / Count)</p><a href="https://www.amazon.com/dp/B097L9D5C6?tag=eloabder-20&linkCode=osi&th=1&psc=1">View Product</a></div><div class="product"><a href="https://www.amazon.com/dp/B093MK1CLJ?tag=eloabder-20&linkCode=osi&th=1&psc=1"><img src="https://m.media-amazon.com/images/I/3168yaIXBOS._SL500_.jpg" alt="Product Image"></a><p>LayFlat Sketchbook - 8.27 x 11 Inches - Black Blank Note Book, 64 Sheets, Thick 100gsm Paper, for Drawing, Sketching, and journaling</p><p> -5% 0FF </p><p>$12.45</p><a href="https://www.amazon.com/dp/B093MK1CLJ?tag=eloabder-20&linkCode=osi&th=1&psc=1">View Product</a></div><div class="product"><a href="https://www.amazon.com/dp/B083SBPRTY?tag=eloabder-20&linkCode=osi&th=1&psc=1"><img src="https://m.media-amazon.com/images/I/61zFqh++bML._SL500_.jpg" alt="Product Image"></a><p>Artisto 9x12" Premium Sketch Book Set, Spiral Bound, Pack of 2, 200 Sheets (100g/m2), Acid-Free Drawing Paper, Ideal for Kids, Teens & Adults.</p><p> -28% 0FF </p><p>$20.99 ($0.10 / Count)</p><a href="https://www.amazon.com/dp/B083SBPRTY?tag=eloabder-20&linkCode=osi&th=1&psc=1">View Product</a></div><div class="product"><a href="https://www.amazon.com/dp/1441310223?tag=eloabder-20&linkCode=osi&th=1&psc=1"><img src="https://m.media-amazon.com/images/I/41fzQQFFDnL._SL500_.jpg" alt="Product Image"></a><p>Premium Sketchbook (Large journal)</p><p> -10% 0FF </p><p>$11.69</p><a href="https://www.amazon.com/dp/1441310223?tag=eloabder-20&linkCode=osi&th=1&psc=1">View Product</a></div>
<div class="product"><a href="https://www.amazon.com/dp/B075M9MSFH?tag=eloabder-20&linkCode=osi&th=1&psc=1"><img src="https://m.media-amazon.com/images/I/51x+szTX6TL._SL500_.jpg" alt="Product Image"></a><p>Bianyo Bleedproof Marker Paper Pad, A4(8.27"X11.69"), 50 Sheets, 18 LB / 70 GSM, Glue-Bound, 100% Cotton, White, Ideal for Use with Markers and Ink Mediums</p><p> -38% 0FF </p><p>$9.99</p><a href="https://www.amazon.com/dp/B075M9MSFH?tag=eloabder-20&linkCode=osi&th=1&psc=1">View Product</a></div><div class="product"><a href="https://www.amazon.com/dp/B0D97H6RR8?tag=eloabder-20&linkCode=osi&th=1&psc=1"><img src="https://m.media-amazon.com/images/I/41kq8GouD4L._SL500_.jpg" alt="Product Image"></a><p>135lb/200gsm Marker Paper Pad, 8.3×8.9in Double Sided Bleedproof Sketch Pad, 30 Sheets Art Paper Spiral Sketchbook, Smooth Alcohol Marker Paper Painting Coloring Paper for DIY, Gift, Christmas</p><p> -20% 0FF </p><p>$7.99</p><a href="https://www.amazon.com/dp/B0D97H6RR8?tag=eloabder-20&linkCode=osi&th=1&psc=1">View Product</a></div><div class="product"><a href="https://www.amazon.com/dp/B0CS3KH6S1?tag=eloabder-20&linkCode=osi&th=1&psc=1"><img src="https://m.media-amazon.com/images/I/41pg37CppxL._SL500_.jpg" alt="Product Image"></a><p>Ohuhu Double Sided Marker Pads Art Sketchbook Bleedproof - 7.6"x10" Large Paper Size - 90LB/150GSM Smooth Drawing Paper - 60 Sheets/120 Pages, Spiral Bound Sketching Book for Alcohol Markers Christmas</p><p> -9% 0FF </p><p>$19.99 ($0.33 / Count)</p><a href="https://www.amazon.com/dp/B0CS3KH6S1?tag=eloabder-20&linkCode=osi&th=1&psc=1">View Product</a></div><div class="product"><a href="https://www.amazon.com/dp/B0CS3DZ7QL?tag=eloabder-20&linkCode=osi&th=1&psc=1"><img src="https://m.media-amazon.com/images/I/41kUDF2DXdL._SL500_.jpg" alt="Product Image"></a><p>Ohuhu Double Sided Marker Pad Art Sketchbook Bleedproof - 9"x12" Large Paper Size - 90LB/150GSM Smooth Drawing Paper - 60 Sheets/120 Pages, Glue-Bound Sketching Book for Alcohol Markers Christmas Gift</p><p> -9% 0FF </p><p>$19.99 ($0.44 / Sq Ft)</p><a href="https://www.amazon.com/dp/B0CS3DZ7QL?tag=eloabder-20&linkCode=osi&th=1&psc=1">View Product</a></div>
<div class="product"><a href="https://www.amazon.com/dp/B000J09PFM?tag=eloabder-20&linkCode=osi&th=1&psc=1"><img src="https://m.media-amazon.com/images/I/51yPRc4nvoL._SL500_.jpg" alt="Product Image"></a><p>Speedball Water-Soluble Block Printing Ink Starter Set, 6 Bold Colors with Satin Finish, 1.25-Ounce Tubes</p><p> -9% 0FF </p><p>$29.99 ($4.00 / Fl Oz)</p><a href="https://www.amazon.com/dp/B000J09PFM?tag=eloabder-20&linkCode=osi&th=1&psc=1">View Product</a></div><div class="product"><a href="https://www.amazon.com/dp/B0042ST318?tag=eloabder-20&linkCode=osi&th=1&psc=1"><img src="https://m.media-amazon.com/images/I/41+uFUT9CNL._SL500_.jpg" alt="Product Image"></a><p>Sax True Flow Water Soluble Block Printing Ink, 8 Ounce Jar, Black - 461924</p><p> -23% 0FF </p><p>$10.75</p><a href="https://www.amazon.com/dp/B0042ST318?tag=eloabder-20&linkCode=osi&th=1&psc=1">View Product</a></div><div class="product"><a href="https://www.amazon.com/dp/B00C1JUJWW?tag=eloabder-20&linkCode=osi&th=1&psc=1"><img src="https://m.media-amazon.com/images/I/41zDtJ6f5hL._SL500_.jpg" alt="Product Image"></a><p>Speedball Fabric Block Printing Ink, 2.5-Ounce, Black</p><p> -5% 0FF </p><p>$9.99 ($4.00 / Fl Oz)</p><a href="https://www.amazon.com/dp/B00C1JUJWW?tag=eloabder-20&linkCode=osi&th=1&psc=1">View Product</a></div><div class="product"><a href="https://www.amazon.com/dp/B0042SRDG0?tag=eloabder-20&linkCode=osi&th=1&psc=1"><img src="https://m.media-amazon.com/images/I/41+wjL7y0oL._SL500_.jpg" alt="Product Image"></a><p>Sax 1299777 True Flow Water Soluble Block Printing Ink - 16 Ounces - Black</p><p> -22% 0FF </p><p>$17.99</p><a href="https://www.amazon.com/dp/B0042SRDG0?tag=eloabder-20&linkCode=osi&th=1&psc=1">View Product</a></div>
<div class="product"><a href="https://www.amazon.com/dp/B0BN53F73Z?tag=eloabder-20&linkCode=osi&th=1&psc=1"><img src="https://m.media-amazon.com/images/I/41UfqrebfDL._SL500_.jpg" alt="Product Image"></a><p>Oopsu 4 Pack Rubber Block Stamp Carving Blocks with Cutter Tools and Rubber Brayer Roller for Printmaking and More Crafts</p><p> -15% 0FF </p><p>$16.99 ($5.66 / Count)</p><a href="https://www.amazon.com/dp/B0BN53F73Z?tag=eloabder-20&linkCode=osi&th=1&psc=1">View Product</a></div><div class="product"><a href="https://www.amazon.com/dp/B0017D8W5E?tag=eloabder-20&linkCode=osi&th=1&psc=1"><img src="https://m.media-amazon.com/images/I/41WwtE85+2L._SL500_.jpg" alt="Product Image"></a><p>Speedball Linoleum Cutter Kit Assortment #1 - Linocut Carving Tools for Block Printing, Includes 5 Blades</p><p> -7% 0FF </p><p>$13.99</p><a href="https://www.amazon.com/dp/B0017D8W5E?tag=eloabder-20&linkCode=osi&th=1&psc=1">View Product</a></div><div class="product"><a href="https://www.amazon.com/dp/B07ZJBZN5S?tag=eloabder-20&linkCode=osi&th=1&psc=1"><img src="https://m.media-amazon.com/images/I/41UbN58y9uS._SL500_.jpg" alt="Product Image"></a><p>SGHUO 12pcs 4"x6" Pink Rubber Carving Blocks Linoleum Block Stamp Making Kit</p><p> -12% 0FF </p><p>$22.99 ($1.92 / Count)</p><a href="https://www.amazon.com/dp/B07ZJBZN5S?tag=eloabder-20&linkCode=osi&th=1&psc=1">View Product</a></div>
<div class="product"><a href="https://www.amazon.com/dp/B00L2DYUM8?tag=eloabder-20&linkCode=osi&th=1&psc=1"><img src="https://m.media-amazon.com/images/I/51l5FZ0+5AL._SL500_.jpg" alt="Product Image"></a><p>Strathmore 300 Series Printmaking Paper Pad, Glue Bound, 5x7 inches, 40 Sheets (120g) - Artist Paper for Adults and Students - Block Printing, Linocut, Screen Printing, White</p><p> -25% 0FF </p><p>$5.94</p><a href="https://www.amazon.com/dp/B00L2DYUM8?tag=eloabder-20&linkCode=osi&th=1&psc=1">View Product</a></div><div class="product"><a href="https://www.amazon.com/dp/B00K5562WA?tag=eloabder-20&linkCode=osi&th=1&psc=1"><img src="https://m.media-amazon.com/images/I/51cZMCeflnL._SL500_.jpg" alt="Product Image"></a><p>Strathmore Printmaking Paper Pad 8"X10"-20 Sheets -62433800, White</p><p> -24% 0FF </p><p>$10.76</p><a href="https://www.amazon.com/dp/B00K5562WA?tag=eloabder-20&linkCode=osi&th=1&psc=1">View Product</a></div><div class="product"><a href="https://www.amazon.com/dp/B003IFWXHC?tag=eloabder-20&linkCode=osi&th=1&psc=1"><img src="https://m.media-amazon.com/images/I/41BilVeKXDL._SL500_.jpg" alt="Product Image"></a><p>Speedball Printmaster Paper, 9"x12", 50-Sheets, 70lb, 104gsm for Block and Relief Printmaking, Ideal for Students and Everyday Use</p><p> -7% 0FF </p><p>$13.99 ($0.28 / Count)</p><a href="https://www.amazon.com/dp/B003IFWXHC?tag=eloabder-20&linkCode=osi&th=1&psc=1">View Product</a></div><div class="product"><a href="https://www.amazon.com/dp/B07RL81DD2?tag=eloabder-20&linkCode=osi&th=1&psc=1"><img src="https://m.media-amazon.com/images/I/51Qs3GXKhnL._SL500_.jpg" alt="Product Image"></a><p>Richeson Printmaking Paper, 88# 6x9 inches, 50 Sheets (100757)</p><p> -12% 0FF </p><p>$8.93 ($0.18 / Count)</p><a href="https://www.amazon.com/dp/B07RL81DD2?tag=eloabder-20&linkCode=osi&th=1&psc=1">View Product</a></div><div class="product"><a href="https://www.amazon.com/dp/B0CBRKYF99?tag=eloabder-20&linkCode=osi&th=1&psc=1"><img src="https://m.media-amazon.com/images/I/41yOd+I8g8L._SL500_.jpg" alt="Product Image"></a><p>50/100 Sheets FIVEIZERO A4 Mulberry Paper Sheets Natural Fiber Rice Paper,8.3x11.7in Natural Decoupage Tissue Paper For Writing Painting, Decorative Paper, Card Making Paper DIY Craft</p><p> -10% 0FF </p><p>$8.95</p><a href="https://www.amazon.com/dp/B0CBRKYF99?tag=eloabder-20&linkCode=osi&th=1&psc=1">View Product</a></div>
<div class="product"><a href="https://www.amazon.com/dp/B07YDNKSH6?tag=eloabder-20&linkCode=osi&th=1&psc=1"><img src="https://m.media-amazon.com/images/I/41JGrHa7mSL._SL500_.jpg" alt="Product Image"></a><p>4-Inch Rubber Brayer Roller for Printmaking, Great for Gluing Application Also. (Original Version)</p><p> -36% 0FF </p><p>$6.99</p><a href="https://www.amazon.com/dp/B07YDNKSH6?tag=eloabder-20&linkCode=osi&th=1&psc=1">View Product</a></div><div class="product"><a href="https://www.amazon.com/dp/B003IG27OK?tag=eloabder-20&linkCode=osi&th=1&psc=1"><img src="https://m.media-amazon.com/images/I/416NUaYo1DL._SL500_.jpg" alt="Product Image"></a><p>Speedball Block Printing Baren - Comfortable Wooden Handle, Made in the USA - 4 Inches</p><p> -12% 0FF </p><p>$29.49</p><a href="https://www.amazon.com/dp/B003IG27OK?tag=eloabder-20&linkCode=osi&th=1&psc=1">View Product</a></div>
<div class="product"><a href="https://www.amazon.com/dp/B0CMZTVW28?tag=eloabder-20&linkCode=osi&th=1&psc=1"><img src="https://m.media-amazon.com/images/I/41tZXfCViDL._SL500_.jpg" alt="Product Image"></a><p>Ecoofor Blotting Paper for Flower Press, 20 Sheets Large A4 Highly Absorbent and Reusable Blotter Paper for Flower Press Paper Craft 8.26 x 11.4 inch</p><p> -17% 0FF </p><p>$9.99</p><a href="https://www.amazon.com/dp/B0CMZTVW28?tag=eloabder-20&linkCode=osi&th=1&psc=1">View Product</a></div><div class="product"><a href="https://www.amazon.com/dp/B0CQMMYSBR?tag=eloabder-20&linkCode=osi&th=1&psc=1"><img src="https://m.media-amazon.com/images/I/413SlUi6IDL._SL500_.jpg" alt="Product Image"></a><p>Wisreach Blotting Paper for Flower Press, 20 Sheets Flower Press Paper Highly Absorbent and Reusable Blotter Paper for Flower Art A4 Size 8.26 x 11.4 inch</p><p> -17% 0FF </p><p>$9.99</p><a href="https://www.amazon.com/dp/B0CQMMYSBR?tag=eloabder-20&linkCode=osi&th=1&psc=1">View Product</a></div><div class="product"><a href="https://www.amazon.com/dp/B0CTCD1VY7?tag=eloabder-20&linkCode=osi&th=1&psc=1"><img src="https://m.media-amazon.com/images/I/41xzeYmMKDL._SL500_.jpg" alt="Product Image"></a><p>24 Sheets A4 Reusable Blotting Paper for Flower Press, Highly Absorbent Blotter Paper for Flower Pressing Kit(11.8x8.27 inch)</p><p> -22% 0FF </p><p>$6.99</p><a href="https://www.amazon.com/dp/B0CTCD1VY7?tag=eloabder-20&linkCode=osi&th=1&psc=1">View Product</a></div>
<div class="product"><a href="https://www.amazon.com/dp/B085XDSB3Y?tag=eloabder-20&linkCode=osi&th=1&psc=1"><img src="https://m.media-amazon.com/images/I/41zCK3QUcGL._SL500_.jpg" alt="Product Image"></a><p>Ecohu Bone Folder & Creaser Tool - 2PCS - Scoring, Folding for Origami, Paper Crafts, Bookbinding, Leather Crafts and Card Making & Folding Paper</p><p> -32% 0FF </p><p>$9.95</p><a href="https://www.amazon.com/dp/B085XDSB3Y?tag=eloabder-20&linkCode=osi&th=1&psc=1">View Product</a></div><div class="product"><a href="https://www.amazon.com/dp/B071227D92?tag=eloabder-20&linkCode=osi&th=1&psc=1"><img src="https://m.media-amazon.com/images/I/51MYSCdI-kL._SL500_.jpg" alt="Product Image"></a><p>ARTEZA Bone Folders, Set of 4 Scoring Tools for Origami Paper Crafts, Art Supplies for Book Binding, Card Making, and Paper Folding</p><p> -24% 0FF </p><p>$13.99 ($3.50 / Count)</p><a href="https://www.amazon.com/dp/B071227D92?tag=eloabder-20&linkCode=osi&th=1&psc=1">View Product</a></div>
<div class="product"><a href="https://www.amazon.com/dp/B0007LS8G0?tag=eloabder-20&linkCode=osi&th=1&psc=1"><img src="https://m.media-amazon.com/images/I/41gnrMp4vXL._SL500_.jpg" alt="Product Image"></a><p>Lineco Bookbinding Super Cloth, Book Making Book Repair Cloth Material for Repairing Old Books, 18x30 Inch. Neutral Color.</p><p> -10% 0FF </p><p>$8.07</p><a href="https://www.amazon.com/dp/B0007LS8G0?tag=eloabder-20&linkCode=osi&th=1&psc=1">View Product</a></div><div class="product"><a href="https://www.amazon.com/dp/B0D2T5BY6F?tag=eloabder-20&linkCode=osi&th=1&psc=1"><img src="https://m.media-amazon.com/images/I/41k1Uc0DisL._SL500_.jpg" alt="Product Image"></a><p>10pcs Book Cloth,14”x10”,Fabric Surface and Paper Backed, book cloth for book binding,book binding fabric,5 Colors Bookbinding Cloth for DIY fabric book cover,bookbinding paper (Style C)</p><p> -10% 0FF </p><p>$8.99</p><a href="https://www.amazon.com/dp/B0D2T5BY6F?tag=eloabder-20&linkCode=osi&th=1&psc=1">View Product</a></div><div class="product"><a href="https://www.amazon.com/dp/B0CLL2999Y?tag=eloabder-20&linkCode=osi&th=1&psc=1"><img src="https://m.media-amazon.com/images/I/51qVluU6kYL._SL500_.jpg" alt="Product Image"></a><p>8pcs Book Cloth 14x10 Inch Fabric Surface Paper Backed 4 Colors Bookbinding Cloth for Adult DIY Book Album Cover (Style C)</p><p> -10% 0FF </p><p>$8.99</p><a href="https://www.amazon.com/dp/B0CLL2999Y?tag=eloabder-20&linkCode=osi&th=1&psc=1">View Product</a></div><div class="product"><a href="https://www.amazon.com/dp/B0D2C9CQ9R?tag=eloabder-20&linkCode=osi&th=1&psc=1"><img src="https://m.media-amazon.com/images/I/51ZB8HlWbHL._SL500_.jpg" alt="Product Image"></a><p>Bookbinding Cloth (White:2pieces39x45inches,Other Colours;10 pieces14x10inches) Book Cloth for Book Production Bookbinding Super Cloth Book Restoration Cloth Material for Restoring Old Book bindings</p><p> -30% 0FF </p><p>$11.89</p><a href="https://www.amazon.com/dp/B0D2C9CQ9R?tag=eloabder-20&linkCode=osi&th=1&psc=1">View Product</a></div>
<div class="product"><a href="https://www.amazon.com/dp/B0CQM7GN9K?tag=eloabder-20&linkCode=osi&th=1&psc=1"><img src="https://m.media-amazon.com/images/I/41iSoCGfQPL._SL500_.jpg" alt="Product Image"></a><p>VONEEDL Heavy Duty Hand Sewing Needles Set - 26 Straight and Curved Hand Sewing Needles for Upholstery, Leather, Carpet, Canvas Repair and Sail Crafts</p><p> -8% 0FF </p><p>$6.28 ($0.24 / Count)</p><a href="https://www.amazon.com/dp/B0CQM7GN9K?tag=eloabder-20&linkCode=osi&th=1&psc=1">View Product</a></div>
<div class="product"><a href="https://www.amazon.com/dp/B0025U108E?tag=eloabder-20&linkCode=osi&th=1&psc=1"><img src="https://m.media-amazon.com/images/I/31tAXQM8ItL._SL500_.jpg" alt="Product Image"></a><p>Books by Hand Linen Thread, Archival Quality Natural Unbleached and Unwaxed, 50 Yards 35/3 Gauge, Ideal for Bookbinding and Sewing Signatures</p><p> -38% 0FF </p><p>$9.26</p><a href="https://www.amazon.com/dp/B0025U108E?tag=eloabder-20&linkCode=osi&th=1&psc=1">View Product</a></div><div class="product"><a href="https://www.amazon.com/dp/B09KBTWJWG?tag=eloabder-20&linkCode=osi&th=1&psc=1"><img src="https://m.media-amazon.com/images/I/5139R+MumEL._SL500_.jpg" alt="Product Image"></a><p>BUTUZE 330 Yards Leather Sewing Waxed Thread - 150D 33 Yards Per Spool Stitching Thread for Leather Craft DIY,Bookbinding,Shoe Repairing,Leather Sewing</p><p> -20% 0FF </p><p>$7.99 ($0.01 / Foot)</p><a href="https://www.amazon.com/dp/B09KBTWJWG?tag=eloabder-20&linkCode=osi&th=1&psc=1">View Product</a></div>
<div class="product"><a href="https://www.amazon.com/dp/B07JQPDD9R?tag=eloabder-20&linkCode=osi&th=1&psc=1"><img src="https://m.media-amazon.com/images/I/41qf-76odYL._SL500_.jpg" alt="Product Image"></a><p>We R Memory Keepers, Journal Book Binding Punch Guide Set, Includes Guide, Awl, Curved and Straight Needle, Waxed Thread, Japanese Stitching Template and Storage, for Japanese and Copic Bound Books</p><p> -17% 0FF </p><p>$24.99</p><a href="https://www.amazon.com/dp/B07JQPDD9R?tag=eloabder-20&linkCode=osi&th=1&psc=1">View Product</a></div><div class="product"><a href="https://www.amazon.com/dp/B0C4L31Q4B?tag=eloabder-20&linkCode=osi&th=1&psc=1"><img src="https://m.media-amazon.com/images/I/51-mr3CFowL._SL500_.jpg" alt="Product Image"></a><p>49 Pcs Hand Bookbinding Tools Bookbinding Kits for Beginners Bookbinding Supplies with Paper Awl Binding Ribbon Glue Brush and Steel Ruler for DIY Bookbinding Crafts</p><p> -15% 0FF </p><p>$16.14</p><a href="https://www.amazon.com/dp/B0C4L31Q4B?tag=eloabder-20&linkCode=osi&th=1&psc=1">View Product</a></div>
<div class="product"><a href="https://www.amazon.com/dp/B0811DGL9Y?tag=eloabder-20&linkCode=osi&th=1&psc=1"><img src="https://m.media-amazon.com/images/I/51Kc8OFy8xL._SL500_.jpg" alt="Product Image"></a><p>Motbach 200Pcs Plastic Bottle Caps for DIY Craft Environmental Protection and Development of Children’s Intelligence (Mixed Color)</p><p> -7% 0FF </p><p>$13.90</p><a href="https://www.amazon.com/dp/B0811DGL9Y?tag=eloabder-20&linkCode=osi&th=1&psc=1">View Product</a></div><div class="product"><a href="https://www.amazon.com/dp/B0B2KPKFBD?tag=eloabder-20&linkCode=osi&th=1&psc=1"><img src="https://m.media-amazon.com/images/I/51l9I4uCYXL._SL500_.jpg" alt="Product Image"></a><p>Jedulin 100PCS Plastic Bottle Caps DIY Craft Environmental Protection Bottle Caps for Children Intelligence Development Kindergarten Stickes (Mixed Color)</p><p> -20% 0FF </p><p>$7.99</p><a href="https://www.amazon.com/dp/B0B2KPKFBD?tag=eloabder-20&linkCode=osi&th=1&psc=1">View Product</a></div><div class="product"><a href="https://www.amazon.com/dp/B0C7C8SXGR?tag=eloabder-20&linkCode=osi&th=1&psc=1"><img src="https://m.media-amazon.com/images/I/51og4kgswUL._SL500_.jpg" alt="Product Image"></a><p>Thyle DIY Craft Assorted Colors Plastic Bottle Caps for Children Intelligence Development Kindergarten Scrapbook Mixed Color (500 Pcs)</p><p> -35% 0FF </p><p>$14.99</p><a href="https://www.amazon.com/dp/B0C7C8SXGR?tag=eloabder-20&linkCode=osi&th=1&psc=1">View Product</a></div><div class="product"><a href="https://www.amazon.com/dp/B0BTBDXYCH?tag=eloabder-20&linkCode=osi&th=1&psc=1"><img src="https://m.media-amazon.com/images/I/51jDHmexj7L._SL500_.jpg" alt="Product Image"></a><p>ZEAYEA 300 Pcs Plastic Bottle Caps, DIY Craft Environmental Protection Bottle Caps, Mixed Color Bottle Caps for Children Intelligence Development Kindergarten Stickers Kids DIY Craft</p><p> -22% 0FF </p><p>$17.99 ($0.06 / Count)</p><a href="https://www.amazon.com/dp/B0BTBDXYCH?tag=eloabder-20&linkCode=osi&th=1&psc=1">View Product</a></div>
<div class="product"><a href="https://www.amazon.com/dp/B072VWN1GV?tag=eloabder-20&linkCode=osi&th=1&psc=1"><img src="https://m.media-amazon.com/images/I/21vZmhaRk5L._SL500_.jpg" alt="Product Image"></a><p>Cricut Brayer, Rubber Roller for Crafts, Works with Fabric, Vinyl, Iron-On & Inking Blocks, Extend Life of Cricut FabricGrip Mat, Compatible with Cricut Maker</p><p> -50% 0FF </p><p>$8.99</p><a href="https://www.amazon.com/dp/B072VWN1GV?tag=eloabder-20&linkCode=osi&th=1&psc=1">View Product</a></div><div class="product"><a href="https://www.amazon.com/dp/B08PP6QCWP?tag=eloabder-20&linkCode=osi&th=1&psc=1"><img src="https://m.media-amazon.com/images/I/31fzR6GvMeL._SL500_.jpg" alt="Product Image"></a><p>3 Pack Printmaking Brayers - Premium Brayer Rollers for Crafting, Hard Rubber Roller Brayers, Vinyl Roller Ink Paint Brush for Wallpapers Stamping Gluing Application (2.4’’, 4’’, 7.9’’) (black)</p><p> -6% 0FF </p><p>$16.99</p><a href="https://www.amazon.com/dp/B08PP6QCWP?tag=eloabder-20&linkCode=osi&th=1&psc=1">View Product</a></div><div class="product"><a href="https://www.amazon.com/dp/B072VY7CTF?tag=eloabder-20&linkCode=osi&th=1&psc=1"><img src="https://m.media-amazon.com/images/I/21Sg48Q+UoL._SL500_.jpg" alt="Product Image"></a><p>Cricut Brayer & MAT Remover Set</p><p> -52% 0FF </p><p>$11.99</p><a href="https://www.amazon.com/dp/B072VY7CTF?tag=eloabder-20&linkCode=osi&th=1&psc=1">View Product</a></div><div class="product"><a href="https://www.amazon.com/dp/B0007ZJ8T2?tag=eloabder-20&linkCode=osi&th=1&psc=1"><img src="https://m.media-amazon.com/images/I/31Oh43aFt9L._SL500_.jpg" alt="Product Image"></a><p>Speedball Pop-in Soft Rubber Brayer, 4" – Roller Tool for Crafting and Block Printing, Vinyl, Comfort Grip Handle</p><p> -14% 0FF </p><p>$11.99</p><a href="https://www.amazon.com/dp/B0007ZJ8T2?tag=eloabder-20&linkCode=osi&th=1&psc=1">View Product</a></div>
<div class="product"><a href="https://www.amazon.com/dp/B099DWCRZ5?tag=eloabder-20&linkCode=osi&th=1&psc=1"><img src="https://m.media-amazon.com/images/I/41rr5hT-8TL._SL500_.jpg" alt="Product Image"></a><p>milo Fluorescent Acrylic Paint Set of 6 Colors | 4 oz Bottles | Student Neon Colors Acrylics Painting Pack | Made in the USA | Non-Toxic Art & Craft Paints for Artists, Kids, & Hobby Painters</p><p> -8% 0FF </p><p>$22.90 ($0.95 / Fl Oz)</p><a href="https://www.amazon.com/dp/B099DWCRZ5?tag=eloabder-20&linkCode=osi&th=1&psc=1">View Product</a></div><div class="product"><a href="https://www.amazon.com/dp/B0871TN9QJ?tag=eloabder-20&linkCode=osi&th=1&psc=1"><img src="https://m.media-amazon.com/images/I/51YLdXlUP6L._SL500_.jpg" alt="Product Image"></a><p>Artecho Neon Paint - Set of 6 Colors, 59 ml / 2 oz Acrylic Paint for Decoration, Art Painting, Outdoor and Indoor Art Craft, Supplies for Canvas, Rock, Wood, Fabric, Waterproof Rich Pigments</p><p> -20% 0FF </p><p>$13.59 ($1.14 / Fl Oz)</p><a href="https://www.amazon.com/dp/B0871TN9QJ?tag=eloabder-20&linkCode=osi&th=1&psc=1">View Product</a></div><div class="product"><a href="https://www.amazon.com/dp/B09133GRBN?tag=eloabder-20&linkCode=osi&th=1&psc=1"><img src="https://m.media-amazon.com/images/I/51gFnhPRtSL._SL500_.jpg" alt="Product Image"></a><p>ABEIER Iridescent Acrylic Paint, Set of 18 Chameleon Colors, 2 oz/60ml Bottles, Color-shifting, Non-Toxic, High Viscosity, Blendable, Paints on Rocks Crafts Canvas Wood, Fabric, Ceramic & Stone</p><p> -20% 0FF </p><p>$20.79 ($0.58 / Fl Oz)</p><a href="https://www.amazon.com/dp/B09133GRBN?tag=eloabder-20&linkCode=osi&th=1&psc=1">View Product</a></div>
<div class="product"><a href="https://www.amazon.com/dp/B0009RRT9Y?tag=eloabder-20&linkCode=osi&th=1&psc=1"><img src="https://m.media-amazon.com/images/I/51ZhyYPOB5L._SL500_.jpg" alt="Product Image"></a><p>General Pencil Company The Masters Brush Cleaner & Preserver 2.5 0z.</p><p> -30% 0FF </p><p>$11.96</p><a href="https://www.amazon.com/dp/B0009RRT9Y?tag=eloabder-20&linkCode=osi&th=1&psc=1">View Product</a></div><div class="product"><a href="https://www.amazon.com/dp/B001TNR7VM?tag=eloabder-20&linkCode=osi&th=1&psc=1"><img src="https://m.media-amazon.com/images/I/51xdVglpEJL._SL500_.jpg" alt="Product Image"></a><p>General Pencil The Master's Brush Cleaner & Preserver, 1 oz</p><p> -7% 0FF </p><p>$8.01</p><a href="https://www.amazon.com/dp/B001TNR7VM?tag=eloabder-20&linkCode=osi&th=1&psc=1">View Product</a></div><div class="product"><a href="https://www.amazon.com/dp/B00F38YVQS?tag=eloabder-20&linkCode=osi&th=1&psc=1"><img src="https://m.media-amazon.com/images/I/51yjmSTzzML._SL500_.jpg" alt="Product Image"></a><p>B & J Original Brush Cleaner - 2.5 Oz/12ct Display</p><p> -6% 0FF </p><p>$11.99 ($4.80 / Ounce)</p><a href="https://www.amazon.com/dp/B00F38YVQS?tag=eloabder-20&linkCode=osi&th=1&psc=1">View Product</a></div><div class="product"><a href="https://www.amazon.com/dp/B004BN7QQ8?tag=eloabder-20&linkCode=osi&th=1&psc=1"><img src="https://m.media-amazon.com/images/I/31fEWB-h4VL._SL500_.jpg" alt="Product Image"></a><p>Winsor & Newton Brush Cleaner & Restorer, 16.0-oz Bottle</p><p> -14% 0FF </p><p>$21.87 ($1.37 / Fl Oz)</p><a href="https://www.amazon.com/dp/B004BN7QQ8?tag=eloabder-20&linkCode=osi&th=1&psc=1">View Product</a></div><div class="product"><a href="https://www.amazon.com/dp/B0049UZ8Z4?tag=eloabder-20&linkCode=osi&th=1&psc=1"><img src="https://m.media-amazon.com/images/I/51RVD9jAf9L._SL500_.jpg" alt="Product Image"></a><p>General Pencil 103-BJ The Masters Brush Cleaner and Preserver Tub, 24-Ounce</p><p> -19% 0FF </p><p>$28.29</p><a href="https://www.amazon.com/dp/B0049UZ8Z4?tag=eloabder-20&linkCode=osi&th=1&psc=1">View Product</a></div><div class="product"><a href="https://www.amazon.com/dp/B00JB1AUU4?tag=eloabder-20&linkCode=osi&th=1&psc=1"><img src="https://m.media-amazon.com/images/I/51YWgMhI8PL._SL500_.jpg" alt="Product Image"></a><p>General Pencil Masters Brush Cleaner and Preserver 1-Ounce (GP100)</p><p> -29% 0FF </p><p>$8.54</p><a href="https://www.amazon.com/dp/B00JB1AUU4?tag=eloabder-20&linkCode=osi&th=1&psc=1">View Product</a></div>
<div class="product"><a href="https://www.amazon.com/dp/B06X93CZ2F?tag=eloabder-20&linkCode=osi&th=1&psc=1"><img src="https://m.media-amazon.com/images/I/51N++pZFFoL._SL500_.jpg" alt="Product Image"></a><p>JTDEAL Paint Brush Holder, 22 Slots Paint Brush Storage for Acrylic Oil Watercolor Gouache Artist Paint Brush Roll Canvas Pouch, Silver white Holds 100 brushes</p><p> -23% 0FF </p><p>$9.98</p><a href="https://www.amazon.com/dp/B06X93CZ2F?tag=eloabder-20&linkCode=osi&th=1&psc=1">View Product</a></div><div class="product"><a href="https://www.amazon.com/dp/B000GJ76SE?tag=eloabder-20&linkCode=osi&th=1&psc=1"><img src="https://m.media-amazon.com/images/I/41bXOXEav9L._SL500_.jpg" alt="Product Image"></a><p>ArtBin KW903 Brush Box with Foam Inserts, Fine Art Portable Paint Brush Organizer, Plastic, Clear, 1.0 Count</p><p> -20% 0FF </p><p>$15.97</p><a href="https://www.amazon.com/dp/B000GJ76SE?tag=eloabder-20&linkCode=osi&th=1&psc=1">View Product</a></div><div class="product"><a href="https://www.amazon.com/dp/B0D476RJ27?tag=eloabder-20&linkCode=osi&th=1&psc=1"><img src="https://m.media-amazon.com/images/I/513n7TQ7WhL._SL500_.jpg" alt="Product Image"></a><p>SBYURE Wooden Paint Brush Holder Artist Brush Holder 67 Hole Paintbrush Holder Organizer Wood Paint Brush Rack for Pens Pencils and Art Tools</p><p> -17% 0FF </p><p>$9.99</p><a href="https://www.amazon.com/dp/B0D476RJ27?tag=eloabder-20&linkCode=osi&th=1&psc=1">View Product</a></div>
<div class="product"><a href="https://www.amazon.com/dp/B000THNGVO?tag=eloabder-20&linkCode=osi&th=1&psc=1"><img src="https://m.media-amazon.com/images/I/416vczORVSL._SL500_.jpg" alt="Product Image"></a><p>Pentel Fude Brush Pen, Medium (XFL2L)</p><p> -44% 0FF </p><p>$5.59</p><a href="https://www.amazon.com/dp/B000THNGVO?tag=eloabder-20&linkCode=osi&th=1&psc=1">View Product</a></div><div class="product"><a href="https://www.amazon.com/dp/B07DQ4292Y?tag=eloabder-20&linkCode=osi&th=1&psc=1"><img src="https://m.media-amazon.com/images/I/41-kgHpaPvL._SL500_.jpg" alt="Product Image"></a><p>Tombow 62039 Fudenosuke Brush Pens, 3-Pack. Soft, Hard, and Twin Tip Markers for Calligraphy and Art Drawings</p><p> -41% 0FF </p><p>$7.29 ($2.43 / Count)</p><a href="https://www.amazon.com/dp/B07DQ4292Y?tag=eloabder-20&linkCode=osi&th=1&psc=1">View Product</a></div><div class="product"><a href="https://www.amazon.com/dp/B08FCZC2R3?tag=eloabder-20&linkCode=osi&th=1&psc=1"><img src="https://m.media-amazon.com/images/I/51TWqPlqpfL._SL500_.jpg" alt="Product Image"></a><p>Craft 'n' Beyond Calligraphy Brush Pens Pack of 3 Small, Medium and Large Markers for Hand Lettering, Art Drawing, Sketching, Scrapbooking, Journaling - Beginner Kit with Fadeproof Black Ink</p><p> -20% 0FF </p><p>$5.99</p><a href="https://www.amazon.com/dp/B08FCZC2R3?tag=eloabder-20&linkCode=osi&th=1&psc=1">View Product</a></div><div class="product"><a href="https://www.amazon.com/dp/B0752Q39TF?tag=eloabder-20&linkCode=osi&th=1&psc=1"><img src="https://m.media-amazon.com/images/I/318NZq+SxqL._SL500_.jpg" alt="Product Image"></a><p>Zebra Pen Zensations Brush Pen, Brush Tip, Black Water-Resistant Ink, 1-Pack</p><p> -40% 0FF </p><p>$1.71</p><a href="https://www.amazon.com/dp/B0752Q39TF?tag=eloabder-20&linkCode=osi&th=1&psc=1">View Product</a></div><div class="product"><a href="https://www.amazon.com/dp/B01MS96OLD?tag=eloabder-20&linkCode=osi&th=1&psc=1"><img src="https://m.media-amazon.com/images/I/31bfqw+ZWDL._SL500_.jpg" alt="Product Image"></a><p>Tombow Abt Dual Brush Pen N15 Black Pack of 2</p><p> -10% 0FF </p><p>$6.23 ($3.12 / Count)</p><a href="https://www.amazon.com/dp/B01MS96OLD?tag=eloabder-20&linkCode=osi&th=1&psc=1">View Product</a></div>
<div class="product"><a href="https://www.amazon.com/dp/B09KNVGJLG?tag=eloabder-20&linkCode=osi&th=1&psc=1"><img src="https://m.media-amazon.com/images/I/51M8YXIl+HL._SL500_.jpg" alt="Product Image"></a><p>U.S. Art Supply 16 Hole Multi-Function Paint Brush Washer, Cleaner and Holder, 18 Palette Wells, Lid Plastic - Clean, Dry, Rest, Store, Hold Artist Brushes - Cleaning Acrylic, Watercolor, Oil Painting</p><p> -29% 0FF </p><p>$9.99</p><a href="https://www.amazon.com/dp/B09KNVGJLG?tag=eloabder-20&linkCode=osi&th=1&psc=1">View Product</a></div><div class="product"><a href="https://www.amazon.com/dp/B0CF959SCV?tag=eloabder-20&linkCode=osi&th=1&psc=1"><img src="https://m.media-amazon.com/images/I/41ab3WRFu8L._SL500_.jpg" alt="Product Image"></a><p>NIUCOO 2024 Upgraded Paint Brush Cleaner Brush Rinser: Paintbrush Cleaners Painting Station Paint Brush Rinse Paint Brush Washer Estacion De Pintura Flush My Brush Washing</p><p> -17% 0FF </p><p>$9.98</p><a href="https://www.amazon.com/dp/B0CF959SCV?tag=eloabder-20&linkCode=osi&th=1&psc=1">View Product</a></div><div class="product"><a href="https://www.amazon.com/dp/B0017880ME?tag=eloabder-20&linkCode=osi&th=1&psc=1"><img src="https://m.media-amazon.com/images/I/41qGjgJEnsL._SL500_.jpg" alt="Product Image"></a><p>Masterson Fresh Water Rinse Well Brush Cleaner for Cleaning Paintbrushes, Cleaning System for Acrylic, Watercolor, and Water-Based Paints, Great for Studio, Classroom, and Face Painting, Made in USA</p><p> -5% 0FF </p><p>$22.29</p><a href="https://www.amazon.com/dp/B0017880ME?tag=eloabder-20&linkCode=osi&th=1&psc=1">View Product</a></div>
<div class="product"><a href="https://www.amazon.com/dp/B07GH7WGC3?tag=eloabder-20&linkCode=osi&th=1&psc=1"><img src="https://m.media-amazon.com/images/I/51vzX1OZI6L._SL500_.jpg" alt="Product Image"></a><p>BOSOBO Paint Brushes Set, 2 Pack 20 Pcs Round-Pointed Tip Paintbrushes Nylon Hair Artist Acrylic Paint Brushes for Acrylic Oil Watercolor, Face Nail Art, Miniature Detailing & Rock Painting, Blue</p><p> -54% 0FF </p><p>$5.99 ($0.30 / Count)</p><a href="https://www.amazon.com/dp/B07GH7WGC3?tag=eloabder-20&linkCode=osi&th=1&psc=1">View Product</a></div><div class="product"><a href="https://www.amazon.com/dp/B09HH97QTK?tag=eloabder-20&linkCode=osi&th=1&psc=1"><img src="https://m.media-amazon.com/images/I/51LLw4EEEBL._SL500_.jpg" alt="Product Image"></a><p>20 Pcs Paint Brush Set for Acrylic Painting, Watercolor, Miniature Detailing, and Rock Painting</p><p> -50% 0FF </p><p>$4.99</p><a href="https://www.amazon.com/dp/B09HH97QTK?tag=eloabder-20&linkCode=osi&th=1&psc=1">View Product</a></div><div class="product"><a href="https://www.amazon.com/dp/B095M9LKPN?tag=eloabder-20&linkCode=osi&th=1&psc=1"><img src="https://m.media-amazon.com/images/I/51V-4Zpr+iS._SL500_.jpg" alt="Product Image"></a><p>Paint Brushes Set of 24 Pieces Wooden Handles Brushes with Canvas Brush Case, Professional for Oil, Acrylic and Watercolor Painting</p><p> -33% 0FF </p><p>$11.99</p><a href="https://www.amazon.com/dp/B095M9LKPN?tag=eloabder-20&linkCode=osi&th=1&psc=1">View Product</a></div><div class="product"><a href="https://www.amazon.com/dp/B078XJ2DCJ?tag=eloabder-20&linkCode=osi&th=1&psc=1"><img src="https://m.media-amazon.com/images/I/616oHEXPN1S._SL500_.jpg" alt="Product Image"></a><p>Pro Grade - Chip Paint Brushes - 36-Pack - 2 Inch Chip Brush for Paints, Stains, Varnishes, Glues, & Gesso</p><p> -28% 0FF </p><p>$17.99</p><a href="https://www.amazon.com/dp/B078XJ2DCJ?tag=eloabder-20&linkCode=osi&th=1&psc=1">View Product</a></div><div class="product"><a href="https://www.amazon.com/dp/B0878MN2VR?tag=eloabder-20&linkCode=osi&th=1&psc=1"><img src="https://m.media-amazon.com/images/I/51NycGy8AYL._SL500_.jpg" alt="Product Image"></a><p>Acrylic Paint Brush Set, 1 Packs / 10 pcs Watercolor Brushes Painting Brush Nylon Hair Brushes for All Purpose Oil Watercolor Painting Artist Professional Kits.</p><p> -56% 0FF </p><p>$3.99</p><a href="https://www.amazon.com/dp/B0878MN2VR?tag=eloabder-20&linkCode=osi&th=1&psc=1">View Product</a></div><div class="product"><a href="https://www.amazon.com/dp/B07X9SRV4H?tag=eloabder-20&linkCode=osi&th=1&psc=1"><img src="https://m.media-amazon.com/images/I/41Tq91myMWL._SL500_.jpg" alt="Product Image"></a><p>UPINS 30 Pcs Flat Paint Brushes, Small Brush Bulk for Detail Painting</p><p> -56% 0FF </p><p>$6.59 ($0.22 / Count)</p><a href="https://www.amazon.com/dp/B07X9SRV4H?tag=eloabder-20&linkCode=osi&th=1&psc=1">View Product</a></div><div class="product"><a href="https://www.amazon.com/dp/B08CY551NH?tag=eloabder-20&linkCode=osi&th=1&psc=1"><img src="https://m.media-amazon.com/images/I/514-YFHUt2L._SL500_.jpg" alt="Product Image"></a><p>Paint Brushes Set for Acrylic Painting, 20 Pcs Oil Watercolor Acrylic Paint Brush, Artist Paintbrushes for Body Face Rock Canvas, Kids Adult Drawing Arts Crafts Supplies, Blue</p><p> -11% 0FF </p><p>$7.99 ($0.40 / Count)</p><a href="https://www.amazon.com/dp/B08CY551NH?tag=eloabder-20&linkCode=osi&th=1&psc=1">View Product</a></div><div class="product"><a href="https://www.amazon.com/dp/B078XK6XRH?tag=eloabder-20&linkCode=osi&th=1&psc=1"><img src="https://m.media-amazon.com/images/I/51pi8RvmeJL._SL500_.jpg" alt="Product Image"></a><p>Pro Grade - Chip Paint Brushes - 96 Ea 2 Inch Chip Brush for Paints, Stains, Varnishes, Glues, & Gesso</p><p> -24% 0FF </p><p>$33.99</p><a href="https://www.amazon.com/dp/B078XK6XRH?tag=eloabder-20&linkCode=osi&th=1&psc=1">View Product</a></div>
<div class="product"><a href="https://www.amazon.com/dp/B081J66MVD?tag=eloabder-20&linkCode=osi&th=1&psc=1"><img src="https://m.media-amazon.com/images/I/61lZh1TW74L._SL500_.jpg" alt="Product Image"></a><p>Greentime 1500 pcs Round Resin Buttons Mixed Color Assorted Sizes for Crafts Sewing DIY Manual Button Painting DIY Handmade Ornament Buttons, 2 Holes and 4 Holes</p><p> -47% 0FF </p><p>$12.99</p><a href="https://www.amazon.com/dp/B081J66MVD?tag=eloabder-20&linkCode=osi&th=1&psc=1">View Product</a></div><div class="product"><a href="https://www.amazon.com/dp/B076FLR6X1?tag=eloabder-20&linkCode=osi&th=1&psc=1"><img src="https://m.media-amazon.com/images/I/51FdE2YnRTL._SL500_.jpg" alt="Product Image"></a><p>500-700 PCS Assorted Mixed Color Resin Buttons 2 and 4 Holes Round Craft for Sewing DIY Crafts Children's Manual Button Painting,DIY Handmade Ornament</p><p> -13% 0FF </p><p>$6.99</p><a href="https://www.amazon.com/dp/B076FLR6X1?tag=eloabder-20&linkCode=osi&th=1&psc=1">View Product</a></div>
<div class="product"><a href="https://www.amazon.com/dp/B0026SBYUE?tag=eloabder-20&linkCode=osi&th=1&psc=1"><img src="https://m.media-amazon.com/images/I/412Ga9k1q8L._SL500_.jpg" alt="Product Image"></a><p>Higgins Black Calligraphy Ink, 2.5 Ounce Bottle (44314)</p><p> -14% 0FF </p><p>$5.99</p><a href="https://www.amazon.com/dp/B0026SBYUE?tag=eloabder-20&linkCode=osi&th=1&psc=1">View Product</a></div><div class="product"><a href="https://www.amazon.com/dp/B0863983QL?tag=eloabder-20&linkCode=osi&th=1&psc=1"><img src="https://m.media-amazon.com/images/I/51z4eQeSGIL._SL500_.jpg" alt="Product Image"></a><p>SVBAQUUY Calligraphy Ink,12 Colors Dip Calligraphy Pen Inks Set for Art,Writing,Signatures,Calligraphy, Decoration,Gift (15ml)</p><p> -8% 0FF </p><p>$21.99</p><a href="https://www.amazon.com/dp/B0863983QL?tag=eloabder-20&linkCode=osi&th=1&psc=1">View Product</a></div><div class="product"><a href="https://www.amazon.com/dp/B0012F3HHU?tag=eloabder-20&linkCode=osi&th=1&psc=1"><img src="https://m.media-amazon.com/images/I/41pJiFMJ5NL._SL500_.jpg" alt="Product Image"></a><p>Winsor & Newton Calligraphy 6-Jar Ink Set, 30ml</p><p> -38% 0FF </p><p>$24.99 ($4.11 / Fl Oz)</p><a href="https://www.amazon.com/dp/B0012F3HHU?tag=eloabder-20&linkCode=osi&th=1&psc=1">View Product</a></div>
<div class="product"><a href="https://www.amazon.com/dp/B0007ZJ8QU?tag=eloabder-20&linkCode=osi&th=1&psc=1"><img src="https://m.media-amazon.com/images/I/41vTwN7L9NL._SL500_.jpg" alt="Product Image"></a><p>Speedball C-Series Lettering Pen Set - 1 Penholder w/ 6 Nibs</p><p> -8% 0FF </p><p>$11.99</p><a href="https://www.amazon.com/dp/B0007ZJ8QU?tag=eloabder-20&linkCode=osi&th=1&psc=1">View Product</a></div>
<div class="product"><a href="https://www.amazon.com/dp/B000KNNVX0?tag=eloabder-20&linkCode=osi&th=1&psc=1"><img src="https://m.media-amazon.com/images/I/51RAGoN6UsL._SL500_.jpg" alt="Product Image"></a><p>Strathmore STR- 50 Sheet Tape Bound Calligraphy Pad, 8.5 by 11", White</p><p> -26% 0FF </p><p>$6.90</p><a href="https://www.amazon.com/dp/B000KNNVX0?tag=eloabder-20&linkCode=osi&th=1&psc=1">View Product</a></div><div class="product"><a href="https://www.amazon.com/dp/B08X6CSGMK?tag=eloabder-20&linkCode=osi&th=1&psc=1"><img src="https://m.media-amazon.com/images/I/41cuzxFTUkL._SL500_.jpg" alt="Product Image"></a><p>Cotton Deckle Edge Paper Loose Leaf Sheets for Writing Calligraphy, Printing, Scrapbook Crafts, Map, Certificate, Invitation 150 GSM Ivory White-501-5x7-20</p><p> -35% 0FF </p><p>$12.99</p><a href="https://www.amazon.com/dp/B08X6CSGMK?tag=eloabder-20&linkCode=osi&th=1&psc=1">View Product</a></div>
<div class="product"><a href="https://www.amazon.com/dp/B001DKJLEC?tag=eloabder-20&linkCode=osi&th=1&psc=1"><img src="https://m.media-amazon.com/images/I/41T7Ur1AtUL._SL500_.jpg" alt="Product Image"></a><p>Speedball Elegant Writer Calligraphy 4 Marker Set, Black, 2.0 mm, 2.5 mm & 3.0 mm Chisel Nib Tip Pens for Drawing, Journaling, and Scrapbooking</p><p> -17% 0FF </p><p>$9.99 ($2.50 / Count)</p><a href="https://www.amazon.com/dp/B001DKJLEC?tag=eloabder-20&linkCode=osi&th=1&psc=1">View Product</a></div><div class="product"><a href="https://www.amazon.com/dp/B07RF533S7?tag=eloabder-20&linkCode=osi&th=1&psc=1"><img src="https://m.media-amazon.com/images/I/51JgvR-kW9L._SL500_.jpg" alt="Product Image"></a><p>Faber-Castell Calligraphy Pitt Artist Pen Set - 6 Multi Colored Calligraphy Pens</p><p> -41% 0FF </p><p>$14.19</p><a href="https://www.amazon.com/dp/B07RF533S7?tag=eloabder-20&linkCode=osi&th=1&psc=1">View Product</a></div><div class="product"><a href="https://www.amazon.com/dp/B08RYWH185?tag=eloabder-20&linkCode=osi&th=1&psc=1"><img src="https://m.media-amazon.com/images/I/51GFkyfC3iL._SL500_.jpg" alt="Product Image"></a><p>Piochoo Calligraphy Pens,8 Size Calligraphy Pens for Writing,Brush Pens Calligraphy Set for Beginners, Hand Lettering Pens</p><p> -24% 0FF </p><p>$12.99</p><a href="https://www.amazon.com/dp/B08RYWH185?tag=eloabder-20&linkCode=osi&th=1&psc=1">View Product</a></div>
<div class="product"><a href="https://www.amazon.com/dp/B01N5NKSQ3?tag=eloabder-20&linkCode=osi&th=1&psc=1"><img src="https://m.media-amazon.com/images/I/51HdJ6WBmEL._SL500_.jpg" alt="Product Image"></a><p>Mont Marte Calligraphy Set, 32 Piece. Includes Calligraphy Pens, Calligraphy Nibs, Ink Cartridges, Introduction Booklet and Exercise Booklet, Packaging May Vary</p><p> -13% 0FF </p><p>$23.42</p><a href="https://www.amazon.com/dp/B01N5NKSQ3?tag=eloabder-20&linkCode=osi&th=1&psc=1">View Product</a></div><div class="product"><a href="https://www.amazon.com/dp/B093TGXLLD?tag=eloabder-20&linkCode=osi&th=1&psc=1"><img src="https://m.media-amazon.com/images/I/61ZllSpD4FS._SL500_.jpg" alt="Product Image"></a><p>GC QUILL Calligraphy Fountain Pen Set- 7 with Different Nibs and 40 Ink Cartridges for Beginners- MU-09</p><p> -25% 0FF </p><p>$24.89</p><a href="https://www.amazon.com/dp/B093TGXLLD?tag=eloabder-20&linkCode=osi&th=1&psc=1">View Product</a></div><div class="product"><a href="https://www.amazon.com/dp/B0BCVDNPRJ?tag=eloabder-20&linkCode=osi&th=1&psc=1"><img src="https://m.media-amazon.com/images/I/51J-hFN4AeL._SL500_.jpg" alt="Product Image"></a><p>GC QUILL Calligraphy Pens Set 64pcs - Calligraphy Fountain Pen Set with 3 Fountain Pens, 7 Varied Nibs, 54 Ink Cartridges(10 Colors) - Writing, Drawing and Calligraphy Practice for beginner GC-F354</p><p> -35% 0FF </p><p>$23.99</p><a href="https://www.amazon.com/dp/B0BCVDNPRJ?tag=eloabder-20&linkCode=osi&th=1&psc=1">View Product</a></div>
<div class="product"><a href="https://www.amazon.com/dp/B00RK5HERU?tag=eloabder-20&linkCode=osi&th=1&psc=1"><img src="https://m.media-amazon.com/images/I/31XKJDOBVRL._SL500_.jpg" alt="Product Image"></a><p>Pacific Arc Ames Lettering Guide for Lettering, Writing, Architecture, and Drawing</p><p> -26% 0FF </p><p>$5.15</p><a href="https://www.amazon.com/dp/B00RK5HERU?tag=eloabder-20&linkCode=osi&th=1&psc=1">View Product</a></div><div class="product"><a href="https://www.amazon.com/dp/B01M0ERS1V?tag=eloabder-20&linkCode=osi&th=1&psc=1"><img src="https://m.media-amazon.com/images/I/41RPeg4SP7L._SL500_.jpg" alt="Product Image"></a><p>Tombow 56190 Beginner Lettering Set. Includes Essential Tools to Start Hand Lettering</p><p> -51% 0FF </p><p>$7.81</p><a href="https://www.amazon.com/dp/B01M0ERS1V?tag=eloabder-20&linkCode=osi&th=1&psc=1">View Product</a></div>
<div class="product"><a href="https://www.amazon.com/dp/B06Y3T5RV4?tag=eloabder-20&linkCode=osi&th=1&psc=1"><img src="https://m.media-amazon.com/images/I/61yZyP8eZTL._SL500_.jpg" alt="Product Image"></a><p>Candle Dyes for Soy Candle Making - Wax Сolor Dye Color Chips for Soy Wax - 16 Popular Colors Wax Dye Flakes</p><p> -30% 0FF </p><p>$13.99 ($8.74 / Ounce)</p><a href="https://www.amazon.com/dp/B06Y3T5RV4?tag=eloabder-20&linkCode=osi&th=1&psc=1">View Product</a></div><div class="product"><a href="https://www.amazon.com/dp/B08J1D4CN2?tag=eloabder-20&linkCode=osi&th=1&psc=1"><img src="https://m.media-amazon.com/images/I/51xAau3LTLL._SL500_.jpg" alt="Product Image"></a><p>Hearth & Harbor Candle Dye for Soy Candle Making – Candle Color Dye for Soy Wax, 24 Popular Colors Candle Wax Dye Blocks, Nontoxic Candle Dyes for Candle Making, Candle Making Supplies for DIY Candles</p><p> -43% 0FF </p><p>$11.87 ($1.75 / Ounce)</p><a href="https://www.amazon.com/dp/B08J1D4CN2?tag=eloabder-20&linkCode=osi&th=1&psc=1">View Product</a></div><div class="product"><a href="https://www.amazon.com/dp/B0CMCPGLQZ?tag=eloabder-20&linkCode=osi&th=1&psc=1"><img src="https://m.media-amazon.com/images/I/51G9e-Epa0L._SL500_.jpg" alt="Product Image"></a><p>Candle Dye - 12 Colors Wax Melt Dye for Candle Making, Oil-Based Dye for Wax, Highly Concentrate Liquid Candle Color Dye</p><p> -11% 0FF </p><p>$7.99</p><a href="https://www.amazon.com/dp/B0CMCPGLQZ?tag=eloabder-20&linkCode=osi&th=1&psc=1">View Product</a></div>
<div class="product"><a href="https://www.amazon.com/dp/B09ZG8P7ZB?tag=eloabder-20&linkCode=osi&th=1&psc=1"><img src="https://m.media-amazon.com/images/I/51o+EjUxogL._SL500_.jpg" alt="Product Image"></a><p>Hearth & Harbor Soy Candle Wax for Candle Making 10 lb Bag, Premium Natural Soy Wax Flakes, 100 Cotton Candle Wicks, 100 Wick Stickers, & 2 Centering Devices</p><p> -8% 0FF </p><p>$36.99</p><a href="https://www.amazon.com/dp/B09ZG8P7ZB?tag=eloabder-20&linkCode=osi&th=1&psc=1">View Product</a></div><div class="product"><a href="https://www.amazon.com/dp/B0BX2NXZCN?tag=eloabder-20&linkCode=osi&th=1&psc=1"><img src="https://m.media-amazon.com/images/I/51nxdXNpRYL._SL500_.jpg" alt="Product Image"></a><p>Complete Candle Making Kits for Adults Beginners,DIY Candle Making Supplies Include Soy Wax,Wax Melter,Scents,Dyes,Wicks,Wicks Sticker,Candle Tins & More-Full Candle Making Set - Arts & Crafts Kits</p><p> -43% 0FF </p><p>$22.99</p><a href="https://www.amazon.com/dp/B0BX2NXZCN?tag=eloabder-20&linkCode=osi&th=1&psc=1">View Product</a></div><div class="product"><a href="https://www.amazon.com/dp/B09KG8CXJV?tag=eloabder-20&linkCode=osi&th=1&psc=1"><img src="https://m.media-amazon.com/images/I/518SqpeIjbL._SL500_.jpg" alt="Product Image"></a><p>SAEUYVB Candle Making Kit for Adults with Hot Plate, DIY Starter Soy Candle Making Supplies/Kit - Perfect as Home Decorations（Black）</p><p> -13% 0FF </p><p>$54.99</p><a href="https://www.amazon.com/dp/B09KG8CXJV?tag=eloabder-20&linkCode=osi&th=1&psc=1">View Product</a></div><div class="product"><a href="https://www.amazon.com/dp/B09RX3HR32?tag=eloabder-20&linkCode=osi&th=1&psc=1"><img src="https://m.media-amazon.com/images/I/51yOqj55w3L._SL500_.jpg" alt="Product Image"></a><p>FAIRYELF Candle Making Kit with Wax Melter, Complete Candle Making Supplies, Soy Candle Wax Kit for Kids, Beginners, Adults, Including Electronic Stove, Soy Wax, Melting Pot, Rich Scents and Dyes</p><p> -17% 0FF </p><p>$49.99</p><a href="https://www.amazon.com/dp/B09RX3HR32?tag=eloabder-20&linkCode=osi&th=1&psc=1">View Product</a></div>
<div class="product"><a href="https://www.amazon.com/dp/B0CH67W758?tag=eloabder-20&linkCode=osi&th=1&psc=1"><img src="https://m.media-amazon.com/images/I/41jiPzWJO4L._SL500_.jpg" alt="Product Image"></a><p>Diamond Ball Mold Ball Candle Mold Diamond Shape Resin Casting Mold Resin Making Molds Silicone Mold for Candle Home Decorate Mold Candle Making Mold 3D Animal Mold</p><p> -17% 0FF </p><p>$9.99</p><a href="https://www.amazon.com/dp/B0CH67W758?tag=eloabder-20&linkCode=osi&th=1&psc=1">View Product</a></div><div class="product"><a href="https://www.amazon.com/dp/B09P9RFKJF?tag=eloabder-20&linkCode=osi&th=1&psc=1"><img src="https://m.media-amazon.com/images/I/41r1hyLKb7L._SL500_.jpg" alt="Product Image"></a><p>Silicone Candle Molds Set, 4PCS Bubble Candle Molds, Candle Molds for Candle Making, Epoxy Mold for Decor, Soap Making Resin Mold for Handmade Chocolate, Pudding, Clay, Ornament</p><p> -50% 0FF </p><p>$5.99</p><a href="https://www.amazon.com/dp/B09P9RFKJF?tag=eloabder-20&linkCode=osi&th=1&psc=1">View Product</a></div>
<div class="product"><a href="https://www.amazon.com/dp/B015W8DWUO?tag=eloabder-20&linkCode=osi&th=1&psc=1"><img src="https://m.media-amazon.com/images/I/41umHqV4zhL._SL500_.jpg" alt="Product Image"></a><p>EricX Light 100 Piece Cotton Candle Wick 6" Pre-Waxed for Candle Making,Candle DIY</p><p> -34% 0FF </p><p>$5.25</p><a href="https://www.amazon.com/dp/B015W8DWUO?tag=eloabder-20&linkCode=osi&th=1&psc=1">View Product</a></div><div class="product"><a href="https://www.amazon.com/dp/B097D7S6KB?tag=eloabder-20&linkCode=osi&th=1&psc=1"><img src="https://m.media-amazon.com/images/I/41jpnnrDAjL._SL500_.jpg" alt="Product Image"></a><p>CandMak Candle Wick Kit, 60 Cotton Candle Wicks with Candle Making Tools for Candle Making (Thick 4"+6"+8")</p><p> -30% 0FF </p><p>$6.99</p><a href="https://www.amazon.com/dp/B097D7S6KB?tag=eloabder-20&linkCode=osi&th=1&psc=1">View Product</a></div><div class="product"><a href="https://www.amazon.com/dp/B084ZSZQ4T?tag=eloabder-20&linkCode=osi&th=1&psc=1"><img src="https://m.media-amazon.com/images/I/41vLRbXIHhL._SL500_.jpg" alt="Product Image"></a><p>Candle Wick,100 Piece Candle Wicks for Candle Making DIY, 6 Inch Pre-Waxed Cotton Wick with Tabs</p><p> -40% 0FF </p><p>$4.79</p><a href="https://www.amazon.com/dp/B084ZSZQ4T?tag=eloabder-20&linkCode=osi&th=1&psc=1">View Product</a></div><div class="product"><a href="https://www.amazon.com/dp/B08Z334W66?tag=eloabder-20&linkCode=osi&th=1&psc=1"><img src="https://m.media-amazon.com/images/I/51nsfCzAwwL._SL500_.jpg" alt="Product Image"></a><p>DINGPAI 100pcs Cotton Candle Wicks, 6 inches Low Smoke Pre-Waxed Candle Wicks for Candle Making, Candle DIY</p><p> -41% 0FF </p><p>$4.99</p><a href="https://www.amazon.com/dp/B08Z334W66?tag=eloabder-20&linkCode=osi&th=1&psc=1">View Product</a></div>
<div class="product"><a href="https://www.amazon.com/dp/B087CPQ9GW?tag=eloabder-20&linkCode=osi&th=1&psc=1"><img src="https://m.media-amazon.com/images/I/41TL1NEX1NL._SL500_.jpg" alt="Product Image"></a><p>Simetufy Canvas Boards for Painting 52 Pack 8 x 10 Inch Blank Canvas Panels 100% Cotton Canvases Pre-Primed for Acrylic & Oil Paint</p><p> -29% 0FF </p><p>$35.99</p><a href="https://www.amazon.com/dp/B087CPQ9GW?tag=eloabder-20&linkCode=osi&th=1&psc=1">View Product</a></div><div class="product"><a href="https://www.amazon.com/dp/B087F4F5DK?tag=eloabder-20&linkCode=osi&th=1&psc=1"><img src="https://m.media-amazon.com/images/I/41zXOPu42qL._SL500_.jpg" alt="Product Image"></a><p>Simetufy 11 x 14 Inch Canvas Boards for Painting 32 Pack, Pre-Primed Blank Canvases for Painting 100% Cotton Paint Canvas for Acrylic, Oil</p><p> -25% 0FF </p><p>$37.99</p><a href="https://www.amazon.com/dp/B087F4F5DK?tag=eloabder-20&linkCode=osi&th=1&psc=1">View Product</a></div><div class="product"><a href="https://www.amazon.com/dp/B0CFV54VSS?tag=eloabder-20&linkCode=osi&th=1&psc=1"><img src="https://m.media-amazon.com/images/I/518YbprzAiL._SL500_.jpg" alt="Product Image"></a><p>Simetufy 8 Pack 8x10 Inch Canvas Boards for Painting Canvas Panels Painting Canvas-Gesso Primed Acid-Free 100% Cotton Canvases for Acrylics Oil Watercolor Tempera Paints</p><p> -5% 0FF </p><p>$8.99</p><a href="https://www.amazon.com/dp/B0CFV54VSS?tag=eloabder-20&linkCode=osi&th=1&psc=1">View Product</a></div><div class="product"><a href="https://www.amazon.com/dp/B07RT3865J?tag=eloabder-20&linkCode=osi&th=1&psc=1"><img src="https://m.media-amazon.com/images/I/51N9Bt-h3PL._SL500_.jpg" alt="Product Image"></a><p>FIXSMITH Canvas Boards for Painting 5x7 Inch, Super Value 24 Pack Mini Canvases, White Blank Canvas Panels, 100% Cotton Primed, Painting Art Supplies</p><p> -16% 0FF </p><p>$15.99</p><a href="https://www.amazon.com/dp/B07RT3865J?tag=eloabder-20&linkCode=osi&th=1&psc=1">View Product</a></div>
<div class="product"><a href="https://www.amazon.com/dp/B09MCHDSPR?tag=eloabder-20&linkCode=osi&th=1&psc=1"><img src="https://m.media-amazon.com/images/I/41S+37Lx2wL._SL500_.jpg" alt="Product Image"></a><p>100% Natural Cotton 7 oz Canvas Fabric (Duck), 63 Inches Wide X 3 Yards Long</p><p> -23% 0FF </p><p>$29.95</p><a href="https://www.amazon.com/dp/B09MCHDSPR?tag=eloabder-20&linkCode=osi&th=1&psc=1">View Product</a></div>
<div class="product"><a href="https://www.amazon.com/dp/B07D4YF3K4?tag=eloabder-20&linkCode=osi&th=1&psc=1"><img src="https://m.media-amazon.com/images/I/41ffykOOE7L._SL500_.jpg" alt="Product Image"></a><p>Neenah Index Cardstock, 8.5" x 11", 90 lb/163 gsm, White, Lightweight, 94 Brightness, 300 Sheets (91437)</p><p> -34% 0FF </p><p>$12.99</p><a href="https://www.amazon.com/dp/B07D4YF3K4?tag=eloabder-20&linkCode=osi&th=1&psc=1">View Product</a></div><div class="product"><a href="https://www.amazon.com/dp/B00006IDRW?tag=eloabder-20&linkCode=osi&th=1&psc=1"><img src="https://m.media-amazon.com/images/I/412xLv5ae7L._SL500_.jpg" alt="Product Image"></a><p>Neenah Premium Cardstock, 8.5" x 11", 65 lb/176 gsm, Bright White, 250 Sheets (91904)</p><p> -5% 0FF </p><p>$14.29</p><a href="https://www.amazon.com/dp/B00006IDRW?tag=eloabder-20&linkCode=osi&th=1&psc=1">View Product</a></div><div class="product"><a href="https://www.amazon.com/dp/B0CYPPHFV9?tag=eloabder-20&linkCode=osi&th=1&psc=1"><img src="https://m.media-amazon.com/images/I/51IQR4E5R1L._SL500_.jpg" alt="Product Image"></a><p>96 Sheets Colored Cardstock 24 Colors, 8.5x11 Color Cardstock Bulk, 200gsm/75lb Assorted Colors Construction Paper for Printing, Card Making, Die Cutting, Crafts, Scrapbooking, Party Decorations</p><p> -7% 0FF </p><p>$12.99</p><a href="https://www.amazon.com/dp/B0CYPPHFV9?tag=eloabder-20&linkCode=osi&th=1&psc=1">View Product</a></div><div class="product"><a href="https://www.amazon.com/dp/B08DCF5B4P?tag=eloabder-20&linkCode=osi&th=1&psc=1"><img src="https://m.media-amazon.com/images/I/41GRzmuulDL._SL500_.jpg" alt="Product Image"></a><p>Hammermill White Cardstock, 110 Lb, 8.5 x 11 Colored Cardstock, 1 Pack (200 Sheets) - Thick Card Stock, Made in the USA, 168380R</p><p> -38% 0FF </p><p>$13.32</p><a href="https://www.amazon.com/dp/B08DCF5B4P?tag=eloabder-20&linkCode=osi&th=1&psc=1">View Product</a></div><div class="product"><a href="https://www.amazon.com/dp/B0CNVRRWT1?tag=eloabder-20&linkCode=osi&th=1&psc=1"><img src="https://m.media-amazon.com/images/I/31WHKeB3LrL._SL500_.jpg" alt="Product Image"></a><p>BigOtters 27Sheets Black Cardstock Paper 8.5” x 11”, Craft Cardstock Construction Card Stock for Card Making Kids Art Crafts Scrapbooking, School Supplies, 92lb/250gsm</p><p> -43% 0FF </p><p>$3.99</p><a href="https://www.amazon.com/dp/B0CNVRRWT1?tag=eloabder-20&linkCode=osi&th=1&psc=1">View Product</a></div><div class="product"><a href="https://www.amazon.com/dp/B07QNMF4ZP?tag=eloabder-20&linkCode=osi&th=1&psc=1"><img src="https://m.media-amazon.com/images/I/41k97BuiQeL._SL500_.jpg" alt="Product Image"></a><p>Printworks White Cardstock, Standard, 67 lb. Vellum, 92 Bright, 250 sheets, 8.5 x 11, For Office, Home & School Printing, Craft Projects (00564)</p><p> -11% 0FF </p><p>$13.35</p><a href="https://www.amazon.com/dp/B07QNMF4ZP?tag=eloabder-20&linkCode=osi&th=1&psc=1">View Product</a></div>
<div class="product"><a href="https://www.amazon.com/dp/B0CW1LC631?tag=eloabder-20&linkCode=osi&th=1&psc=1"><img src="https://m.media-amazon.com/images/I/51wPMkRVlrL._SL500_.jpg" alt="Product Image"></a><p>Dragon Creek Wood Whittling Kit Complete Whittling Knife Wood Carving Tools Set Wood Carving Knives Kit for Kids Adults Beginners</p><p> -50% 0FF </p><p>$19.49</p><a href="https://www.amazon.com/dp/B0CW1LC631?tag=eloabder-20&linkCode=osi&th=1&psc=1">View Product</a></div>
<div class="product"><a href="https://www.amazon.com/dp/B07TVWD15T?tag=eloabder-20&linkCode=osi&th=1&psc=1"><img src="https://m.media-amazon.com/images/I/51fGMe-HqPL._SL500_.jpg" alt="Product Image"></a><p>AUGSUN Wood Carving Knife Set - 20 PCS Hand Carving Tool Set for DIY Sculpture Carpenter Experts & Beginners</p><p> -6% 0FF </p><p>$14.99</p><a href="https://www.amazon.com/dp/B07TVWD15T?tag=eloabder-20&linkCode=osi&th=1&psc=1">View Product</a></div><div class="product"><a href="https://www.amazon.com/dp/B001UYUVL8?tag=eloabder-20&linkCode=osi&th=1&psc=1"><img src="https://m.media-amazon.com/images/I/51Idf3mdhXL._SL500_.jpg" alt="Product Image"></a><p>FLEXCUT Carving Tools, Micro Palm Craving Set, Set of 4 (FR804)</p><p> -7% 0FF </p><p>$68.94</p><a href="https://www.amazon.com/dp/B001UYUVL8?tag=eloabder-20&linkCode=osi&th=1&psc=1">View Product</a></div><div class="product"><a href="https://www.amazon.com/dp/B0BZ7GMCST?tag=eloabder-20&linkCode=osi&th=1&psc=1"><img src="https://m.media-amazon.com/images/I/413mIJ+ZgrL._SL500_.jpg" alt="Product Image"></a><p>Blisstime 18PCS Clay Sculpting Tools, Basic Clay Pottery Carving Tool Kit with Wooden Handles and Tool Bag</p><p> -40% 0FF </p><p>$11.99</p><a href="https://www.amazon.com/dp/B0BZ7GMCST?tag=eloabder-20&linkCode=osi&th=1&psc=1">View Product</a></div>
<div class="product"><a href="https://www.amazon.com/dp/B09Q612DBG?tag=eloabder-20&linkCode=osi&th=1&psc=1"><img src="https://m.media-amazon.com/images/I/511LJ44qugL._SL500_.jpg" alt="Product Image"></a><p>Teexpert Epoxy Resin Crystal Clear: 64OZ Epoxy Resin kit Fast Curing Heat Resistant for Casting Coating Art DIY Craft Jewelry Wood Table Top Flower Preservation- 2 Part(32OZ Resin and 32OZ Hardener)</p><p> -10% 0FF </p><p>$22.49 ($0.35 / Fl Oz)</p><a href="https://www.amazon.com/dp/B09Q612DBG?tag=eloabder-20&linkCode=osi&th=1&psc=1">View Product</a></div><div class="product"><a href="https://www.amazon.com/dp/B0B2K12XQ8?tag=eloabder-20&linkCode=osi&th=1&psc=1"><img src="https://m.media-amazon.com/images/I/51qEL8qPgCL._SL500_.jpg" alt="Product Image"></a><p>LET'S RESIN 80oz Crystal Clear Casting Resin Kit,Bubbles Free Epoxy Resin Supplies,Clear Resin for Craft,Tumblers,Molds,Jewelry,Resin and Hardener with 6 Mica Powders,Large Silicone Cup</p><p> -42% 0FF </p><p>$36.79 ($0.46 / Ounce)</p><a href="https://www.amazon.com/dp/B0B2K12XQ8?tag=eloabder-20&linkCode=osi&th=1&psc=1">View Product</a></div><div class="product"><a href="https://www.amazon.com/dp/B086L1CDMT?tag=eloabder-20&linkCode=osi&th=1&psc=1"><img src="https://m.media-amazon.com/images/I/41icNRW2NRL._SL500_.jpg" alt="Product Image"></a><p>Epoxy Resin, 32OZ Resin Kit, Epoxy Resin Crystal Clear-Not Yellowing and No Bubble Self Leveling Easy Mix 1:1 Casting & Coating for DIY Jewelry Making of The Art Resin & Epoxy Resin (32oz)</p><p> -10% 0FF </p><p>$15.29</p><a href="https://www.amazon.com/dp/B086L1CDMT?tag=eloabder-20&linkCode=osi&th=1&psc=1">View Product</a></div><div class="product"><a href="https://www.amazon.com/dp/B0BY2PFY62?tag=eloabder-20&linkCode=osi&th=1&psc=1"><img src="https://m.media-amazon.com/images/I/51jY4DbLEVL._SL500_.jpg" alt="Product Image"></a><p>LET'S RESIN Polyurethane Resin, 60oz 2 Part Casting Resin, Fast Cured Resin within 10 Minutes, Ultra Low Viscosity & Low Odor Pourable Liquid Plastic for Casting Models, Prototypes & Other Resin Craft</p><p> -5% 0FF </p><p>$40.99 ($0.68 / Ounce)</p><a href="https://www.amazon.com/dp/B0BY2PFY62?tag=eloabder-20&linkCode=osi&th=1&psc=1">View Product</a></div><div class="product"><a href="https://www.amazon.com/dp/B0CPVCRD93?tag=eloabder-20&linkCode=osi&th=1&psc=1"><img src="https://m.media-amazon.com/images/I/51mBmD2NCqL._SL500_.jpg" alt="Product Image"></a><p>Puduo Epoxy Resin Kit 72OZ，Newly Formulated Crystal Clear Epoxy Resin，Strong, Bubble-Free, Anti-Yellowing Art Resin That，Suitable for Casting, DIY, Resin Art, Molds, Jewelry, Easy to Mix 1:1 Ratio</p><p> -21% 0FF </p><p>$36.99 ($0.51 / Ounce)</p><a href="https://www.amazon.com/dp/B0CPVCRD93?tag=eloabder-20&linkCode=osi&th=1&psc=1">View Product</a></div><div class="product"><a href="https://www.amazon.com/dp/B0B7DZ4YPN?tag=eloabder-20&linkCode=osi&th=1&psc=1"><img src="https://m.media-amazon.com/images/I/51NIBuS801L._SL500_.jpg" alt="Product Image"></a><p>Epoxy Resin 64OZ - Crystal Clear Epoxy Resin Kit - No Yellowing No Bubble Art Resin Casting Resin for Art Crafts, Jewelry Making, Wood & Resin Molds(32OZ x 2)</p><p> -32% 0FF </p><p>$29.99 ($0.47 / Ounce)</p><a href="https://www.amazon.com/dp/B0B7DZ4YPN?tag=eloabder-20&linkCode=osi&th=1&psc=1">View Product</a></div><div class="product"><a href="https://www.amazon.com/dp/B0C1FL6QR3?tag=eloabder-20&linkCode=osi&th=1&psc=1"><img src="https://m.media-amazon.com/images/I/51Lv4KyEb4L._SL500_.jpg" alt="Product Image"></a><p>LET'S RESIN 1 Gallon Casting Epoxy Resin with Pumps, Crystal Clear Epoxy Resin Kit for Beginners, with Ocean White Paste, Color Pigment, for DIY Art, Craft,Jewelry,River Table</p><p> -5% 0FF </p><p>$74.99</p><a href="https://www.amazon.com/dp/B0C1FL6QR3?tag=eloabder-20&linkCode=osi&th=1&psc=1">View Product</a></div><div class="product"><a href="https://www.amazon.com/dp/B08SJ58YBG?tag=eloabder-20&linkCode=osi&th=1&psc=1"><img src="https://m.media-amazon.com/images/I/51vDNE5fyxL._SL500_.jpg" alt="Product Image"></a><p>JDiction Epoxy Resin Clear High Gloss Epoxy Resin, Maximum 1.5 Inch Deep Pour 1 Gallon Casting Resin for Jewelry Making, Table Top, Wood and Mold Crafts</p><p> -35% 0FF </p><p>$47.99 ($0.37 / Fl Oz)</p><a href="https://www.amazon.com/dp/B08SJ58YBG?tag=eloabder-20&linkCode=osi&th=1&psc=1">View Product</a></div>
<div class="product"><a href="https://www.amazon.com/dp/B0021IK626?tag=eloabder-20&linkCode=osi&th=1&psc=1"><img src="https://m.media-amazon.com/images/I/317wgA0GITL._SL500_.jpg" alt="Product Image"></a><p>Winsor & Newton Artist Vine Charcoal Sticks, Soft, Box of 12 Sticks</p><p> -12% 0FF </p><p>$10.56</p><a href="https://www.amazon.com/dp/B0021IK626?tag=eloabder-20&linkCode=osi&th=1&psc=1">View Product</a></div><div class="product"><a href="https://www.amazon.com/dp/B004O7FFR8?tag=eloabder-20&linkCode=osi&th=1&psc=1"><img src="https://m.media-amazon.com/images/I/51JJnYm-n2L._SL500_.jpg" alt="Product Image"></a><p>Strathmore 300 Series Charcoal Paper Pad, Top Wire Bound, 9x12 inches, 32 Sheets (64lb/95g) - Artist Paper for Adults and Students - Charcoal and Pastel</p><p> -28% 0FF </p><p>$7.82</p><a href="https://www.amazon.com/dp/B004O7FFR8?tag=eloabder-20&linkCode=osi&th=1&psc=1">View Product</a></div><div class="product"><a href="https://www.amazon.com/dp/B004XMELLA?tag=eloabder-20&linkCode=osi&th=1&psc=1"><img src="https://m.media-amazon.com/images/I/41wklAOeEwS._SL500_.jpg" alt="Product Image"></a><p>CRETACOLOR Charcoal Powder, 175 gram</p><p> -17% 0FF </p><p>$19.99</p><a href="https://www.amazon.com/dp/B004XMELLA?tag=eloabder-20&linkCode=osi&th=1&psc=1">View Product</a></div>
<div class="product"><a href="https://www.amazon.com/dp/B08MFWBCKT?tag=eloabder-20&linkCode=osi&th=1&psc=1"><img src="https://m.media-amazon.com/images/I/41I3tDQXv9L._SL500_.jpg" alt="Product Image"></a><p>Winsor & Newton Studio Collection, 6 Count, Charcoal Pencils</p><p> -29% 0FF </p><p>$9.99</p><a href="https://www.amazon.com/dp/B08MFWBCKT?tag=eloabder-20&linkCode=osi&th=1&psc=1">View Product</a></div>
<div class="product"><a href="https://www.amazon.com/dp/B001BYK7RA?tag=eloabder-20&linkCode=osi&th=1&psc=1"><img src="https://m.media-amazon.com/images/I/316EZYjc1XL._SL500_.jpg" alt="Product Image"></a><p>Winsor & Newton Artist Vine Charcoal Sticks, Soft, Box of 3 Sticks</p><p> -27% 0FF </p><p>$2.99 ($1.00 / Count)</p><a href="https://www.amazon.com/dp/B001BYK7RA?tag=eloabder-20&linkCode=osi&th=1&psc=1">View Product</a></div><div class="product"><a href="https://www.amazon.com/dp/B08L8JKP72?tag=eloabder-20&linkCode=osi&th=1&psc=1"><img src="https://m.media-amazon.com/images/I/41pXzOgpC8L._SL500_.jpg" alt="Product Image"></a><p>Pacific Arc Compressed Charcoal Sticks Soft 12 Pack for Drawing, Sketching, and Shading</p><p> -24% 0FF </p><p>$9.17</p><a href="https://www.amazon.com/dp/B08L8JKP72?tag=eloabder-20&linkCode=osi&th=1&psc=1">View Product</a></div>
<div class="product"><a href="https://www.amazon.com/dp/B07BYVFMB1?tag=eloabder-20&linkCode=osi&th=1&psc=1"><img src="https://m.media-amazon.com/images/I/31rrg6weNlL._SL500_.jpg" alt="Product Image"></a><p>50 Chipboard Sheets 8.5 x 11 inch - 50pt (point) Heavy Weight Brown Kraft Cardboard for Scrapbooking & Picture Frame Backing (.050 Caliper Thick) Paper Board | MagicWater Supply</p><p> -42% 0FF </p><p>$24.99</p><a href="https://www.amazon.com/dp/B07BYVFMB1?tag=eloabder-20&linkCode=osi&th=1&psc=1">View Product</a></div><div class="product"><a href="https://www.amazon.com/dp/B00161W6L8?tag=eloabder-20&linkCode=osi&th=1&psc=1"><img src="https://m.media-amazon.com/images/I/41MflHlo3JL._SL500_.jpg" alt="Product Image"></a><p>GRAFIX Natural Medium Weight Chipboard Sheets 8.5"X11" 25/Pkg, 8.5"x11"x0.057", Count</p><p> -27% 0FF </p><p>$18.26 ($0.73 / Count)</p><a href="https://www.amazon.com/dp/B00161W6L8?tag=eloabder-20&linkCode=osi&th=1&psc=1">View Product</a></div>
<div class="product"><a href="https://www.amazon.com/dp/B0CG82NVDX?tag=eloabder-20&linkCode=osi&th=1&psc=1"><img src="https://m.media-amazon.com/images/I/41LZLhnqZ2L._SL500_.jpg" alt="Product Image"></a><p>4 Piece Wood Chisel Sets Woodworking Tools Set, Wood Chisels for Woodworking with Steel Hammer End, Wood Tools Chisel Set Woodworking with Ergonomic Plastic Handle, 6mm, 12mm, 18mm, 24mm</p><p> -8% 0FF </p><p>$9.18</p><a href="https://www.amazon.com/dp/B0CG82NVDX?tag=eloabder-20&linkCode=osi&th=1&psc=1">View Product</a></div><div class="product"><a href="https://www.amazon.com/dp/B07GGYNHSQ?tag=eloabder-20&linkCode=osi&th=1&psc=1"><img src="https://m.media-amazon.com/images/I/41jGbSe1quL._SL500_.jpg" alt="Product Image"></a><p>HURRICANE 4 Piece Wood Chisel Set for Woodworking, CR-V Steel Beveled Edge Blade, Durable PVC High Impact Handle Wood Chisel</p><p> -30% 0FF </p><p>$13.99</p><a href="https://www.amazon.com/dp/B07GGYNHSQ?tag=eloabder-20&linkCode=osi&th=1&psc=1">View Product</a></div><div class="product"><a href="https://www.amazon.com/dp/B07WPHDX7L?tag=eloabder-20&linkCode=osi&th=1&psc=1"><img src="https://m.media-amazon.com/images/I/51dts-90AqL._SL500_.jpg" alt="Product Image"></a><p>GREBSTK 9.5in Wood Chisel Set for Woodworking, 4pcs Chrome Vanadium Steel Bevel-Edge Bench Chisels with Cap, Comfortable Beech High Impact Handle, with Oxford Bag</p><p> -25% 0FF </p><p>$14.99</p><a href="https://www.amazon.com/dp/B07WPHDX7L?tag=eloabder-20&linkCode=osi&th=1&psc=1">View Product</a></div>
<div class="product"><a href="https://www.amazon.com/dp/B07DMGLTVZ?tag=eloabder-20&linkCode=osi&th=1&psc=1"><img src="https://m.media-amazon.com/images/I/41UaGK9mQ+L._SL500_.jpg" alt="Product Image"></a><p>Darnell Nehemiah Metal Alloy Sugar Paste Extruder Craft Gun with 20 Tips Sugar Craft Fondant Cake Sculpture Polymer Clay Tool Perfect (Green)</p><p> -14% 0FF </p><p>$5.99</p><a href="https://www.amazon.com/dp/B07DMGLTVZ?tag=eloabder-20&linkCode=osi&th=1&psc=1">View Product</a></div><div class="product"><a href="https://www.amazon.com/dp/B0DDCDZCCV?tag=eloabder-20&linkCode=osi&th=1&psc=1"><img src="https://m.media-amazon.com/images/I/410i1A+6UmL._SL500_.jpg" alt="Product Image"></a><p>ORIISIN Automatic Clay Extruder, Electric Extruder for Polymer Clay & Fondant, Clay Extruder for Pottery, Polymer Clay Extruder with Multiple Disks</p><p> -20% 0FF </p><p>$19.99</p><a href="https://www.amazon.com/dp/B0DDCDZCCV?tag=eloabder-20&linkCode=osi&th=1&psc=1">View Product</a></div><div class="product"><a href="https://www.amazon.com/dp/B0CNH2G6PB?tag=eloabder-20&linkCode=osi&th=1&psc=1"><img src="https://m.media-amazon.com/images/I/51l5sO0abDL._SL500_.jpg" alt="Product Image"></a><p>FVIEXE 2PCS Clay Extruder Tool, Polymer Clay Extruder Kit with 40 Extruder Discs and 40 Clay Cutters, Sugar Paste Fondant Extruder Tool Gun Cake Fondant Decorating Tool Set for Making Craft Border</p><p> -6% 0FF </p><p>$15.99</p><a href="https://www.amazon.com/dp/B0CNH2G6PB?tag=eloabder-20&linkCode=osi&th=1&psc=1">View Product</a></div>
<div class="product"><a href="https://www.amazon.com/dp/B0776SN7Y5?tag=eloabder-20&linkCode=osi&th=1&psc=1"><img src="https://m.media-amazon.com/images/I/41qik78i76L._SL500_.jpg" alt="Product Image"></a><p>RUBFAC Polymer Clay Tools, Clay Tools Kit, 24pcs Clay Sculpting Tools Set with Stylus and Rock Painting Kit - Air Dry Clay Modeling Tools for Pottery and Sculpture</p><p> -25% 0FF </p><p>$8.99</p><a href="https://www.amazon.com/dp/B0776SN7Y5?tag=eloabder-20&linkCode=osi&th=1&psc=1">View Product</a></div>
<div class="product"><a href="https://www.amazon.com/dp/B00T5LIRFU?tag=eloabder-20&linkCode=osi&th=1&psc=1"><img src="https://m.media-amazon.com/images/I/41HLrbxWYNL._SL500_.jpg" alt="Product Image"></a><p>Sculpey Tools Clay Conditioning Pasta Machine, polymer oven-bake clay tool, 9 thickness settings, includes clamp and hand crank, great for all skill levels and craft projects</p><p> -23% 0FF </p><p>$39.44</p><a href="https://www.amazon.com/dp/B00T5LIRFU?tag=eloabder-20&linkCode=osi&th=1&psc=1">View Product</a></div>
<div class="product"><a href="https://www.amazon.com/dp/B0D473MKHZ?tag=eloabder-20&linkCode=osi&th=1&psc=1"><img src="https://m.media-amazon.com/images/I/41GZeErV9FL._SL500_.jpg" alt="Product Image"></a><p>JRKOO Clay Tools Kit,28 PCS Pottery Tools,Polymer Clay Tools,Air Dry Clay Tools Set for Kids, Adults,Pottery Craft,Drawing,Dotting,Carving,Molding,Baking,Modeling,Shaping</p><p> -25% 0FF </p><p>$7.49</p><a href="https://www.amazon.com/dp/B0D473MKHZ?tag=eloabder-20&linkCode=osi&th=1&psc=1">View Product</a></div>
<div class="product"><a href="https://www.amazon.com/dp/B06XG9XHCG?tag=eloabder-20&linkCode=osi&th=1&psc=1"><img src="https://m.media-amazon.com/images/I/51deqHG5MFL._SL500_.jpg" alt="Product Image"></a><p>ARTEZA Pottery & Polymer Clay Tools, 42-Piece Sculpting Set, Steel Tip Pottery Tools with Wooden Handles, Craft Kit for Pottery Modeling, Carving</p><p> -34% 0FF </p><p>$29.39 ($0.70 / Count)</p><a href="https://www.amazon.com/dp/B06XG9XHCG?tag=eloabder-20&linkCode=osi&th=1&psc=1">View Product</a></div>
<div class="product"><a href="https://www.amazon.com/dp/B07KBZQN2F?tag=eloabder-20&linkCode=osi&th=1&psc=1"><img src="https://m.media-amazon.com/images/I/41Or4t3NbSL._SL500_.jpg" alt="Product Image"></a><p>Artlicious Drawing Board - 13 x 17 Sketch Boards with Handle for Drafting Art - Portable Wooden Clipboard for Class or Studio Fit in Artists Tote</p><p> -12% 0FF </p><p>$16.25</p><a href="https://www.amazon.com/dp/B07KBZQN2F?tag=eloabder-20&linkCode=osi&th=1&psc=1">View Product</a></div><div class="product"><a href="https://www.amazon.com/dp/B096DGLQRK?tag=eloabder-20&linkCode=osi&th=1&psc=1"><img src="https://m.media-amazon.com/images/I/31tsJJ2gVUL._SL500_.jpg" alt="Product Image"></a><p>2-Pack Artist's Drawing Sketch Boards, Large Art Clipboards with Left-Side Handle Holes and Paper Retaining Rubber Bands, Portable Drafting Boards for Home, Office, Studio, and Field (13x17 in)</p><p> -30% 0FF </p><p>$13.99</p><a href="https://www.amazon.com/dp/B096DGLQRK?tag=eloabder-20&linkCode=osi&th=1&psc=1">View Product</a></div><div class="product"><a href="https://www.amazon.com/dp/B0027AAMSG?tag=eloabder-20&linkCode=osi&th=1&psc=1"><img src="https://m.media-amazon.com/images/I/31fE-qZkGQL._SL500_.jpg" alt="Product Image"></a><p>Art Advantage Artist Sketch Tote Board 23x26, Drawing Board, Art Board, Painting Board, Masonite Board, Hardboard, Paint Board, Sketch Board, Drawing Boards for Artists</p><p> -11% 0FF </p><p>$26.69</p><a href="https://www.amazon.com/dp/B0027AAMSG?tag=eloabder-20&linkCode=osi&th=1&psc=1">View Product</a></div><div class="product"><a href="https://www.amazon.com/dp/B08PBD8JZH?tag=eloabder-20&linkCode=osi&th=1&psc=1"><img src="https://m.media-amazon.com/images/I/411Zn2OP2YL._SL500_.jpg" alt="Product Image"></a><p>Artist Sketch Board, 8K Wooden Water Proof Sketching Clipboard Student Travel Art Drawing Writing Board with Metal Clip for Classroom Studio or Field Use</p><p> -5% 0FF </p><p>$13.10</p><a href="https://www.amazon.com/dp/B08PBD8JZH?tag=eloabder-20&linkCode=osi&th=1&psc=1">View Product</a></div><div class="product"><a href="https://www.amazon.com/dp/B096DNF5LW?tag=eloabder-20&linkCode=osi&th=1&psc=1"><img src="https://m.media-amazon.com/images/I/41WTiS7xFZL._SL500_.jpg" alt="Product Image"></a><p>Bright Creations 2-Pack Artist's Drawing Sketch Boards, Large Art Clipboard with Left-Side Handle Holes & Paper Holding Rubber Bands, Portable Drafting Boards for Home, Office, Studio, Field(18x18")</p><p> -16% 0FF </p><p>$26.99</p><a href="https://www.amazon.com/dp/B096DNF5LW?tag=eloabder-20&linkCode=osi&th=1&psc=1">View Product</a></div>
<div class="product"><a href="https://www.amazon.com/dp/B07H6JWKCK?tag=eloabder-20&linkCode=osi&th=1&psc=1"><img src="https://m.media-amazon.com/images/I/41o0NPLKJtL._SL500_.jpg" alt="Product Image"></a><p>LWR CRAFTS Jute Cord Twine 1.5mm 90ft Natural for Mini Clothespins</p><p> -13% 0FF </p><p>$3.49 ($0.04 / Foot)</p><a href="https://www.amazon.com/dp/B07H6JWKCK?tag=eloabder-20&linkCode=osi&th=1&psc=1">View Product</a></div><div class="product"><a href="https://www.amazon.com/dp/B08GM954K3?tag=eloabder-20&linkCode=osi&th=1&psc=1"><img src="https://m.media-amazon.com/images/I/51HzWiyDe7L._SL500_.jpg" alt="Product Image"></a><p>Wenrook 300 Pack Safety Pins Assorted, 4 Different Sizes, Strong Nickel Plated Steel, Safety Pins for Clothes, Crafts, Pinning and More</p><p> -28% 0FF </p><p>$5.79 ($0.02 / Count)</p><a href="https://www.amazon.com/dp/B08GM954K3?tag=eloabder-20&linkCode=osi&th=1&psc=1">View Product</a></div><div class="product"><a href="https://www.amazon.com/dp/B0BHVGYVJJ?tag=eloabder-20&linkCode=osi&th=1&psc=1"><img src="https://m.media-amazon.com/images/I/4169Jf5yW0L._SL500_.jpg" alt="Product Image"></a><p>Sewing clips for fabric and quilting,WENICE 40pcs embroidery clips of sewing products for sewing supplies and accessories</p><p> -36% 0FF </p><p>$4.49</p><a href="https://www.amazon.com/dp/B0BHVGYVJJ?tag=eloabder-20&linkCode=osi&th=1&psc=1">View Product</a></div>
<div class="product"><a href="https://www.amazon.com/dp/B0BHYGM2XG?tag=eloabder-20&linkCode=osi&th=1&psc=1"><img src="https://m.media-amazon.com/images/I/51D88wLFFAL._SL500_.jpg" alt="Product Image"></a><p>KALOUR 72 Count Colored Pencils for Adult Coloring Books, Soft Core,Ideal for Drawing Blending Shading,Color Pencils Set Gift for Adults Kids Beginners</p><p> -40% 0FF </p><p>$11.99</p><a href="https://www.amazon.com/dp/B0BHYGM2XG?tag=eloabder-20&linkCode=osi&th=1&psc=1">View Product</a></div><div class="product"><a href="https://www.amazon.com/dp/B0CCJ8K7BG?tag=eloabder-20&linkCode=osi&th=1&psc=1"><img src="https://m.media-amazon.com/images/I/51+YRjtIYnL._SL500_.jpg" alt="Product Image"></a><p>HIFORNY 125 Pack Colored Pencils Set for Adult Coloring,120 Colors Coloring Pencils with Extras,Drawing Pencils Art Craft Supplies for Adults Beginners</p><p> -26% 0FF </p><p>$13.29</p><a href="https://www.amazon.com/dp/B0CCJ8K7BG?tag=eloabder-20&linkCode=osi&th=1&psc=1">View Product</a></div><div class="product"><a href="https://www.amazon.com/dp/B09FJN5R5C?tag=eloabder-20&linkCode=osi&th=1&psc=1"><img src="https://m.media-amazon.com/images/I/51HNg7VkaPL._SL500_.jpg" alt="Product Image"></a><p>PRINA Art Supplies 120 Colors Colored Pencils Set for Adults Coloring Books with Sketchbook, Professional Vibrant Artists Coloring Pencils for Drawing Sketching Blending Shading, Soft Core Oil Based</p><p> -10% 0FF </p><p>$27.99</p><a href="https://www.amazon.com/dp/B09FJN5R5C?tag=eloabder-20&linkCode=osi&th=1&psc=1">View Product</a></div><div class="product"><a href="https://www.amazon.com/dp/B0B8MFGW36?tag=eloabder-20&linkCode=osi&th=1&psc=1"><img src="https://m.media-amazon.com/images/I/51umBJsfZDL._SL500_.jpg" alt="Product Image"></a><p>KALOUR Premium Colored Pencils,Set of 120 Colors,Artists Soft Core with Vibrant Color,Ideal for Drawing Sketching Shading,Coloring Pencils for Adults Beginners kids</p><p> -17% 0FF </p><p>$24.99</p><a href="https://www.amazon.com/dp/B0B8MFGW36?tag=eloabder-20&linkCode=osi&th=1&psc=1">View Product</a></div><div class="product"><a href="https://www.amazon.com/dp/B06ZZNF7GS?tag=eloabder-20&linkCode=osi&th=1&psc=1"><img src="https://m.media-amazon.com/images/I/51yeXw2QRdL._SL500_.jpg" alt="Product Image"></a><p>Castle Art Supplies 72 Colored Pencils Set | Quality Soft Core Colored Leads for Adult Artists, Professionals and Colorists | Protected and Organized in Presentation Tin Box</p><p> -35% 0FF </p><p>$36.98</p><a href="https://www.amazon.com/dp/B06ZZNF7GS?tag=eloabder-20&linkCode=osi&th=1&psc=1">View Product</a></div><div class="product"><a href="https://www.amazon.com/dp/B005O2ZU68?tag=eloabder-20&linkCode=osi&th=1&psc=1"><img src="https://m.media-amazon.com/images/I/51iZ-dj8GBL._SL500_.jpg" alt="Product Image"></a><p>Prismacolor Premier Colored Pencils, Soft Core, 150 Count, Lightfast, Ultra-smooth, Adult Coloring Books</p><p> -7% 0FF </p><p>$139.99</p><a href="https://www.amazon.com/dp/B005O2ZU68?tag=eloabder-20&linkCode=osi&th=1&psc=1">View Product</a></div>
<div class="product"><a href="https://www.amazon.com/dp/B004BN9U30?tag=eloabder-20&linkCode=osi&th=1&psc=1"><img src="https://m.media-amazon.com/images/I/51r8f-9WzoL._SL500_.jpg" alt="Product Image"></a><p>ACTIVA Decor Sand, 5-Pound, Light Blue,4555</p><p> -13% 0FF </p><p>$20.30 ($0.25 / Ounce)</p><a href="https://www.amazon.com/dp/B004BN9U30?tag=eloabder-20&linkCode=osi&th=1&psc=1">View Product</a></div>
<div class="product"><a href="https://www.amazon.com/dp/B076TT3TYN?tag=eloabder-20&linkCode=osi&th=1&psc=1"><img src="https://m.media-amazon.com/images/I/614S+VRElYL._SL500_.jpg" alt="Product Image"></a><p>Embroidery Floss Rainbow Color 50 Skeins Per Pack Cross Stitch Threads Friendship Bracelets Floss Crafts Floss</p><p> -60% 0FF </p><p>$5.97 ($0.00 / Foot)</p><a href="https://www.amazon.com/dp/B076TT3TYN?tag=eloabder-20&linkCode=osi&th=1&psc=1">View Product</a></div><div class="product"><a href="https://www.amazon.com/dp/B06XRF1LCM?tag=eloabder-20&linkCode=osi&th=1&psc=1"><img src="https://m.media-amazon.com/images/I/51HOGqvHonS._SL500_.jpg" alt="Product Image"></a><p>CiaraQ Sewing Threads Kits, 30 Colors Polyester 250 Yards Per Spools for Hand Sewing & Embroidery</p><p> -47% 0FF </p><p>$8.99 ($0.00 / Foot)</p><a href="https://www.amazon.com/dp/B06XRF1LCM?tag=eloabder-20&linkCode=osi&th=1&psc=1">View Product</a></div><div class="product"><a href="https://www.amazon.com/dp/B002KASKRS?tag=eloabder-20&linkCode=osi&th=1&psc=1"><img src="https://m.media-amazon.com/images/I/51GVfmIT-kL._SL500_.jpg" alt="Product Image"></a><p>Singer 264 Polyester Thread, Assorted Colors, 24 Spools</p><p> -31% 0FF </p><p>$2.69 ($0.00 / Foot)</p><a href="https://www.amazon.com/dp/B002KASKRS?tag=eloabder-20&linkCode=osi&th=1&psc=1">View Product</a></div>
<div class="product"><a href="https://www.amazon.com/dp/B0868M9MFP?tag=eloabder-20&linkCode=osi&th=1&psc=1"><img src="https://m.media-amazon.com/images/I/41MathwPKuL._SL500_.jpg" alt="Product Image"></a><p>Simetufy 360 Sheets 36 Multicolor Tissue Paper Bulk Gift Wrapping Tissue Paper Decorative Art Rainbow Tissue Paper 11.5in x 8in for Art Craft Floral Birthday Party Festival Tissue Paper Pom Pom</p><p> -38% 0FF </p><p>$7.99 ($0.02 / Count)</p><a href="https://www.amazon.com/dp/B0868M9MFP?tag=eloabder-20&linkCode=osi&th=1&psc=1">View Product</a></div><div class="product"><a href="https://www.amazon.com/dp/B0B9SF3Y4D?tag=eloabder-20&linkCode=osi&th=1&psc=1"><img src="https://m.media-amazon.com/images/I/419aeFWjtAL._SL500_.jpg" alt="Product Image"></a><p>Simetufy 60 Sheets Tissue Paper for Gift Bags, 10 Bold Colored Tissue Paper for Crafts, Art Tissue Paper Bulk, Gift Tissue Paper 20 x 20 Inch</p><p> -7% 0FF </p><p>$6.49 ($0.65 / Count)</p><a href="https://www.amazon.com/dp/B0B9SF3Y4D?tag=eloabder-20&linkCode=osi&th=1&psc=1">View Product</a></div><div class="product"><a href="https://www.amazon.com/dp/B0C8SYQJS1?tag=eloabder-20&linkCode=osi&th=1&psc=1"><img src="https://m.media-amazon.com/images/I/41gbdOrx9cL._SL500_.jpg" alt="Product Image"></a><p>VGOODALL 450 Sheets Multicolor Tissue Paper, Gift Wrapping Paper 11.5x8 Inch Craft Tissue Paper for Holiday Birthday Gift Wrapping DIY Project 40 Assorted Colors</p><p> -44% 0FF </p><p>$4.99 ($0.01 / Count)</p><a href="https://www.amazon.com/dp/B0C8SYQJS1?tag=eloabder-20&linkCode=osi&th=1&psc=1">View Product</a></div><div class="product"><a href="https://www.amazon.com/dp/B0CSG6Q67Y?tag=eloabder-20&linkCode=osi&th=1&psc=1"><img src="https://m.media-amazon.com/images/I/417iKgFw8BL._SL500_.jpg" alt="Product Image"></a><p>Longerse Colored Tissue Paper for Gift Bags,60 Sheets Art Tissue Paper Bulk,20”x20” Tissue Paper for Gift Wrapping,Gift Decoration,Art and DIY (Colorful)</p><p> -60% 0FF </p><p>$3.99 ($0.07 / Count)</p><a href="https://www.amazon.com/dp/B0CSG6Q67Y?tag=eloabder-20&linkCode=osi&th=1&psc=1">View Product</a></div><div class="product"><a href="https://www.amazon.com/dp/B08PP63JVH?tag=eloabder-20&linkCode=osi&th=1&psc=1"><img src="https://m.media-amazon.com/images/I/51Z1SH4GpyL._SL500_.jpg" alt="Product Image"></a><p>KESOTE Colored Tissue Paper for Gift Bags Crafts, 14" x 20" Tissue Paper Bulk 100 Sheets Gift Paper Tissue for Packaging - 20 Colors</p><p> -11% 0FF </p><p>$7.99 ($0.08 / Count)</p><a href="https://www.amazon.com/dp/B08PP63JVH?tag=eloabder-20&linkCode=osi&th=1&psc=1">View Product</a></div>
<div class="product"><a href="https://www.amazon.com/dp/B0CGR8W9QL?tag=eloabder-20&linkCode=osi&th=1&psc=1"><img src="https://m.media-amazon.com/images/I/51Zzm+7K6CL._SL500_.jpg" alt="Product Image"></a><p>Beautiful Adult Coloring Book Set of 2 for Relaxation - Gratitude and Mindfulness Books with Inspirational Quotes Making it a Great Gift - Perfect Stress-Relieving Books Fun to Color for Women</p><p> -10% 0FF </p><p>$11.69 ($5.84 / Count)</p><a href="https://www.amazon.com/dp/B0CGR8W9QL?tag=eloabder-20&linkCode=osi&th=1&psc=1">View Product</a></div><div class="product"><a href="https://www.amazon.com/dp/B01ELWWX98?tag=eloabder-20&linkCode=osi&th=1&psc=1"><img src="https://m.media-amazon.com/images/I/51g67GhksOL._SL500_.jpg" alt="Product Image"></a><p>Maybe Swearing Will Help Adult Coloring Book Set - for Adults Relaxation with Markers in a Case - Motivational Swear Word Anxiety Relief - Color Cuss & Laugh Your Way to Less Stress</p><p> -13% 0FF </p><p>$24.99</p><a href="https://www.amazon.com/dp/B01ELWWX98?tag=eloabder-20&linkCode=osi&th=1&psc=1">View Product</a></div><div class="product"><a href="https://www.amazon.com/dp/B0828BM6PW?tag=eloabder-20&linkCode=osi&th=1&psc=1"><img src="https://m.media-amazon.com/images/I/61rJ0ivLQ0L._SL500_.jpg" alt="Product Image"></a><p>ARTEZA Adult Coloring Book, Doodle Designs, 72 Sheets, 6.4x6.4 Inches Coloring Pages, 100 lb Paper</p><p> -43% 0FF </p><p>$7.40</p><a href="https://www.amazon.com/dp/B0828BM6PW?tag=eloabder-20&linkCode=osi&th=1&psc=1">View Product</a></div><div class="product"><a href="https://www.amazon.com/dp/B09NB2GZTD?tag=eloabder-20&linkCode=osi&th=1&psc=1"><img src="https://m.media-amazon.com/images/I/51FROdttEnL._SL500_.jpg" alt="Product Image"></a><p>RYVE Adult Coloring Book for Women - Mindfulness Coloring Book with Personal Growth Prompts - Coloring Book for Adults Relaxation, Coloring Book Adult, Mindfulness Gifts, Relaxation Gifts for Women</p><p> -35% 0FF </p><p>$12.95</p><a href="https://www.amazon.com/dp/B09NB2GZTD?tag=eloabder-20&linkCode=osi&th=1&psc=1">View Product</a></div><div class="product"><a href="https://www.amazon.com/dp/B07P57M4ZR?tag=eloabder-20&linkCode=osi&th=1&psc=1"><img src="https://m.media-amazon.com/images/I/6101oGV4dKL._SL500_.jpg" alt="Product Image"></a><p>Adult Coloring Book Bundle with 10 Deluxe Coloring Books for Adults and Teens (Over 250 Stress Relieving Patterns).</p><p> -6% 0FF </p><p>$16.96</p><a href="https://www.amazon.com/dp/B07P57M4ZR?tag=eloabder-20&linkCode=osi&th=1&psc=1">View Product</a></div>
<div class="product"><a href="https://www.amazon.com/dp/B0BWH7CWFW?tag=eloabder-20&linkCode=osi&th=1&psc=1"><img src="https://m.media-amazon.com/images/I/51jUg2AkDyL._SL500_.jpg" alt="Product Image"></a><p>AnyMark 60 Colors Alcohol Markers, Markers Set, Dual Tip Alcohol Based Art Markers for Kids Adults Coloring Drawing, Chisel & Fine</p><p> -15% 0FF </p><p>$16.99 ($0.28 / Count)</p><a href="https://www.amazon.com/dp/B0BWH7CWFW?tag=eloabder-20&linkCode=osi&th=1&psc=1">View Product</a></div><div class="product"><a href="https://www.amazon.com/dp/B09SG83ZZG?tag=eloabder-20&linkCode=osi&th=1&psc=1"><img src="https://m.media-amazon.com/images/I/51Qb5KktWiL._SL500_.jpg" alt="Product Image"></a><p>Sunacme Art Supplier Dual Brush Markers Pens, 110 Artist Coloring Marker Set, Fineliner & Brush Tip Pen with Premium Case for Adults Coloring Books & Kids Journal, Drawing, Doodlin</p><p> -14% 0FF </p><p>$29.99</p><a href="https://www.amazon.com/dp/B09SG83ZZG?tag=eloabder-20&linkCode=osi&th=1&psc=1">View Product</a></div><div class="product"><a href="https://www.amazon.com/dp/B075WQPKNK?tag=eloabder-20&linkCode=osi&th=1&psc=1"><img src="https://m.media-amazon.com/images/I/51EOXvmdwnL._SL500_.jpg" alt="Product Image"></a><p>Dual Brush Marker Pens for Coloring Books, Tanmit Fine Tip Coloring Marker & Brush Pen Set for Journaling Note Taking Writing Planning Art Project</p><p> -29% 0FF </p><p>$9.97</p><a href="https://www.amazon.com/dp/B075WQPKNK?tag=eloabder-20&linkCode=osi&th=1&psc=1">View Product</a></div><div class="product"><a href="https://www.amazon.com/dp/B0CMLFSJ32?tag=eloabder-20&linkCode=osi&th=1&psc=1"><img src="https://m.media-amazon.com/images/I/51tOlopoSsL._SL500_.jpg" alt="Product Image"></a><p>TOSHARE Double Brush Marker Pens, 72 Colors Art Markers Set with Fine Tip and Brush Tip for Kids Adult Coloring Book Hand Lettering Calligraphy Drawing Art Supplies Kit</p><p> -43% 0FF </p><p>$16.99</p><a href="https://www.amazon.com/dp/B0CMLFSJ32?tag=eloabder-20&linkCode=osi&th=1&psc=1">View Product</a></div>
<div class="product"><a href="https://www.amazon.com/dp/B011KGGTYI?tag=eloabder-20&linkCode=osi&th=1&psc=1"><img src="https://m.media-amazon.com/images/I/5132ds0q8dL._SL500_.jpg" alt="Product Image"></a><p>Prang (Formerly Art Street) Construction Paper, 10 Assorted Colors, Standard Weight, 9" x 12", 500 Sheets</p><p> -39% 0FF </p><p>$11.88</p><a href="https://www.amazon.com/dp/B011KGGTYI?tag=eloabder-20&linkCode=osi&th=1&psc=1">View Product</a></div><div class="product"><a href="https://www.amazon.com/dp/B00JKHFR2K?tag=eloabder-20&linkCode=osi&th=1&psc=1"><img src="https://m.media-amazon.com/images/I/31-VtYKPhLL._SL500_.jpg" alt="Product Image"></a><p>Childcraft Construction Paper, 9 x 12 Inches, Assorted Colors, 500 Sheets - 1465886</p><p> -12% 0FF </p><p>$14.02 ($0.03 / Count)</p><a href="https://www.amazon.com/dp/B00JKHFR2K?tag=eloabder-20&linkCode=osi&th=1&psc=1">View Product</a></div><div class="product"><a href="https://www.amazon.com/dp/B0044O9S9M?tag=eloabder-20&linkCode=osi&th=1&psc=1"><img src="https://m.media-amazon.com/images/I/51LYJXeYUuL._SL500_.jpg" alt="Product Image"></a><p>Crayola 9" x 12" 8-Assorted Color Construction Paper - 96/Pack</p><p> -7% 0FF </p><p>$7.53 ($0.08 / Count)</p><a href="https://www.amazon.com/dp/B0044O9S9M?tag=eloabder-20&linkCode=osi&th=1&psc=1">View Product</a></div><div class="product"><a href="https://www.amazon.com/dp/B07RPBV5QV?tag=eloabder-20&linkCode=osi&th=1&psc=1"><img src="https://m.media-amazon.com/images/I/31NYvEA9UbL._SL500_.jpg" alt="Product Image"></a><p>Colorations Construction Paper, Classroom Art Supplies, 9" x 12" Craft Paper 2200 Sheet Pack, Heavyweight Construction Paper, Bulk Packs, Assorted Colors, Drawing, Coloring, Painting, School Supplies</p><p> -7% 0FF </p><p>$82.99 ($0.04 / Count)</p><a href="https://www.amazon.com/dp/B07RPBV5QV?tag=eloabder-20&linkCode=osi&th=1&psc=1">View Product</a></div><div class="product"><a href="https://www.amazon.com/dp/B0017OHG1O?tag=eloabder-20&linkCode=osi&th=1&psc=1"><img src="https://m.media-amazon.com/images/I/21ulYe3YW0L._SL500_.jpg" alt="Product Image"></a><p>Prang (Formerly SunWorks) Construction Paper, White, 9" x 12", 100 Sheets</p><p> -11% 0FF </p><p>$4.27</p><a href="https://www.amazon.com/dp/B0017OHG1O?tag=eloabder-20&linkCode=osi&th=1&psc=1">View Product</a></div>
<div class="product"><a href="https://www.amazon.com/dp/B07VPLN92N?tag=eloabder-20&linkCode=osi&th=1&psc=1"><img src="https://m.media-amazon.com/images/I/419sJC3gTyS._SL500_.jpg" alt="Product Image"></a><p>Colorations® Geo Shapes Dough Cutters and Rolling Pin, Set of 9, 8 different Shapes & the Roller, Use with Dough, Dough Cutter Shapes, Great Starter Set for using Dough, Learn About Shapes</p><p> -41% 0FF </p><p>$7.49</p><a href="https://www.amazon.com/dp/B07VPLN92N?tag=eloabder-20&linkCode=osi&th=1&psc=1">View Product</a></div><div class="product"><a href="https://www.amazon.com/dp/B07JG76SSJ?tag=eloabder-20&linkCode=osi&th=1&psc=1"><img src="https://m.media-amazon.com/images/I/41AXTn1lZjL._SL500_.jpg" alt="Product Image"></a><p>Wilton Plastic Cookie Cutters Gift Boxed 10/Pkg, Christmas</p><p> -23% 0FF </p><p>$9.99</p><a href="https://www.amazon.com/dp/B07JG76SSJ?tag=eloabder-20&linkCode=osi&th=1&psc=1">View Product</a></div><div class="product"><a href="https://www.amazon.com/dp/B0D95TVN4T?tag=eloabder-20&linkCode=osi&th=1&psc=1"><img src="https://m.media-amazon.com/images/I/51tcz-zfq1L._SL500_.jpg" alt="Product Image"></a><p>KEOKER Halloween Polymer Clay Cutters, 12 Shapes Polymer Clay Cutters Halloween, Halloween Clay Cutters for Polymer Clay Jewelry, Halloween Clay Cutters for Earrings, Polymer Clay Halloween Cutters</p><p> -6% 0FF </p><p>$15.99</p><a href="https://www.amazon.com/dp/B0D95TVN4T?tag=eloabder-20&linkCode=osi&th=1&psc=1">View Product</a></div>
<div class="product"><a href="https://www.amazon.com/dp/B01MR5DSCM?tag=eloabder-20&linkCode=osi&th=1&psc=1"><img src="https://m.media-amazon.com/images/I/41TXQrK84SL._SL500_.jpg" alt="Product Image"></a><p>Zehhe Copper Foil Tape with Double-Sided Conductive - EMI Shielding,Stained Glass,Soldering,Electrical Repairs,Paper Circuits,Grounding (1/4inch)</p><p> -16% 0FF </p><p>$5.88 ($0.09 / Foot)</p><a href="https://www.amazon.com/dp/B01MR5DSCM?tag=eloabder-20&linkCode=osi&th=1&psc=1">View Product</a></div><div class="product"><a href="https://www.amazon.com/dp/B00WVKO1LG?tag=eloabder-20&linkCode=osi&th=1&psc=1"><img src="https://m.media-amazon.com/images/I/31J15yH0QGL._SL500_.jpg" alt="Product Image"></a><p>K&S 6020 Metallic Copper Crafting Foil, 0.005" Thick x 12" Width x 30" Long, 1 Piece, Made in The USA</p><p> -22% 0FF </p><p>$14.89</p><a href="https://www.amazon.com/dp/B00WVKO1LG?tag=eloabder-20&linkCode=osi&th=1&psc=1">View Product</a></div><div class="product"><a href="https://www.amazon.com/dp/B01MPYH5EQ?tag=eloabder-20&linkCode=osi&th=1&psc=1"><img src="https://m.media-amazon.com/images/I/51DowmFlktL._SL500_.jpg" alt="Product Image"></a><p>7/32" Edco Silver Backed Foil - 1.0 Mil</p><p> -15% 0FF </p><p>$15.49</p><a href="https://www.amazon.com/dp/B01MPYH5EQ?tag=eloabder-20&linkCode=osi&th=1&psc=1">View Product</a></div><div class="product"><a href="https://www.amazon.com/dp/B000VGRVSC?tag=eloabder-20&linkCode=osi&th=1&psc=1"><img src="https://m.media-amazon.com/images/I/51fDxB9va0L._SL500_.jpg" alt="Product Image"></a><p>Studio Pro 7/32-Inch Black Lined Copper Foil</p><p> -27% 0FF </p><p>$10.99</p><a href="https://www.amazon.com/dp/B000VGRVSC?tag=eloabder-20&linkCode=osi&th=1&psc=1">View Product</a></div>
<div class="product"><a href="https://www.amazon.com/dp/B08ZMVBT4F?tag=eloabder-20&linkCode=osi&th=1&psc=1"><img src="https://m.media-amazon.com/images/I/51nhj8aUk3L._SL500_.jpg" alt="Product Image"></a><p>NOANTA Natural Macrame Cord 3mm x 109Yards, Beige Macrame Rope, Cotton Cord for Wall Hanging, Plant Hangers, Christmas Crafts, Knitting</p><p> -50% 0FF </p><p>$4.99 ($0.02 / Foot)</p><a href="https://www.amazon.com/dp/B08ZMVBT4F?tag=eloabder-20&linkCode=osi&th=1&psc=1">View Product</a></div><div class="product"><a href="https://www.amazon.com/dp/B08YJBQ7WZ?tag=eloabder-20&linkCode=osi&th=1&psc=1"><img src="https://m.media-amazon.com/images/I/51MPyR+wDWL._SL500_.jpg" alt="Product Image"></a><p>45 Color Options Macrame Cord 2mm/3mm/4mm/5mm/6mmx109 Yards Cotton Cord, 4 Ply Twisted Yarn, Natural Perfect Supplies DIY Crafts (Natural White)</p><p> -29% 0FF </p><p>$4.98 ($0.02 / Foot)</p><a href="https://www.amazon.com/dp/B08YJBQ7WZ?tag=eloabder-20&linkCode=osi&th=1&psc=1">View Product</a></div><div class="product"><a href="https://www.amazon.com/dp/B08PZ2VDPM?tag=eloabder-20&linkCode=osi&th=1&psc=1"><img src="https://m.media-amazon.com/images/I/51DQgq3cfXL._SL500_.jpg" alt="Product Image"></a><p>Tenn Well Nylon Satin Cord, 295 Feet 2mm Black Nylon String for Jewelry Making, Silky Rattail Cord for Bracelets, Necklaces, Macrame Keychains, Lanyards, Beading</p><p> -33% 0FF </p><p>$7.99 ($0.03 / Foot)</p><a href="https://www.amazon.com/dp/B08PZ2VDPM?tag=eloabder-20&linkCode=osi&th=1&psc=1">View Product</a></div><div class="product"><a href="https://www.amazon.com/dp/B08GXFQ2ZZ?tag=eloabder-20&linkCode=osi&th=1&psc=1"><img src="https://m.media-amazon.com/images/I/51ETQrmuWuL._SL500_.jpg" alt="Product Image"></a><p>NOANTA Natural Macrame Cord 2mm x 220yards, Colored Macrame Rope, 3 Strand Twisted Cotton Rope Macrame Yarn, Colorful Cotton Craft Cord for Wall Hanging, Plant Hangers, Crafts, Knitting</p><p> -29% 0FF </p><p>$4.99 ($0.01 / Foot)</p><a href="https://www.amazon.com/dp/B08GXFQ2ZZ?tag=eloabder-20&linkCode=osi&th=1&psc=1">View Product</a></div>
<div class="product"><a href="https://www.amazon.com/dp/B009MRH3R0?tag=eloabder-20&linkCode=osi&th=1&psc=1"><img src="https://m.media-amazon.com/images/I/51KvHbQ47aL._SL500_.jpg" alt="Product Image"></a><p>Hygloss Corrugated Cardboard Sheets, 8-Pack, 8 Pieces</p><p> -37% 0FF </p><p>$5.35 ($0.67 / Count)</p><a href="https://www.amazon.com/dp/B009MRH3R0?tag=eloabder-20&linkCode=osi&th=1&psc=1">View Product</a></div><div class="product"><a href="https://www.amazon.com/dp/B0013JR8QQ?tag=eloabder-20&linkCode=osi&th=1&psc=1"><img src="https://m.media-amazon.com/images/I/41xFj3BmirL._SL500_.jpg" alt="Product Image"></a><p>Uchida Corru-Gator Paper Crimper, 8-1/2-Inch, Straight</p><p> -37% 0FF </p><p>$13.79</p><a href="https://www.amazon.com/dp/B0013JR8QQ?tag=eloabder-20&linkCode=osi&th=1&psc=1">View Product</a></div>
<div class="product"><a href="https://www.amazon.com/dp/B07FFM3DPB?tag=eloabder-20&linkCode=osi&th=1&psc=1"><img src="https://m.media-amazon.com/images/I/51J4bxAVK3L._SL500_.jpg" alt="Product Image"></a><p>Caydo [400 pcs] - 300 Pieces 1 Inch Assorted Pompoms with 100pieces Wiggle Eyes Multicolor Arts and Crafts Pom Poms Balls for Kids DIY Art Creative Crafts Decorations</p><p> -15% 0FF </p><p>$7.64</p><a href="https://www.amazon.com/dp/B07FFM3DPB?tag=eloabder-20&linkCode=osi&th=1&psc=1">View Product</a></div><div class="product"><a href="https://www.amazon.com/dp/B000F8XACW?tag=eloabder-20&linkCode=osi&th=1&psc=1"><img src="https://m.media-amazon.com/images/I/41g1iHmB5ML._SL500_.jpg" alt="Product Image"></a><p>Creativity Street Cotton Decorated Craft Fluff Ball, Pink, Pack of 100,4 oz</p><p> -14% 0FF </p><p>$9.91</p><a href="https://www.amazon.com/dp/B000F8XACW?tag=eloabder-20&linkCode=osi&th=1&psc=1">View Product</a></div><div class="product"><a href="https://www.amazon.com/dp/B01MTOWHJH?tag=eloabder-20&linkCode=osi&th=1&psc=1"><img src="https://m.media-amazon.com/images/I/513R8zmLclL._SL500_.jpg" alt="Product Image"></a><p>HEHALI 1000pcs Multicolor Pom Pom Balls, Assorted Sizes & Colors Pompoms for Arts and Craft Making Decorations</p><p> -25% 0FF </p><p>$8.99</p><a href="https://www.amazon.com/dp/B01MTOWHJH?tag=eloabder-20&linkCode=osi&th=1&psc=1">View Product</a></div><div class="product"><a href="https://www.amazon.com/dp/B0BHSYPBH1?tag=eloabder-20&linkCode=osi&th=1&psc=1"><img src="https://m.media-amazon.com/images/I/51RUOSHbY5L._SL500_.jpg" alt="Product Image"></a><p>Iooleem Multi-Color Pom Poms, 1200pcs Assorted Size & Color, Pom Poms for Arts and Crafts, Pom Pom Balls with Wiggle Eyes in jar, Glitter Pom Poms, Craft Supplies.</p><p> -15% 0FF </p><p>$6.76</p><a href="https://www.amazon.com/dp/B0BHSYPBH1?tag=eloabder-20&linkCode=osi&th=1&psc=1">View Product</a></div>
<div class="product"><a href="https://www.amazon.com/dp/B0B1J8TYT1?tag=eloabder-20&linkCode=osi&th=1&psc=1"><img src="https://m.media-amazon.com/images/I/41NdyrANVlL._SL500_.jpg" alt="Product Image"></a><p>HOTGODEN Medium Weight 100% Cotton Muslin Fabric: 63 inch x 2,5,10 Yards Unbleached Muslin Linen Fabric Material for Sewing Material Apparel Cloth</p><p> -19% 0FF </p><p>$12.99</p><a href="https://www.amazon.com/dp/B0B1J8TYT1?tag=eloabder-20&linkCode=osi&th=1&psc=1">View Product</a></div><div class="product"><a href="https://www.amazon.com/dp/B08GJHYMGN?tag=eloabder-20&linkCode=osi&th=1&psc=1"><img src="https://m.media-amazon.com/images/I/51wD1FT1eeL._SL500_.jpg" alt="Product Image"></a><p>50pcs 8 x 8 inches Multicolor Cotton Fabric Bundle Squares for Quilting Sewing, Precut Fabric Squares for Craft Patchwork</p><p> -14% 0FF </p><p>$13.77</p><a href="https://www.amazon.com/dp/B08GJHYMGN?tag=eloabder-20&linkCode=osi&th=1&psc=1">View Product</a></div><div class="product"><a href="https://www.amazon.com/dp/B0CRBH5FZT?tag=eloabder-20&linkCode=osi&th=1&psc=1"><img src="https://m.media-amazon.com/images/I/41v-8KZCA5L._SL500_.jpg" alt="Product Image"></a><p>Singer Fabric, 100% Cotton, Pink Purple Sunset Solid 5Pc Bundle</p><p> -24% 0FF </p><p>$8.02 ($1.60 / Count)</p><a href="https://www.amazon.com/dp/B0CRBH5FZT?tag=eloabder-20&linkCode=osi&th=1&psc=1">View Product</a></div>
<div class="product"><a href="https://www.amazon.com/dp/B08GCSLV5T?tag=eloabder-20&linkCode=osi&th=1&psc=1"><img src="https://m.media-amazon.com/images/I/51qmNvhzRUS._SL500_.jpg" alt="Product Image"></a><p>Macrame Cord 4mm x 328Yards(984Feet),Natural Cotton Macrame Rope - 3 Strands Twisted Macrame Cotton Cord for Wall Hanging, Plant Hangers, Crafts, Gift Wrapping and Wedding Decorations</p><p> -15% 0FF </p><p>$16.99 ($0.02 / Foot)</p><a href="https://www.amazon.com/dp/B08GCSLV5T?tag=eloabder-20&linkCode=osi&th=1&psc=1">View Product</a></div><div class="product"><a href="https://www.amazon.com/dp/B07XFYVM62?tag=eloabder-20&linkCode=osi&th=1&psc=1"><img src="https://m.media-amazon.com/images/I/51u2PPpSoOL._SL500_.jpg" alt="Product Image"></a><p>Tenn Well 8mm Macrame Cord, 59 Feet 3Ply Twisted Craft Cotton Rope Thick Nautical Rope for Crafts, Wall Hangings, Plant Hangers, Knotting, Rope Basket Making (Beige)</p><p> -33% 0FF </p><p>$9.99 ($0.17 / Foot)</p><a href="https://www.amazon.com/dp/B07XFYVM62?tag=eloabder-20&linkCode=osi&th=1&psc=1">View Product</a></div><div class="product"><a href="https://www.amazon.com/dp/B07GX8B3PC?tag=eloabder-20&linkCode=osi&th=1&psc=1"><img src="https://m.media-amazon.com/images/I/416oClGC4ZL._SL500_.jpg" alt="Product Image"></a><p>Tenn Well 5mm Macrame Cord, 165Feet Braided Cotton Rope Thick Craft Twine for Macrame Plant Hangers, Wall Hangings, Drawstrings, Clothes Lines, DIY Crafts (Beige)</p><p> -31% 0FF </p><p>$8.99 ($0.05 / Foot)</p><a href="https://www.amazon.com/dp/B07GX8B3PC?tag=eloabder-20&linkCode=osi&th=1&psc=1">View Product</a></div>

<div class="product"><a href="https://www.amazon.com/dp/B00178KLEY?tag=eloabder-20&linkCode=osi&th=1&psc=1"><img src="https://m.media-amazon.com/images/I/31wcgL5xRkL._SL500_.jpg" alt="Product Image"></a><p>Aleene's All Purpose Tacky Glue, 8-Ounce</p><p> -30% 0FF </p><p>$2.44 ($0.30 / Fl Oz)</p><a href="https://www.amazon.com/dp/B00178KLEY?tag=eloabder-20&linkCode=osi&th=1&psc=1">View Product</a></div><div class="product"><a href="https://www.amazon.com/dp/B088NN5GD8?tag=eloabder-20&linkCode=osi&th=1&psc=1"><img src="https://m.media-amazon.com/images/I/417dgxV3dfL._SL500_.jpg" alt="Product Image"></a><p>Bearly Art Precision Craft Glue - The Mini - 2fl oz with Tip Kit - Acid Free Archival - Strong Hold Adhesive - Ideal for Fine Paper Crafting Scrapbooking and Card Making - Made in USA</p><p> -13% 0FF </p><p>$12.99 ($6.50 / Fl Oz)</p><a href="https://www.amazon.com/dp/B088NN5GD8?tag=eloabder-20&linkCode=osi&th=1&psc=1">View Product</a></div><div class="product"><a href="https://www.amazon.com/dp/B09BW3G5FY?tag=eloabder-20&linkCode=osi&th=1&psc=1"><img src="https://m.media-amazon.com/images/I/51nUSHqdX-L._SL500_.jpg" alt="Product Image"></a><p>Adtech 05603 Glue Runner Permanent 35 Yards Total - Pack of 3 (4 each), Blue</p><p> -9% 0FF </p><p>$19.96</p><a href="https://www.amazon.com/dp/B09BW3G5FY?tag=eloabder-20&linkCode=osi&th=1&psc=1">View Product</a></div><div class="product"><a href="https://www.amazon.com/dp/B0948WG3KV?tag=eloabder-20&linkCode=osi&th=1&psc=1"><img src="https://m.media-amazon.com/images/I/41Y1CQR-TqL._SL500_.jpg" alt="Product Image"></a><p>ALLFUN 1000 Pieces Clear Glue Points Dots Double Sided Adhesive Removable for Balloons Craft Sticky</p><p> -32% 0FF </p><p>$6.79 ($0.01 / Count)</p><a href="https://www.amazon.com/dp/B0948WG3KV?tag=eloabder-20&linkCode=osi&th=1&psc=1">View Product</a></div>
<div class="product"><a href="https://www.amazon.com/dp/B0CRDH745H?tag=eloabder-20&linkCode=osi&th=1&psc=1"><img src="https://m.media-amazon.com/images/I/4145DgxWb+L._SL500_.jpg" alt="Product Image"></a><p>Gift Bags 8.25"X5.9 "X3.15" 100pcs Brown Paper Bags with Handles,Kraft Paper Bags for Small Business Christmas Bulk Bags, Wedding Party Favor Bags,Shopping Lunch Bags, Halloween Trick-or-Treat (Brown)</p><p> -8% 0FF </p><p>$16.99</p><a href="https://www.amazon.com/dp/B0CRDH745H?tag=eloabder-20&linkCode=osi&th=1&psc=1">View Product</a></div><div class="product"><a href="https://www.amazon.com/dp/B07MLMXNH1?tag=eloabder-20&linkCode=osi&th=1&psc=1"><img src="https://m.media-amazon.com/images/I/31j9z9qZ3mL._SL500_.jpg" alt="Product Image"></a><p>Qutuus Kraft Paper Gift Bags with Handles - 8x4.5x10 25Pcs Brown Shopping Bags for Parties, Favors, Businesses</p><p> -10% 0FF </p><p>$8.99 ($0.36 / Count)</p><a href="https://www.amazon.com/dp/B07MLMXNH1?tag=eloabder-20&linkCode=osi&th=1&psc=1">View Product</a></div><div class="product"><a href="https://www.amazon.com/dp/B07L63T76G?tag=eloabder-20&linkCode=osi&th=1&psc=1"><img src="https://m.media-amazon.com/images/I/412nJkSNUXL._SL500_.jpg" alt="Product Image"></a><p>Juvale 50-Pack Small Brown Gift Bags with Handles - Small Kraft Paper Bags for Birthday, Retail, Crafts (3.5x2.4x7 In)</p><p> -18% 0FF </p><p>$13.99</p><a href="https://www.amazon.com/dp/B07L63T76G?tag=eloabder-20&linkCode=osi&th=1&psc=1">View Product</a></div><div class="product"><a href="https://www.amazon.com/dp/B09Z2N3QKT?tag=eloabder-20&linkCode=osi&th=1&psc=1"><img src="https://m.media-amazon.com/images/I/416VQ3Ke3PL._SL500_.jpg" alt="Product Image"></a><p>Moretoes 40pcs Brown Paper Bags with Handles Assorted Size Gift Bags, Kraft Paper Bags, Paper Shopping Bags, Craft Bags, Merchandise Bags</p><p> -8% 0FF </p><p>$22.99</p><a href="https://www.amazon.com/dp/B09Z2N3QKT?tag=eloabder-20&linkCode=osi&th=1&psc=1">View Product</a></div>
<div class="product"><a href="https://www.amazon.com/dp/B09Z7NYVG9?tag=eloabder-20&linkCode=osi&th=1&psc=1"><img src="https://m.media-amazon.com/images/I/51XjAkleH5L._SL500_.jpg" alt="Product Image"></a><p>Gxueshan 1000 Pcs Acrylic 9 Color Pony Beads 6x9mm Bulk Glow in The Dark for Necklace Friendship Bracelet Making Hair Beads for Braids Kandi Beads</p><p> -36% 0FF </p><p>$6.99</p><a href="https://www.amazon.com/dp/B09Z7NYVG9?tag=eloabder-20&linkCode=osi&th=1&psc=1">View Product</a></div>
<div class="product"><a href="https://www.amazon.com/dp/B000PD0DSG?tag=eloabder-20&linkCode=osi&th=1&psc=1"><img src="https://m.media-amazon.com/images/I/41bsxH8ol7L._SL500_.jpg" alt="Product Image"></a><p>Fiskars 12x18 Inch Cutting Mat (12-83707097J) , Gray</p><p> -54% 0FF </p><p>$10.97</p><a href="https://www.amazon.com/dp/B000PD0DSG?tag=eloabder-20&linkCode=osi&th=1&psc=1">View Product</a></div><div class="product"><a href="https://www.amazon.com/dp/B0C6TGHYC7?tag=eloabder-20&linkCode=osi&th=1&psc=1"><img src="https://m.media-amazon.com/images/I/41FpOZ2suaL._SL500_.jpg" alt="Product Image"></a><p>DIYDEC 12 Pack Basswood Sheets 12 x 8 x 1/13 Inch Thin Plywood Wood Sheets Unfinished Wood Squares Boards Balsa Wood Sheets for Crafts Architectural Models Laser Cutting Wood Burning and Drawing</p><p> -8% 0FF </p><p>$11.99</p><a href="https://www.amazon.com/dp/B0C6TGHYC7?tag=eloabder-20&linkCode=osi&th=1&psc=1">View Product</a></div>
<div class="product"><a href="https://www.amazon.com/dp/1594745250?tag=eloabder-20&linkCode=osi&th=1&psc=1"><img src="https://m.media-amazon.com/images/I/51m6tJZw-uL._SL500_.jpg" alt="Product Image"></a><p>Crafting with Cat Hair: Cute Handicrafts to Make with Your Cat</p><p> -47% 0FF </p><p>$8.01</p><a href="https://www.amazon.com/dp/1594745250?tag=eloabder-20&linkCode=osi&th=1&psc=1">View Product</a></div><div class="product"><a href="https://www.amazon.com/dp/B0BW876C87?tag=eloabder-20&linkCode=osi&th=1&psc=1"><img src="https://m.media-amazon.com/images/I/41J2NOgeokL._SL500_.jpg" alt="Product Image"></a><p>Popotop Photo Album Self Adhesive Scrapbook Album for 4x6 5x7 8x10 Pictures DIY Photo Book,Birthday Gifts for Women Mom,Wedding Baby Family Travel</p><p> -58% 0FF </p><p>$9.98</p><a href="https://www.amazon.com/dp/B0BW876C87?tag=eloabder-20&linkCode=osi&th=1&psc=1">View Product</a></div><div class="product"><a href="https://www.amazon.com/dp/1574215051?tag=eloabder-20&linkCode=osi&th=1&psc=1"><img src="https://m.media-amazon.com/images/I/51vVL4Vf6vL._SL500_.jpg" alt="Product Image"></a><p>Pyrography Basics: Techniques and Exercises for Beginners (Design Originals) Patterns for Woodburning with Skill-Building Step-by-Step Instructions and Advice from Lora Irish on Texture and Layering</p><p> -45% 0FF </p><p>$5.49</p><a href="https://www.amazon.com/dp/1574215051?tag=eloabder-20&linkCode=osi&th=1&psc=1">View Product</a></div>
<div class="product"><a href="https://www.amazon.com/dp/B01CUI384E?tag=eloabder-20&linkCode=osi&th=1&psc=1"><img src="https://m.media-amazon.com/images/I/41rizh5PQFL._SL500_.jpg" alt="Product Image"></a><p>ArtBin 6918AH Twin Top 17 inch Supply Box, Portable Art & Craft Supply Organizer with Handle, [1] Plastic Storage Case, Translucent</p><p> -51% 0FF </p><p>$15.32</p><a href="https://www.amazon.com/dp/B01CUI384E?tag=eloabder-20&linkCode=osi&th=1&psc=1">View Product</a></div><div class="product"><a href="https://www.amazon.com/dp/B08YBYBVX6?tag=eloabder-20&linkCode=osi&th=1&psc=1"><img src="https://m.media-amazon.com/images/I/41G5mV07PnL._SL500_.jpg" alt="Product Image"></a><p>Logix 12535 Translucent Craft Organizer, Art Supply Organizer and Storage, Lockable School Supplies Organization, Moisture Resistant, Made in USA</p><p> -19% 0FF </p><p>$4.98</p><a href="https://www.amazon.com/dp/B08YBYBVX6?tag=eloabder-20&linkCode=osi&th=1&psc=1">View Product</a></div><div class="product"><a href="https://www.amazon.com/dp/B01BPEX7YA?tag=eloabder-20&linkCode=osi&th=1&psc=1"><img src="https://m.media-amazon.com/images/I/31dTR7w0DXL._SL500_.jpg" alt="Product Image"></a><p>ArtBin 6937AG Essentials Lift-Out Tray Box, Portable Art & Craft Organizer with Handle and Tray, Clear/Aqua</p><p> -33% 0FF </p><p>$9.44</p><a href="https://www.amazon.com/dp/B01BPEX7YA?tag=eloabder-20&linkCode=osi&th=1&psc=1">View Product</a></div><div class="product"><a href="https://www.amazon.com/dp/B08DKT4WSY?tag=eloabder-20&linkCode=osi&th=1&psc=1"><img src="https://m.media-amazon.com/images/I/316yo4e1UuL._SL500_.jpg" alt="Product Image"></a><p>BTSKY 2 Layer Stack & Carry Box, Plastic Multipurpose Portable Storage Container Box Handled Organizer Storage Box for Organizing Stationery, Sewing, Art Craft, Jewelry and Beauty Supplies Blue</p><p> -11% 0FF </p><p>$24.99</p><a href="https://www.amazon.com/dp/B08DKT4WSY?tag=eloabder-20&linkCode=osi&th=1&psc=1">View Product</a></div>
<div class="product"><a href="https://www.amazon.com/dp/B08WX1ZVQD?tag=eloabder-20&linkCode=osi&th=1&psc=1"><img src="https://m.media-amazon.com/images/I/51U7X2OJFAL._SL500_.jpg" alt="Product Image"></a><p>Premium 100 Pcs Resin Sewing Buttons, Eco-Friendly 4-Hole Craft Buttons, 5 Sizes of Black Round Mixed Buttons Suitable for Sewing, DIY and Holiday Decoration</p><p> -54% 0FF </p><p>$5.98</p><a href="https://www.amazon.com/dp/B08WX1ZVQD?tag=eloabder-20&linkCode=osi&th=1&psc=1">View Product</a></div>
<div class="product"><a href="https://www.amazon.com/dp/B075NYWF5P?tag=eloabder-20&linkCode=osi&th=1&psc=1"><img src="https://m.media-amazon.com/images/I/51IoM9rBW1L._SL500_.jpg" alt="Product Image"></a><p>Firbon A4 Paper Cutter 12 Inch Titanium Paper Trimmer Scrapbooking Tool with Automatic Security Safeguard and Side Ruler for Craft Paper, Coupon, Label and Cardstock (Black)</p><p> -39% 0FF </p><p>$10.99</p><a href="https://www.amazon.com/dp/B075NYWF5P?tag=eloabder-20&linkCode=osi&th=1&psc=1">View Product</a></div><div class="product"><a href="https://www.amazon.com/dp/B07BKYH2G5?tag=eloabder-20&linkCode=osi&th=1&psc=1"><img src="https://m.media-amazon.com/images/I/31emK9wKwhL._SL500_.jpg" alt="Product Image"></a><p>45mm Rotary Cutter with 5pcs Extra Blades, Ergonomic Handle Rolling Cutter with Safety Lock for Fabric, Leather, Crafting, Sewing, Quilting, Fabric Rotary Cutter Perfect for Left & Right Hand(Pink)</p><p> -41% 0FF </p><p>$9.99</p><a href="https://www.amazon.com/dp/B07BKYH2G5?tag=eloabder-20&linkCode=osi&th=1&psc=1">View Product</a></div><div class="product"><a href="https://www.amazon.com/dp/B0C8BRB3RH?tag=eloabder-20&linkCode=osi&th=1&psc=1"><img src="https://m.media-amazon.com/images/I/41IwAR4t6FL._SL500_.jpg" alt="Product Image"></a><p>Fiskars 45mm Rotary Cutter for Fabric - Premium Stick Rotary Cutter - Craft Supplies - Crafts, Sewing, and Quilting Projects - White</p><p> -48% 0FF </p><p>$10.98</p><a href="https://www.amazon.com/dp/B0C8BRB3RH?tag=eloabder-20&linkCode=osi&th=1&psc=1">View Product</a></div>
<div class="product"><a href="https://www.amazon.com/dp/B0D7J5HNXQ?tag=eloabder-20&linkCode=osi&th=1&psc=1"><img src="https://m.media-amazon.com/images/I/51kM77Z-7-L._SL500_.jpg" alt="Product Image"></a><p>Tinyspool & Co. Jelly Roll Fabric Strips for Quilting, Crafting, and Sewing, 40 Strip Assorted Bundle, Soft Cotton for Blanket, Rug, Upholstery, Home Decor, and Purse Making, Fall is Here</p><p> -20% 0FF </p><p>$27.99</p><a href="https://www.amazon.com/dp/B0D7J5HNXQ?tag=eloabder-20&linkCode=osi&th=1&psc=1">View Product</a></div>
<div class="product"><a href="https://www.amazon.com/dp/B0BXJB2NTY?tag=eloabder-20&linkCode=osi&th=1&psc=1"><img src="https://m.media-amazon.com/images/I/51z2B9dVEnL._SL500_.jpg" alt="Product Image"></a><p>Soarer Colorful Craft Rooster Feathers - 300pcs 3-5inch Colored Feathers Bulk for Kindergarten DIY Crafts,Wedding Home Party Decorations,Dream Catcher Supplies(Rooster Colorful)</p><p> -22% 0FF </p><p>$6.99</p><a href="https://www.amazon.com/dp/B0BXJB2NTY?tag=eloabder-20&linkCode=osi&th=1&psc=1">View Product</a></div><div class="product"><a href="https://www.amazon.com/dp/B06VWKVZH1?tag=eloabder-20&linkCode=osi&th=1&psc=1"><img src="https://m.media-amazon.com/images/I/51u4jX7ycdL._SL500_.jpg" alt="Product Image"></a><p>Coceca 300pcs Colorful Feathers 3-5 Inches Bulk Feathers Assorted Colors for Crafts DIY, Art Projects, Party Decorations, Dream Catchers</p><p> -36% 0FF </p><p>$6.99 ($0.02 / Count)</p><a href="https://www.amazon.com/dp/B06VWKVZH1?tag=eloabder-20&linkCode=osi&th=1&psc=1">View Product</a></div>
<div class="product"><a href="https://www.amazon.com/dp/B089DPDYKV?tag=eloabder-20&linkCode=osi&th=1&psc=1"><img src="https://m.media-amazon.com/images/I/51L58by1dXL._SL500_.jpg" alt="Product Image"></a><p>Better Office Products 100 Pack EVA Foam Sheets, 5.5 x 8.5 Inch, Assorted Colors (20 Colors), 2mm Thick, for Arts and Crafts, 100 Sheets</p><p> -22% 0FF </p><p>$13.99 ($0.14 / Count)</p><a href="https://www.amazon.com/dp/B089DPDYKV?tag=eloabder-20&linkCode=osi&th=1&psc=1">View Product</a></div><div class="product"><a href="https://www.amazon.com/dp/B08YXYN327?tag=eloabder-20&linkCode=osi&th=1&psc=1"><img src="https://m.media-amazon.com/images/I/41VfV+-ZFTL._SL500_.jpg" alt="Product Image"></a><p>EVA Foam Cosplay - 2mm (1mm to 10mm) - Black or White - 14" x 39" Sheet - Ultra High Density Craft Foam 85 kg/m3 - by The Foamory</p><p> -17% 0FF </p><p>$14.99</p><a href="https://www.amazon.com/dp/B08YXYN327?tag=eloabder-20&linkCode=osi&th=1&psc=1">View Product</a></div><div class="product"><a href="https://www.amazon.com/dp/B07BPRHWL5?tag=eloabder-20&linkCode=osi&th=1&psc=1"><img src="https://m.media-amazon.com/images/I/317FYGugGnL._SL500_.jpg" alt="Product Image"></a><p>6 Pack 12x12-Inch Round Foam Circles for Crafts, 1" Thick, for DIY Projects, Decorations (White)</p><p> -12% 0FF </p><p>$22.99</p><a href="https://www.amazon.com/dp/B07BPRHWL5?tag=eloabder-20&linkCode=osi&th=1&psc=1">View Product</a></div>
<div class="product"><a href="https://www.amazon.com/dp/B001683NAO?tag=eloabder-20&linkCode=osi&th=1&psc=1"><img src="https://m.media-amazon.com/images/I/31cwr-m138L._SL500_.jpg" alt="Product Image"></a><p>BEACON 3-in-1 Advanced Craft Glue - Fast-Drying, Crystal Clear Adhesive for Wood, Ceramics, Fabrics, and More, 4-Ounce</p><p> -18% 0FF </p><p>$8.99 ($2.25 / Fl Oz)</p><a href="https://www.amazon.com/dp/B001683NAO?tag=eloabder-20&linkCode=osi&th=1&psc=1">View Product</a></div><div class="product"><a href="https://www.amazon.com/dp/B000HWY6EM?tag=eloabder-20&linkCode=osi&th=1&psc=1"><img src="https://m.media-amazon.com/images/I/41-SNkQTUaL._SL500_.jpg" alt="Product Image"></a><p>Mod Podge Matte Sealer, Glue & Finish: All-in-One Craft Solution- Quick Dry, Easy Clean, for Wood, Paper, Fabric & More. Non-Toxic - Craft with Confidence, Made in USA, 8 oz., Pack of 1</p><p> -35% 0FF </p><p>$3.98 ($0.50 / Fl Oz)</p><a href="https://www.amazon.com/dp/B000HWY6EM?tag=eloabder-20&linkCode=osi&th=1&psc=1">View Product</a></div><div class="product"><a href="https://www.amazon.com/dp/B07X1SJPSZ?tag=eloabder-20&linkCode=osi&th=1&psc=1"><img src="https://m.media-amazon.com/images/I/61EOLdPbKxL._SL500_.jpg" alt="Product Image"></a><p>E6000 237032 Craft Adhesive, 2 fl oz Clear, 2 Pack</p><p> -49% 0FF </p><p>$8.58 ($2.14 / Fl Oz)</p><a href="https://www.amazon.com/dp/B07X1SJPSZ?tag=eloabder-20&linkCode=osi&th=1&psc=1">View Product</a></div><div class="product"><a href="https://www.amazon.com/dp/B000LNR27U?tag=eloabder-20&linkCode=osi&th=1&psc=1"><img src="https://m.media-amazon.com/images/I/41SoXYVTzvL._SL500_.jpg" alt="Product Image"></a><p>Elmer's Craft Bond Tacky Glue, 4 oz, Clear</p><p> -20% 0FF </p><p>$6.49 ($1.62 / Fl Oz)</p><a href="https://www.amazon.com/dp/B000LNR27U?tag=eloabder-20&linkCode=osi&th=1&psc=1">View Product</a></div>
<div class="product"><a href="https://www.amazon.com/dp/B0BWMPGFVL?tag=eloabder-20&linkCode=osi&th=1&psc=1"><img src="https://m.media-amazon.com/images/I/61gMu32RzEL._SL500_.jpg" alt="Product Image"></a><p>Dowsabel Clay Beads Bracelet Making Kit for Beginner, 5000 Pcs Preppy Polymer Clay Beads with Charms Kit for Jewelry Making, DIY Arts and Crafts Birthday Gifts Toys for Kids Age 6-13</p><p> -65% 0FF </p><p>$6.98 ($0.00 / Count)</p><a href="https://www.amazon.com/dp/B0BWMPGFVL?tag=eloabder-20&linkCode=osi&th=1&psc=1">View Product</a></div><div class="product"><a href="https://www.amazon.com/dp/B09X1YX59W?tag=eloabder-20&linkCode=osi&th=1&psc=1"><img src="https://m.media-amazon.com/images/I/61Cr68venIL._SL500_.jpg" alt="Product Image"></a><p>Hula Home Stained Glass Mandala Art Kit - DIY Window Clings with Markers, 10 Suncatchers - Perfect Hobby for Adults, Kids, Teens & Seniors - Ideal Gift for Beginners, Women & Elderly</p><p> -36% 0FF </p><p>$15.99</p><a href="https://www.amazon.com/dp/B09X1YX59W?tag=eloabder-20&linkCode=osi&th=1&psc=1">View Product</a></div><div class="product"><a href="https://www.amazon.com/dp/B09KGBWF4M?tag=eloabder-20&linkCode=osi&th=1&psc=1"><img src="https://m.media-amazon.com/images/I/615WTC7aH4L._SL500_.jpg" alt="Product Image"></a><p>Craft Culture Beginners Wood Burning Kit for Kids and Teenage Boys & Girls Cool Gifts for Boy or Girl Craft Projects Gift Idea for Older Children Teen Woodburning DIY Hobby Kits Art Crafts Activities</p><p> -20% 0FF </p><p>$39.99</p><a href="https://www.amazon.com/dp/B09KGBWF4M?tag=eloabder-20&linkCode=osi&th=1&psc=1">View Product</a></div><div class="product"><a href="https://www.amazon.com/dp/B0BK35RMN4?tag=eloabder-20&linkCode=osi&th=1&psc=1"><img src="https://m.media-amazon.com/images/I/513JTylDEHL._SL500_.jpg" alt="Product Image"></a><p>WATHFKCU 4 Sets DIY Glass Mosaic Tiles for Crafts,Mixed Color Mosaic Kits with Wooden Coaster for Adults,Mosaic Crafts Materials Package for Coaster Handmade Home Decor Gifts</p><p> -15% 0FF </p><p>$22.99</p><a href="https://www.amazon.com/dp/B0BK35RMN4?tag=eloabder-20&linkCode=osi&th=1&psc=1">View Product</a></div><div class="product"><a href="https://www.amazon.com/dp/B0CGD74KX7?tag=eloabder-20&linkCode=osi&th=1&psc=1"><img src="https://m.media-amazon.com/images/I/51rNpMlv3wL._SL500_.jpg" alt="Product Image"></a><p>Shimmer Markers Outline Double Line: 12 Colors Metallic Glitter Pens Set Sparkle Kid Age 4 8 10 14 Year Old Gift Present Doodle Drawing Supplies Art Craft Tween Teen Girl Christmas Stocking Stuffers</p><p> -17% 0FF </p><p>$9.99</p><a href="https://www.amazon.com/dp/B0CGD74KX7?tag=eloabder-20&linkCode=osi&th=1&psc=1">View Product</a></div><div class="product"><a href="https://www.amazon.com/dp/B09LVDT4QK?tag=eloabder-20&linkCode=osi&th=1&psc=1"><img src="https://m.media-amazon.com/images/I/41CaNa9XKLL._SL500_.jpg" alt="Product Image"></a><p>DOODLE HOG Polymer Clay Earring Making Kit, Gift for Teens and Adults, Make 12 Earrings, Jewelry Making Supplies for Kids and Adults - Arts and Crafts for Kids Ages 12+ Girls</p><p> -35% 0FF </p><p>$12.99</p><a href="https://www.amazon.com/dp/B09LVDT4QK?tag=eloabder-20&linkCode=osi&th=1&psc=1">View Product</a></div><div class="product"><a href="https://www.amazon.com/dp/B0BS4BVG3M?tag=eloabder-20&linkCode=osi&th=1&psc=1"><img src="https://m.media-amazon.com/images/I/61r89vPgOtL._SL500_.jpg" alt="Product Image"></a><p>2774pcs Gem Stickers Jewels for Crafts - Self Adhesive Rhinestone Jewel Stickers, Stick on Gems Rhinestones for Crafts, Acrylic Bling Heart Stickers, Craft Supplies for Kids</p><p> -29% 0FF </p><p>$8.97</p><a href="https://www.amazon.com/dp/B0BS4BVG3M?tag=eloabder-20&linkCode=osi&th=1&psc=1">View Product</a></div>
<div class="product"><a href="https://www.amazon.com/dp/B001A42CTW?tag=eloabder-20&linkCode=osi&th=1&psc=1"><img src="https://m.media-amazon.com/images/I/31TZjc3LZUL._SL500_.jpg" alt="Product Image"></a><p>Fiskars SoftGrip Detail Craft Knife - 8" Exacto Knife for Crafting - Multi-Use Exacto Blade Included with Protective Cover</p><p> -25% 0FF </p><p>$5.97</p><a href="https://www.amazon.com/dp/B001A42CTW?tag=eloabder-20&linkCode=osi&th=1&psc=1">View Product</a></div><div class="product"><a href="https://www.amazon.com/dp/B07G9PKH9H?tag=eloabder-20&linkCode=osi&th=1&psc=1"><img src="https://m.media-amazon.com/images/I/31f5z1IyHaL._SL500_.jpg" alt="Product Image"></a><p>Cricut TrueControl Knife Kit - For Use As a Precision Knife, Craft knife, Carving Knife and Hobby Knife - For Art, Scrapbooking, Stencils, and DIY Projects - Comes With 5 Spare Blades - [Blue]</p><p> -50% 0FF </p><p>$9.49 ($9.49 / Count)</p><a href="https://www.amazon.com/dp/B07G9PKH9H?tag=eloabder-20&linkCode=osi&th=1&psc=1">View Product</a></div>
<div class="product"><a href="https://www.amazon.com/dp/B07M6CDS77?tag=eloabder-20&linkCode=osi&th=1&psc=1"><img src="https://m.media-amazon.com/images/I/51Om2onDSZL._SL500_.jpg" alt="Product Image"></a><p>COO&KOO Charm Bracelet Making Kit, A Unicorn Girls Toy That Inspires Creativity and Imagination, Crafts for Ages 8-12 with Jewelry Making & Art Kit Perfect Gifts, Self-Expression!</p><p> -43% 0FF </p><p>$16.99</p><a href="https://www.amazon.com/dp/B07M6CDS77?tag=eloabder-20&linkCode=osi&th=1&psc=1">View Product</a></div><div class="product"><a href="https://www.amazon.com/dp/B0932TB3Z6?tag=eloabder-20&linkCode=osi&th=1&psc=1"><img src="https://m.media-amazon.com/images/I/617ElT9g-7L._SL500_.jpg" alt="Product Image"></a><p>Made By Me Ultimate Bead Pets by Horizon Group USA, Bead Pets Crafts for Kids, Includes Over 1400 Beads, Cording, Keychains & Carabiner Clips, Design Templates, Storage Cases & More</p><p> -5% 0FF </p><p>$20.81</p><a href="https://www.amazon.com/dp/B0932TB3Z6?tag=eloabder-20&linkCode=osi&th=1&psc=1">View Product</a></div><div class="product"><a href="https://www.amazon.com/dp/B0BZHX7HP9?tag=eloabder-20&linkCode=osi&th=1&psc=1"><img src="https://m.media-amazon.com/images/I/61qd1GFIZiL._SL500_.jpg" alt="Product Image"></a><p>Paodey 20,000 Pcs Clay Beads Bracelet Making Kit, 120 Colors 6 Boxes Polymer Beads Spacer Heishi Beads & Jewelry Kit with Pendant Charms Elastic Strings, Crafts Gift for Kids Adults</p><p> -33% 0FF </p><p>$19.99</p><a href="https://www.amazon.com/dp/B0BZHX7HP9?tag=eloabder-20&linkCode=osi&th=1&psc=1">View Product</a></div><div class="product"><a href="https://www.amazon.com/dp/B0895MW2C9?tag=eloabder-20&linkCode=osi&th=1&psc=1"><img src="https://m.media-amazon.com/images/I/61SQh61RDwL._SL500_.jpg" alt="Product Image"></a><p>Charm Bracelet Making Kit,Jewelry Making Supplies Beads,Unicorn/Mermaid Crafts Gifts Set for Girls Teens Age 6-12</p><p> -43% 0FF </p><p>$16.96</p><a href="https://www.amazon.com/dp/B0895MW2C9?tag=eloabder-20&linkCode=osi&th=1&psc=1">View Product</a></div><div class="product"><a href="https://www.amazon.com/dp/0545703190?tag=eloabder-20&linkCode=osi&th=1&psc=1"><img src="https://m.media-amazon.com/images/I/51TP-RXeg0L._SL500_.jpg" alt="Product Image"></a><p>Klutz Mini Pom-Pom Pets 8" Length x 1.25" Width x 9" Height</p><p> -10% 0FF </p><p>$17.99</p><a href="https://www.amazon.com/dp/0545703190?tag=eloabder-20&linkCode=osi&th=1&psc=1">View Product</a></div><div class="product"><a href="https://www.amazon.com/dp/B07TBJSZFH?tag=eloabder-20&linkCode=osi&th=1&psc=1"><img src="https://m.media-amazon.com/images/I/51NVC4bdfvL._SL500_.jpg" alt="Product Image"></a><p>FUNZBO Arts and Crafts Supplies for Kids - Craft Kit with Glitter Glue Stick, Pipe Cleaners Craft & Craft Tools, DIY School Supplies Kit, Girls Toys, Gifts for Girls and Boys Age 4+</p><p> -20% 0FF </p><p>$15.98</p><a href="https://www.amazon.com/dp/B07TBJSZFH?tag=eloabder-20&linkCode=osi&th=1&psc=1">View Product</a></div>
<div class="product"><a href="https://www.amazon.com/dp/B0116VGHLW?tag=eloabder-20&linkCode=osi&th=1&psc=1"><img src="https://m.media-amazon.com/images/I/41sV-drwy7L._SL500_.jpg" alt="Product Image"></a><p>G2PLUS Kraft Paper Gift Tags with String,100PCS Blank Gift Tags,Christmas Gift Tags,Holiday Hangtags for Art&Craft,Gift Wrapping,Halloween(2'' x 4'')</p><p> -29% 0FF </p><p>$4.99 ($0.05 / Count)</p><a href="https://www.amazon.com/dp/B0116VGHLW?tag=eloabder-20&linkCode=osi&th=1&psc=1">View Product</a></div><div class="product"><a href="https://www.amazon.com/dp/B076CL8JMB?tag=eloabder-20&linkCode=osi&th=1&psc=1"><img src="https://m.media-amazon.com/images/I/41rBOccjjXL._SL500_.jpg" alt="Product Image"></a><p>SallyFashion 200pcs Kraft Paper Gift Tags with Free 200 Root Natural Jute Twine, Blank Gift Bags Tags Price Tags（Brown Water Ripple）</p><p> -9% 0FF </p><p>$4.99 ($0.02 / Count)</p><a href="https://www.amazon.com/dp/B076CL8JMB?tag=eloabder-20&linkCode=osi&th=1&psc=1">View Product</a></div>
<div class="product"><a href="https://www.amazon.com/dp/B07XDC7FP9?tag=eloabder-20&linkCode=osi&th=1&psc=1"><img src="https://m.media-amazon.com/images/I/41JKgogWT9L._SL500_.jpg" alt="Product Image"></a><p>Magnetic Dots - Self Adhesive Magnet Dots (0.8" x 0.8") - Classroom Must Have Peel & Stick Magnetic Circles - Flexible Sticky Magnets - Sheets is Alternative, Stickers, Strip, Magnetic Tape (120 Pcs)</p><p> -13% 0FF </p><p>$13.99</p><a href="https://www.amazon.com/dp/B07XDC7FP9?tag=eloabder-20&linkCode=osi&th=1&psc=1">View Product</a></div><div class="product"><a href="https://www.amazon.com/dp/B09BBHBZMG?tag=eloabder-20&linkCode=osi&th=1&psc=1"><img src="https://m.media-amazon.com/images/I/51kT5DaZIPL._SL500_.jpg" alt="Product Image"></a><p>Mr. Pen- Adhesive Magnetic Sheets, 4" x 6", 10 Pack, with Adhesive Backing, Flexible Picture Magnets, Cuttable Magnetic Sheets.</p><p> -41% 0FF </p><p>$5.85</p><a href="https://www.amazon.com/dp/B09BBHBZMG?tag=eloabder-20&linkCode=osi&th=1&psc=1">View Product</a></div><div class="product"><a href="https://www.amazon.com/dp/B09WCXS3NV?tag=eloabder-20&linkCode=osi&th=1&psc=1"><img src="https://m.media-amazon.com/images/I/51jUQGCcMPL._SL500_.jpg" alt="Product Image"></a><p>DIYMAG Magnetic Adhesive Sheets, |4" x 6"|, 10 Pack Cuttable, Flexible magnet sheets with adhesive for Crafts, Photos, Easy Peel and Stick</p><p> -10% 0FF </p><p>$5.38 ($0.54 / Count)</p><a href="https://www.amazon.com/dp/B09WCXS3NV?tag=eloabder-20&linkCode=osi&th=1&psc=1">View Product</a></div><div class="product"><a href="https://www.amazon.com/dp/B07V4STWPV?tag=eloabder-20&linkCode=osi&th=1&psc=1"><img src="https://m.media-amazon.com/images/I/51g56RBuH8L._SL500_.jpg" alt="Product Image"></a><p>Magnetic Sheets with Adhesive Backing - Each 4" x 6" - Flexible Magnetic Paper with Strong Self Adhesive - Sticky Magnet Sheets for Photo and Picture Magnets, Stickers and Other Craft Magnets</p><p> -33% 0FF </p><p>$5.99</p><a href="https://www.amazon.com/dp/B07V4STWPV?tag=eloabder-20&linkCode=osi&th=1&psc=1">View Product</a></div><div class="product"><a href="https://www.amazon.com/dp/B0D6R56J5T?tag=eloabder-20&linkCode=osi&th=1&psc=1"><img src="https://m.media-amazon.com/images/I/51tODUxLo4L._SL500_.jpg" alt="Product Image"></a><p>96pcs Craft Magnets Glass w Adhesive Backing and Transparent Clear Glass Cabochons DIY Craft Fridge Magnets for Whiteboard Refrigerator(Round, 48 Sets,1-Inch)</p><p> -17% 0FF </p><p>$9.99 ($0.10 / Count)</p><a href="https://www.amazon.com/dp/B0D6R56J5T?tag=eloabder-20&linkCode=osi&th=1&psc=1">View Product</a></div><div class="product"><a href="https://www.amazon.com/dp/B07V3SRKFW?tag=eloabder-20&linkCode=osi&th=1&psc=1"><img src="https://m.media-amazon.com/images/I/51HyHWF+PVL._SL500_.jpg" alt="Product Image"></a><p>Magnetic Sheets with Adhesive Backing - Each 4" x 6" - Flexible Magnetic Paper with Strong Self Adhesive - Sticky Magnet Sheets for Photo and Picture Magnets, Stickers and Other Craft Magnets</p><p> -38% 0FF </p><p>$4.99</p><a href="https://www.amazon.com/dp/B07V3SRKFW?tag=eloabder-20&linkCode=osi&th=1&psc=1">View Product</a></div>
<div class="product"><a href="https://www.amazon.com/dp/B0CP48JPCH?tag=eloabder-20&linkCode=osi&th=1&psc=1"><img src="https://m.media-amazon.com/images/I/51-IkKBja0L._SL500_.jpg" alt="Product Image"></a><p>ARTISTRO Acrylic Paint Pens, Acrylic Paint Markers, Fabric Markers for Textile, Canvas, Rock, Glass, Wood, Paper, DIY, Paint Markers for Kids and Adults (Dual Tip Dot + Fine, 24)</p><p> -50% 0FF </p><p>$9.99 ($0.42 / Count)</p><a href="https://www.amazon.com/dp/B0CP48JPCH?tag=eloabder-20&linkCode=osi&th=1&psc=1">View Product</a></div><div class="product"><a href="https://www.amazon.com/dp/B0891WKPN3?tag=eloabder-20&linkCode=osi&th=1&psc=1"><img src="https://m.media-amazon.com/images/I/51qPnBJt4QL._SL500_.jpg" alt="Product Image"></a><p>Caliart 34 Double Tip Brush Pens Art Markers, Aesthetic Cute Preppy Stuff School Supplies, Artist Fine & Brush Pen Coloring Markers for Kids Adult Book Cards Drawing Craft Kit Teacher Office Supplies</p><p> -33% 0FF </p><p>$9.99</p><a href="https://www.amazon.com/dp/B0891WKPN3?tag=eloabder-20&linkCode=osi&th=1&psc=1">View Product</a></div><div class="product"><a href="https://www.amazon.com/dp/B073XHP9N2?tag=eloabder-20&linkCode=osi&th=1&psc=1"><img src="https://m.media-amazon.com/images/I/519tKwqmbtL._SL500_.jpg" alt="Product Image"></a><p>Shuttle Art 51 Colors Dual Tip Alcohol Based Art Markers, 50 Colors plus 1 Blender Permanent Marker Pens Highlighters with Case Perfect for Illustration Adult Coloring Sketching and Card Making…</p><p> -28% 0FF </p><p>$25.99</p><a href="https://www.amazon.com/dp/B073XHP9N2?tag=eloabder-20&linkCode=osi&th=1&psc=1">View Product</a></div><div class="product"><a href="https://www.amazon.com/dp/B0BXPTLMRW?tag=eloabder-20&linkCode=osi&th=1&psc=1"><img src="https://m.media-amazon.com/images/I/51NWNk2VHnL._SL500_.jpg" alt="Product Image"></a><p>Peablce Art Markers Brush Pen, 32 Colored Pens Fine Point Highlighter Pen & Brush for Adult Kids Coloring Journaling Note Taking Planner</p><p> -36% 0FF </p><p>$6.39</p><a href="https://www.amazon.com/dp/B0BXPTLMRW?tag=eloabder-20&linkCode=osi&th=1&psc=1">View Product</a></div><div class="product"><a href="https://www.amazon.com/dp/B0CPMFV2ZF?tag=eloabder-20&linkCode=osi&th=1&psc=1"><img src="https://m.media-amazon.com/images/I/51rnUOzj7oL._SL500_.jpg" alt="Product Image"></a><p>Sharpie Acrylic Creative Markers, Bullet Tip, Vibrant Assorted Colors, Non-Bleeding Water-Based Ink, Pack of 12</p><p> -19% 0FF </p><p>$14.90</p><a href="https://www.amazon.com/dp/B0CPMFV2ZF?tag=eloabder-20&linkCode=osi&th=1&psc=1">View Product</a></div>
<div class="product"><a href="https://www.amazon.com/dp/B07XFJ5YKN?tag=eloabder-20&linkCode=osi&th=1&psc=1"><img src="https://m.media-amazon.com/images/I/31IiXY7q0uL._SL500_.jpg" alt="Product Image"></a><p>3 Pack Silicone mat Large Silicone Sheets for Crafts, Liquid, Resin Jewelry Casting Molds Mat, Silicone Placemat 15.7” x 11.8” (Blue & Rose Red & Green)</p><p> -33% 0FF </p><p>$7.99 ($2.66 / Count)</p><a href="https://www.amazon.com/dp/B07XFJ5YKN?tag=eloabder-20&linkCode=osi&th=1&psc=1">View Product</a></div>
<div class="product"><a href="https://www.amazon.com/dp/B0CYZC3TCM?tag=eloabder-20&linkCode=osi&th=1&psc=1"><img src="https://m.media-amazon.com/images/I/41vBPX7IX9L._SL500_.jpg" alt="Product Image"></a><p>Vanhench 36"x 2520" (210') Brown Kraft Paper Roll, Craft Paper, Wrapping Paper for Bulletin Board Paper Roll Art Craft Bouquet Flower Table Covering Poster Packing Shipping Moving Supplies 70GSM 55LB</p><p> -17% 0FF </p><p>$29.98 ($0.05 / Sq Ft)</p><a href="https://www.amazon.com/dp/B0CYZC3TCM?tag=eloabder-20&linkCode=osi&th=1&psc=1">View Product</a></div><div class="product"><a href="https://www.amazon.com/dp/B01HZMQJ8C?tag=eloabder-20&linkCode=osi&th=1&psc=1"><img src="https://m.media-amazon.com/images/I/41CQa4BxU7L._SL500_.jpg" alt="Product Image"></a><p>Colorations Art Paper, 9" x 12" Painting & Craft Paper, Finger Paints, Watercolor, Tempera, Drawing, Art Room & Homeschool Crafts 100 sheets</p><p> -6% 0FF </p><p>$14.99 ($0.15 / Count)</p><a href="https://www.amazon.com/dp/B01HZMQJ8C?tag=eloabder-20&linkCode=osi&th=1&psc=1">View Product</a></div>
<div class="product"><a href="https://www.amazon.com/dp/B08WHP8FX1?tag=eloabder-20&linkCode=osi&th=1&psc=1"><img src="https://m.media-amazon.com/images/I/51G7adQRmcL._SL500_.jpg" alt="Product Image"></a><p>Apple Barrel Acrylic Craft Paint Set, Matte Finish, Set of 8, 8 Fl Oz (Pack of 8), Assorted</p><p> -17% 0FF </p><p>$22.39 ($0.35 / Fl Oz)</p><a href="https://www.amazon.com/dp/B08WHP8FX1?tag=eloabder-20&linkCode=osi&th=1&psc=1">View Product</a></div><div class="product"><a href="https://www.amazon.com/dp/B08RYRW7SP?tag=eloabder-20&linkCode=osi&th=1&psc=1"><img src="https://m.media-amazon.com/images/I/51NgwH3pVpL._SL500_.jpg" alt="Product Image"></a><p>Shuttle Art Acrylic Paint Set, 25 Vintage Colours Acrylic Paints, 2oz/60ml Bottles, Rich Pigmented, Premium Acrylic Paints for Artists, Beginners and Kids on Rocks Crafts Canvas Wood Ceramic</p><p> -20% 0FF </p><p>$19.99 ($0.40 / Fl Oz)</p><a href="https://www.amazon.com/dp/B08RYRW7SP?tag=eloabder-20&linkCode=osi&th=1&psc=1">View Product</a></div>
<div class="product"><a href="https://www.amazon.com/dp/B08C5LKG4L?tag=eloabder-20&linkCode=osi&th=1&psc=1"><img src="https://m.media-amazon.com/images/I/510He-DL-US._SL500_.jpg" alt="Product Image"></a><p>12pcs Craft Hole Punch Shapes Set,Small Paper Puncher for Kids,Single Crafting Scrapbook Punches,Star,Butterfly,Leaf,Christmas Tree.Heart,Tag stamp Cards Mini Cutter Nail Arts crafts Punchers Supplies</p><p> -41% 0FF </p><p>$9.99</p><a href="https://www.amazon.com/dp/B08C5LKG4L?tag=eloabder-20&linkCode=osi&th=1&psc=1">View Product</a></div><div class="product"><a href="https://www.amazon.com/dp/B08VHGLBPT?tag=eloabder-20&linkCode=osi&th=1&psc=1"><img src="https://m.media-amazon.com/images/I/31UvXlbVq7L._SL500_.jpg" alt="Product Image"></a><p>QIQQIKIN Paper Corner Rounder 3 in 1 （R4mm+R7mm+R10mm）， Punches for Crafts， Cutter ，Envelope Punch Board ，Hole Puncher， Laminate, DIY Projects, Photo Cutter,Card Making Scrapbooking and Journaling</p><p> -54% 0FF </p><p>$5.99</p><a href="https://www.amazon.com/dp/B08VHGLBPT?tag=eloabder-20&linkCode=osi&th=1&psc=1">View Product</a></div>
<div class="product"><a href="https://www.amazon.com/dp/B08722TFPH?tag=eloabder-20&linkCode=osi&th=1&psc=1"><img src="https://m.media-amazon.com/images/I/51DqPIU5lcL._SL500_.jpg" alt="Product Image"></a><p>LIUYAXI 20 Colors 100 Yard Satin Ribbon Fabric Ribbon Silk Ribbon Assorted Colors Rolls, 2/5" Wide 5 Yard/Roll, Ribbons Perfect for Gift Wrapping,Crafts, Hair Bows, Wedding Party Decoration and More</p><p> -20% 0FF </p><p>$6.39 ($0.02 / Foot)</p><a href="https://www.amazon.com/dp/B08722TFPH?tag=eloabder-20&linkCode=osi&th=1&psc=1">View Product</a></div><div class="product"><a href="https://www.amazon.com/dp/B09VD664SF?tag=eloabder-20&linkCode=osi&th=1&psc=1"><img src="https://m.media-amazon.com/images/I/416ujI6fREL._SL500_.jpg" alt="Product Image"></a><p>YASEO 1 Inch Champaign Gold Solid Satin Ribbon, 50 Yards Craft Fabric Ribbon for Gift Wrapping Floral Bouquets Wedding Party Decoration</p><p> -15% 0FF </p><p>$6.79 ($0.05 / Foot)</p><a href="https://www.amazon.com/dp/B09VD664SF?tag=eloabder-20&linkCode=osi&th=1&psc=1">View Product</a></div><div class="product"><a href="https://www.amazon.com/dp/B0999BWTRD?tag=eloabder-20&linkCode=osi&th=1&psc=1"><img src="https://m.media-amazon.com/images/I/31y0rlK1bIL._SL500_.jpg" alt="Product Image"></a><p>Vitalizart Handmade Chiffon Silk Ribbon Fringe Green & Cream 1.5" x 21 Yd Frayed Edges Ribbons for Wedding Invitations Bridal Bouquets Gifts Wrapping Crafts Holiday Party Decorations</p><p> -21% 0FF </p><p>$14.99 ($0.24 / Foot)</p><a href="https://www.amazon.com/dp/B0999BWTRD?tag=eloabder-20&linkCode=osi&th=1&psc=1">View Product</a></div><div class="product"><a href="https://www.amazon.com/dp/B0CS59KQ52?tag=eloabder-20&linkCode=osi&th=1&psc=1"><img src="https://m.media-amazon.com/images/I/41JGsqqFc0L._SL500_.jpg" alt="Product Image"></a><p>Ribbli Pink Satin Ribbon 3/8 Inch x 4 Rolls Total 40 Yards- White/Light Pink/Pink/Hot Pink Ribbon for Gift Wrapping Craft Wedding Decoration</p><p> -29% 0FF </p><p>$9.99 ($0.08 / Foot)</p><a href="https://www.amazon.com/dp/B0CS59KQ52?tag=eloabder-20&linkCode=osi&th=1&psc=1">View Product</a></div>
<div class="product"><a href="https://www.amazon.com/dp/B07FDV6NN3?tag=eloabder-20&linkCode=osi&th=1&psc=1"><img src="https://m.media-amazon.com/images/I/41cwit3vbXL._SL500_.jpg" alt="Product Image"></a><p>Juvale Wooden Rings for Crafts, Macrame, Crochet, Jewelry Making, Natural Unfinished 3 Inch Wood Rings (75mm, 30 Pack)</p><p> -13% 0FF </p><p>$16.49</p><a href="https://www.amazon.com/dp/B07FDV6NN3?tag=eloabder-20&linkCode=osi&th=1&psc=1">View Product</a></div><div class="product"><a href="https://www.amazon.com/dp/B0CLXW96T8?tag=eloabder-20&linkCode=osi&th=1&psc=1"><img src="https://m.media-amazon.com/images/I/41U4yOgr+XL._SL500_.jpg" alt="Product Image"></a><p>50 PCS 50mm Unfinished Wooden Rings for Craft, Nature Solid Wood Rings for DIY Crafts Without Paint, Macrame Wooden Rings for Ring Pendant and Connectors Jewelry Making</p><p> -50% 0FF </p><p>$4.49</p><a href="https://www.amazon.com/dp/B0CLXW96T8?tag=eloabder-20&linkCode=osi&th=1&psc=1">View Product</a></div><div class="product"><a href="https://www.amazon.com/dp/B09BLCGGQH?tag=eloabder-20&linkCode=osi&th=1&psc=1"><img src="https://m.media-amazon.com/images/I/41khWby2u3L._SL500_.jpg" alt="Product Image"></a><p>Mr. Pen- Wooden Rings, 2.7", 10 Pack, Wooden Rings for Crafts, Wood Rings, Macrame Rings, Wood Rings for Crafts, Wooden Ring, Wooden Rings for Macrame, Craft Rings, Wood Ring, Wood Teething Ring</p><p> -30% 0FF </p><p>$6.95</p><a href="https://www.amazon.com/dp/B09BLCGGQH?tag=eloabder-20&linkCode=osi&th=1&psc=1">View Product</a></div>
<div class="product"><a href="https://www.amazon.com/dp/B072RV8SC7?tag=eloabder-20&linkCode=osi&th=1&psc=1"><img src="https://m.media-amazon.com/images/I/31dSkcEq21L._SL500_.jpg" alt="Product Image"></a><p>Westcott 5" Micro-Tip Craft Scissors with Titanium-Bonded Blades for Crafting, Sewing & More</p><p> -53% 0FF </p><p>$7.50</p><a href="https://www.amazon.com/dp/B072RV8SC7?tag=eloabder-20&linkCode=osi&th=1&psc=1">View Product</a></div><div class="product"><a href="https://www.amazon.com/dp/B07H4N8DL9?tag=eloabder-20&linkCode=osi&th=1&psc=1"><img src="https://m.media-amazon.com/images/I/41qf77NvDqL._SL500_.jpg" alt="Product Image"></a><p>Scissors Bulk Set of 5-Pack, Niutop 8" Multipurpose Sharp Sewing Craft Fabric Scissors for Office Home High/Middle School Student Office Teacher Art Supplies, Soft Comfort-Grip Right/Left Handles</p><p> -31% 0FF </p><p>$6.89 ($1.38 / Count)</p><a href="https://www.amazon.com/dp/B07H4N8DL9?tag=eloabder-20&linkCode=osi&th=1&psc=1">View Product</a></div><div class="product"><a href="https://www.amazon.com/dp/B0CFJNX6DR?tag=eloabder-20&linkCode=osi&th=1&psc=1"><img src="https://m.media-amazon.com/images/I/41MtlRnWlwL._SL500_.jpg" alt="Product Image"></a><p>Mr. Pen- Craft Scissors Decorative Edge, 6 Pack, Craft Scissors, Zig Zag Scissors, Decorative Scissors, Scrapbooking Scissors, Fancy Scissors, Scissors for Crafting, Pattern Scissors, Design Scissors</p><p> -21% 0FF </p><p>$7.85</p><a href="https://www.amazon.com/dp/B0CFJNX6DR?tag=eloabder-20&linkCode=osi&th=1&psc=1">View Product</a></div><div class="product"><a href="https://www.amazon.com/dp/B079L16LN6?tag=eloabder-20&linkCode=osi&th=1&psc=1"><img src="https://m.media-amazon.com/images/I/31XwkWsWIrS._SL500_.jpg" alt="Product Image"></a><p>LIVINGO Premium Tailor Scissors Heavy Duty Multi-Purpose Titanium Coating Forged Stainless Steel Sewing Fabric Leather Dressmaking Comfort Grip Shears Professional Crafting (9.5 INCH)</p><p> -30% 0FF </p><p>$13.99</p><a href="https://www.amazon.com/dp/B079L16LN6?tag=eloabder-20&linkCode=osi&th=1&psc=1">View Product</a></div><div class="product"><a href="https://www.amazon.com/dp/B001KYQP22?tag=eloabder-20&linkCode=osi&th=1&psc=1"><img src="https://m.media-amazon.com/images/I/31Cg9f0+hkL._SL500_.jpg" alt="Product Image"></a><p>Scotch 6" Precision Scissors, Great for Everyday Use (1446)</p><p> -21% 0FF </p><p>$4.94</p><a href="https://www.amazon.com/dp/B001KYQP22?tag=eloabder-20&linkCode=osi&th=1&psc=1">View Product</a></div><div class="product"><a href="https://www.amazon.com/dp/B07H4LTQ1D?tag=eloabder-20&linkCode=osi&th=1&psc=1"><img src="https://m.media-amazon.com/images/I/41Nhiysl2XL._SL500_.jpg" alt="Product Image"></a><p>LIVINGO 2 Pack 8" Titanium Non-Stick Scissors, Professional Stainless Steel Comfort Grip, All-Purpose, Straight Office Craft Scissors for DIY(Red/Black)</p><p> -50% 0FF </p><p>$9.99</p><a href="https://www.amazon.com/dp/B07H4LTQ1D?tag=eloabder-20&linkCode=osi&th=1&psc=1">View Product</a></div>
<div class="product"><a href="https://www.amazon.com/dp/B072JW6NQT?tag=eloabder-20&linkCode=osi&th=1&psc=1"><img src="https://m.media-amazon.com/images/I/61uY6781clL._SL500_.jpg" alt="Product Image"></a><p>260 Pieces Colorful Glitter Foam Stickers Self Adhesive Stars Mini Heart Shapes Glitter Stickers, Kid's Arts Craft Supplies Greeting Cards Home Decoration Stars&Heart Shapes</p><p> -33% 0FF </p><p>$6.74 ($0.03 / Count)</p><a href="https://www.amazon.com/dp/B072JW6NQT?tag=eloabder-20&linkCode=osi&th=1&psc=1">View Product</a></div><div class="product"><a href="https://www.amazon.com/dp/B00290N4NY?tag=eloabder-20&linkCode=osi&th=1&psc=1"><img src="https://m.media-amazon.com/images/I/41hejL-+6qL._SL500_.jpg" alt="Product Image"></a><p>Creative Arts by Charles Leonard Foam Shapes, Assorted Colors, 264 Pieces/Bag (70526)</p><p> -7% 0FF </p><p>$7.10</p><a href="https://www.amazon.com/dp/B00290N4NY?tag=eloabder-20&linkCode=osi&th=1&psc=1">View Product</a></div><div class="product"><a href="https://www.amazon.com/dp/B09KG4RZ6J?tag=eloabder-20&linkCode=osi&th=1&psc=1"><img src="https://m.media-amazon.com/images/I/415lhoEhZ4L._SL500_.jpg" alt="Product Image"></a><p>100PCS Unfinished Blank Wood Pieces, 4 x 4 Inch Natural Wooden Slices Star & Heart Shape Cutouts for DIY Crafts Pyrograph Painting Staining Burning Engraving Carving Coasters</p><p> -50% 0FF </p><p>$9.49</p><a href="https://www.amazon.com/dp/B09KG4RZ6J?tag=eloabder-20&linkCode=osi&th=1&psc=1">View Product</a></div><div class="product"><a href="https://www.amazon.com/dp/B000F8V6BY?tag=eloabder-20&linkCode=osi&th=1&psc=1"><img src="https://m.media-amazon.com/images/I/41pWKfVnCpL._SL500_.jpg" alt="Product Image"></a><p>Creativity Street Natural Wood Shapes - 1000 Piece Assortment</p><p> -48% 0FF </p><p>$19.99</p><a href="https://www.amazon.com/dp/B000F8V6BY?tag=eloabder-20&linkCode=osi&th=1&psc=1">View Product</a></div>
<div class="product"><a href="https://www.amazon.com/dp/B0C8T7G5PX?tag=eloabder-20&linkCode=osi&th=1&psc=1"><img src="https://m.media-amazon.com/images/I/61Uk3mYLt1L._SL500_.jpg" alt="Product Image"></a><p>120Pcs Vintage Stickers, Waterproof Scrapbook Aesthetic Sticker, Daily Planner, Water Bottles, Handbook Junk Diary Stickers Teens Adults, Scrapbooking Supplies for DIY Paper Crafts</p><p> -44% 0FF </p><p>$4.49 ($0.04 / Count)</p><a href="https://www.amazon.com/dp/B0C8T7G5PX?tag=eloabder-20&linkCode=osi&th=1&psc=1">View Product</a></div><div class="product"><a href="https://www.amazon.com/dp/B09C8HTDWP?tag=eloabder-20&linkCode=osi&th=1&psc=1"><img src="https://m.media-amazon.com/images/I/61CXW4fAMYL._SL500_.jpg" alt="Product Image"></a><p>Knaid Vintage Scrapbook Supplies Pack (200 Pieces) for Junk Journal Bullet Journals Planners Botanical Paper Stickers Craft Kits Aesthetic Cottagecore Collage Album (Nature)</p><p> -38% 0FF </p><p>$7.99 ($0.04 / Count)</p><a href="https://www.amazon.com/dp/B09C8HTDWP?tag=eloabder-20&linkCode=osi&th=1&psc=1">View Product</a></div><div class="product"><a href="https://www.amazon.com/dp/B07C3C55WD?tag=eloabder-20&linkCode=osi&th=1&psc=1"><img src="https://m.media-amazon.com/images/I/415xE6CNe-L._SL500_.jpg" alt="Product Image"></a><p>Lependor Black White Eye Stickers Labels -2000 Pcs Per Roll</p><p> -14% 0FF </p><p>$5.98</p><a href="https://www.amazon.com/dp/B07C3C55WD?tag=eloabder-20&linkCode=osi&th=1&psc=1">View Product</a></div>
<div class="product"><a href="https://www.amazon.com/dp/B07C8YSWDR?tag=eloabder-20&linkCode=osi&th=1&psc=1"><img src="https://m.media-amazon.com/images/I/21NSnmeygVL._SL500_.jpg" alt="Product Image"></a><p>novelinks Transparent 4" x 6" Photo Cases and Clear Craft Keeper with Handle - 16 Inner Cases Plastic Storage Container Box (Clear)</p><p> -31% 0FF </p><p>$24.99</p><a href="https://www.amazon.com/dp/B07C8YSWDR?tag=eloabder-20&linkCode=osi&th=1&psc=1">View Product</a></div><div class="product"><a href="https://www.amazon.com/dp/B00FZVPWO8?tag=eloabder-20&linkCode=osi&th=1&psc=1"><img src="https://m.media-amazon.com/images/I/41RO8A3v88L._SL500_.jpg" alt="Product Image"></a><p>IRIS USA Plastic Pencil Case Box Craft Hobby Art School Supply Storage Organizer Container with Latching Lid, 10-Pack, for Bead Pens Ribbons Wahi Tape Sticker Yarn Ornaments, Stackable, Clear, Small</p><p> -9% 0FF </p><p>$14.63 ($1.46 / Count)</p><a href="https://www.amazon.com/dp/B00FZVPWO8?tag=eloabder-20&linkCode=osi&th=1&psc=1">View Product</a></div><div class="product"><a href="https://www.amazon.com/dp/B0C8RXPQH5?tag=eloabder-20&linkCode=osi&th=1&psc=1"><img src="https://m.media-amazon.com/images/I/417+DSY9kaL._SL500_.jpg" alt="Product Image"></a><p>IRIS USA Plastic Storage Bins with Removable Tray for Organizing 9.4 Qt. Craft Organizers and Storage with Handle, Art Supply Storage Organizer, Arts and Crafts Organizer, Clear/Violet</p><p> -10% 0FF </p><p>$17.99</p><a href="https://www.amazon.com/dp/B0C8RXPQH5?tag=eloabder-20&linkCode=osi&th=1&psc=1">View Product</a></div><div class="product"><a href="https://www.amazon.com/dp/B07PW3Z5K6?tag=eloabder-20&linkCode=osi&th=1&psc=1"><img src="https://m.media-amazon.com/images/I/41-0CvaNdfL._SL500_.jpg" alt="Product Image"></a><p>OUTUXED 2pack 36 Grids Clear Plastic Organizer Box Container Craft Storage with Adjustable Dividers for Beads Organizer Art DIY Crafts Jewelry Fishing Tackles with 5 Sheets Label Stickers</p><p> -22% 0FF </p><p>$13.99 ($7.00 / Count)</p><a href="https://www.amazon.com/dp/B07PW3Z5K6?tag=eloabder-20&linkCode=osi&th=1&psc=1">View Product</a></div>
<div class="product"><a href="https://www.amazon.com/dp/B0C77HVR5G?tag=eloabder-20&linkCode=osi&th=1&psc=1"><img src="https://m.media-amazon.com/images/I/61ObPp2RlRL._SL500_.jpg" alt="Product Image"></a><p>Selizo 12 Rolls Nylon String for Bracelets, Chinese Knotting Nylon Cord for Jewelry Making, Nylon Beading Thread for Kumihimo, Braided Bracelets, Necklaces, Macrame Craft, Wind Chime</p><p> -7% 0FF </p><p>$12.99 ($0.02 / Foot)</p><a href="https://www.amazon.com/dp/B0C77HVR5G?tag=eloabder-20&linkCode=osi&th=1&psc=1">View Product</a></div><div class="product"><a href="https://www.amazon.com/dp/B0CJT9N6NY?tag=eloabder-20&linkCode=osi&th=1&psc=1"><img src="https://m.media-amazon.com/images/I/51FnHCLGgzL._SL500_.jpg" alt="Product Image"></a><p>50 Skeins Embroidery Floss Rainbow Color Per Pack Cross Stitch Threads Friendship Bracelets Floss Crafts Floss (50)</p><p> -50% 0FF </p><p>$4.99</p><a href="https://www.amazon.com/dp/B0CJT9N6NY?tag=eloabder-20&linkCode=osi&th=1&psc=1">View Product</a></div>
<div class="product"><a href="https://www.amazon.com/dp/B089T7PX27?tag=eloabder-20&linkCode=osi&th=1&psc=1"><img src="https://m.media-amazon.com/images/I/41aDJyks7kL._SL500_.jpg" alt="Product Image"></a><p>Crayola Air Dry Clay (5lbs), Natural White Modeling Clay for Kids, Sculpting Material, Bulk Craft Supplies for School Classrooms [Amazon Exclusive]</p><p> -18% 0FF </p><p>$10.62</p><a href="https://www.amazon.com/dp/B089T7PX27?tag=eloabder-20&linkCode=osi&th=1&psc=1">View Product</a></div><div class="product"><a href="https://www.amazon.com/dp/B09HBVBSMS?tag=eloabder-20&linkCode=osi&th=1&psc=1"><img src="https://m.media-amazon.com/images/I/51jD0QyqmfL._SL500_.jpg" alt="Product Image"></a><p>445 PCS Vintage Scrapbook Paper Journaling Scrapbooking Supplies Kit Aesthetic Decorative Craft Paper include 40 Sheet Flowers Stickers for Planner, Bullet Journaling, Junk Journal, Retro Crafts</p><p> -16% 0FF </p><p>$10.07 ($10.07 / Count)</p><a href="https://www.amazon.com/dp/B09HBVBSMS?tag=eloabder-20&linkCode=osi&th=1&psc=1">View Product</a></div><div class="product"><a href="https://www.amazon.com/dp/B092CMPBPW?tag=eloabder-20&linkCode=osi&th=1&psc=1"><img src="https://m.media-amazon.com/images/I/41bjib63eGL._SL500_.jpg" alt="Product Image"></a><p>KTOJOY 100Pcs Jumbo Wooden Craft Sticks Popsicle Stick 6” Long x 3/4”Wide Treat Ice Pop for DIY Crafts，Home Art Projects, Classroom Supplies</p><p> -29% 0FF </p><p>$4.99</p><a href="https://www.amazon.com/dp/B092CMPBPW?tag=eloabder-20&linkCode=osi&th=1&psc=1">View Product</a></div><div class="product"><a href="https://www.amazon.com/dp/B01LWIYJH3?tag=eloabder-20&linkCode=osi&th=1&psc=1"><img src="https://m.media-amazon.com/images/I/51YUb9W2RZL._SL500_.jpg" alt="Product Image"></a><p>DECORA 500 Pieces 6mm -12mm Black Wiggle Googly Eyes with Self-Adhesive Backs for DIY Crafts Doll Making Sewing Supplies</p><p> -50% 0FF </p><p>$4.99</p><a href="https://www.amazon.com/dp/B01LWIYJH3?tag=eloabder-20&linkCode=osi&th=1&psc=1">View Product</a></div>
<div class="product"><a href="https://www.amazon.com/dp/B0BM4YBN63?tag=eloabder-20&linkCode=osi&th=1&psc=1"><img src="https://m.media-amazon.com/images/I/418RLJhy9mL._SL500_.jpg" alt="Product Image"></a><p>Best Choice Products Large Folding Sewing Table, Multipurpose Portable Craft Station & Side Desk w/Compact Design, Caster Wheels, Storage Shelves, 2 Storage Trays, Magnetic Doors - White</p><p> -24% 0FF </p><p>$144.98</p><a href="https://www.amazon.com/dp/B0BM4YBN63?tag=eloabder-20&linkCode=osi&th=1&psc=1">View Product</a></div><div class="product"><a href="https://www.amazon.com/dp/B0B96X3JT2?tag=eloabder-20&linkCode=osi&th=1&psc=1"><img src="https://m.media-amazon.com/images/I/31BtnYvgAuL._SL500_.jpg" alt="Product Image"></a><p>MELLCOM Height Adjustable Craft Table with Storage Shelves, Mobile Folding Cutting Table for Large Fabric, Foldable Table for Home Office Sewing Room Craft Room</p><p> -13% 0FF </p><p>$147.14</p><a href="https://www.amazon.com/dp/B0B96X3JT2?tag=eloabder-20&linkCode=osi&th=1&psc=1">View Product</a></div><div class="product"><a href="https://www.amazon.com/dp/B08GHGQP6T?tag=eloabder-20&linkCode=osi&th=1&psc=1"><img src="https://m.media-amazon.com/images/I/41vrF5yi4VL._SL500_.jpg" alt="Product Image"></a><p>Best Choice Products Folding Sewing Table Multipurpose Craft Station & Side Desk with Compact Design, Wheels, Shelves, Storage Trays, Pegs, Magnetic Doors, Metal Doorknobs - White</p><p> -8% 0FF </p><p>$109.99</p><a href="https://www.amazon.com/dp/B08GHGQP6T?tag=eloabder-20&linkCode=osi&th=1&psc=1">View Product</a></div><div class="product"><a href="https://www.amazon.com/dp/B0B6CNQQ5R?tag=eloabder-20&linkCode=osi&th=1&psc=1"><img src="https://m.media-amazon.com/images/I/41OGnJvFoBL._SL500_.jpg" alt="Product Image"></a><p>Giantex Craft Table with Storage, Artwork Sewing Table with 10 Large & Small Storage Compartments, 2 Sliding Drawer and 2 Shelves, 53inch Craft Drafting Writing Sewing Station Desk, White</p><p> -17% 0FF </p><p>$199.99</p><a href="https://www.amazon.com/dp/B0B6CNQQ5R?tag=eloabder-20&linkCode=osi&th=1&psc=1">View Product</a></div>
<div class="product"><a href="https://www.amazon.com/dp/B091FD53S7?tag=eloabder-20&linkCode=osi&th=1&psc=1"><img src="https://m.media-amazon.com/images/I/31tC6uNvagL._SL500_.jpg" alt="Product Image"></a><p>Craftzilla Colored Masking Tape - 11 Roll Multi-Pack, 825 Ft x 1 in Colorful Craft Tape – Vibrant Rainbow Colored Painters Tape – Great for Arts & Crafts, Labeling and Color-Coding</p><p> -23% 0FF </p><p>$21.44 ($1.95 / Count)</p><a href="https://www.amazon.com/dp/B091FD53S7?tag=eloabder-20&linkCode=osi&th=1&psc=1">View Product</a></div><div class="product"><a href="https://www.amazon.com/dp/B08L5PB8N6?tag=eloabder-20&linkCode=osi&th=1&psc=1"><img src="https://m.media-amazon.com/images/I/51GHDoUpNYL._SL500_.jpg" alt="Product Image"></a><p>Mr. Pen- Washi Tape Set, 21 Rolls, Decorative Cute Floral Washi Tape for Bible Journaling, Bullet Journal Supplies</p><p> -36% 0FF </p><p>$6.99</p><a href="https://www.amazon.com/dp/B08L5PB8N6?tag=eloabder-20&linkCode=osi&th=1&psc=1">View Product</a></div><div class="product"><a href="https://www.amazon.com/dp/B07G5TRF4R?tag=eloabder-20&linkCode=osi&th=1&psc=1"><img src="https://m.media-amazon.com/images/I/411vF809PnL._SL500_.jpg" alt="Product Image"></a><p>JONYEE Colored Masking Tape, Colored Painters Tape for Arts & Crafts, Labeling or Coding - Art Supplies for Kids - 6 Different Color Rolls - Masking Tape 1 Inch x 13 Yards (2.4cm X 12m)</p><p> -42% 0FF </p><p>$7.59 ($0.03 / Foot)</p><a href="https://www.amazon.com/dp/B07G5TRF4R?tag=eloabder-20&linkCode=osi&th=1&psc=1">View Product</a></div>
<div class="product"><a href="https://www.amazon.com/dp/B09XR1XBWG?tag=eloabder-20&linkCode=osi&th=1&psc=1"><img src="https://m.media-amazon.com/images/I/31h+RS-Nv6L._SL500_.jpg" alt="Product Image"></a><p>10PCS 7mil Blank Mylar Stencil Sheets,12X12 inch Milky Translucent PET Blank Stencils Sheets,Template Material for Cutting Machines, Laser Cutting, Food-Safe Craft Plastic</p><p> -11% 0FF </p><p>$7.99</p><a href="https://www.amazon.com/dp/B09XR1XBWG?tag=eloabder-20&linkCode=osi&th=1&psc=1">View Product</a></div><div class="product"><a href="https://www.amazon.com/dp/B08VF9WZ5V?tag=eloabder-20&linkCode=osi&th=1&psc=1"><img src="https://m.media-amazon.com/images/I/514BzvTuTAL._SL500_.jpg" alt="Product Image"></a><p>Boutique Calligraphy Stencil Template Kit - 45 Reusable Pieces Includes Lettering Upper and Lowercase both Large Small, Numbers, Punctuation, Laurels Flowers For Arts Crafts Painting Wood</p><p> -23% 0FF </p><p>$22.99</p><a href="https://www.amazon.com/dp/B08VF9WZ5V?tag=eloabder-20&linkCode=osi&th=1&psc=1">View Product</a></div><div class="product"><a href="https://www.amazon.com/dp/B0BYCQ7L8Y?tag=eloabder-20&linkCode=osi&th=1&psc=1"><img src="https://m.media-amazon.com/images/I/41ZW6Pj+rUL._SL500_.jpg" alt="Product Image"></a><p>Tamaki Circle Template Circle Round Stencil Templates for Drafting for Office and School Building Formwork Drawings Templates, Large and Small Size, 3 Pack</p><p> -22% 0FF </p><p>$6.99</p><a href="https://www.amazon.com/dp/B0BYCQ7L8Y?tag=eloabder-20&linkCode=osi&th=1&psc=1">View Product</a></div>
<div class="product"><a href="https://www.amazon.com/dp/B001AH5EXK?tag=eloabder-20&linkCode=osi&th=1&psc=1"><img src="https://m.media-amazon.com/images/I/417030sMkFL._SL500_.jpg" alt="Product Image"></a><p>Surebonder Cordless Hot Glue Gun, High Temperature, Full Size, 60W, 50% More Power - Sturdily Bonds Metal, Wood, Ceramics, Leather & Other Strong Materials (Specialty Series CL-800F)</p><p> -46% 0FF </p><p>$12.40</p><a href="https://www.amazon.com/dp/B001AH5EXK?tag=eloabder-20&linkCode=osi&th=1&psc=1">View Product</a></div><div class="product"><a href="https://www.amazon.com/dp/B08H528HCX?tag=eloabder-20&linkCode=osi&th=1&psc=1"><img src="https://m.media-amazon.com/images/I/51DP2NKuq1L._SL500_.jpg" alt="Product Image"></a><p>Jewelry Pliers, Acejoz 6pcs Jewelry Making Tools Kit Includs Needle Round Nose Pliers, Wire Cutters, Crimping Pliers, Bent Nose Pliers, End Nippers for Beading Craft</p><p> -6% 0FF </p><p>$16.99</p><a href="https://www.amazon.com/dp/B08H528HCX?tag=eloabder-20&linkCode=osi&th=1&psc=1">View Product</a></div>

<div class="product"><a href="https://www.amazon.com/dp/B0BLV5S1HV?tag=eloabder-20&linkCode=osi&th=1&psc=1"><img src="https://m.media-amazon.com/images/I/51fXn6Tp3wL._SL500_.jpg" alt="Product Image"></a><p>30 Pack Basswood Sheets 12"x12"x1/8", 3mm Basswood for Laser Cutting, Thin Plywood Board Unfinished Wood for Crafts, DIY Architectural Models Making, Wood Engraving, Wood Burning Product.</p><p> -18% 0FF </p><p>$32.89</p><a href="https://www.amazon.com/dp/B0BLV5S1HV?tag=eloabder-20&linkCode=osi&th=1&psc=1">View Product</a></div><div class="product"><a href="https://www.amazon.com/dp/B083TT4XVN?tag=eloabder-20&linkCode=osi&th=1&psc=1"><img src="https://m.media-amazon.com/images/I/41QMxzlQglL._SL500_.jpg" alt="Product Image"></a><p>6" Jumbo Wood Craft Sticks - Pack of 1,000</p><p> -8% 0FF </p><p>$15.61 ($0.02 / Count)</p><a href="https://www.amazon.com/dp/B083TT4XVN?tag=eloabder-20&linkCode=osi&th=1&psc=1">View Product</a></div>
<div class="product"><a href="https://www.amazon.com/dp/B08QZ69GJM?tag=eloabder-20&linkCode=osi&th=1&psc=1"><img src="https://m.media-amazon.com/images/I/51zjX4hictL._SL500_.jpg" alt="Product Image"></a><p>Polymer Clay 50 Colors, Modeling Clay for Kids DIY Starter Kits, Oven Baked Model Clay, Non-Sticky Molding Clay with Sculpting Tools, Gift for Children and Artists (50 Colors A)</p><p> -27% 0FF </p><p>$21.99</p><a href="https://www.amazon.com/dp/B08QZ69GJM?tag=eloabder-20&linkCode=osi&th=1&psc=1">View Product</a></div><div class="product"><a href="https://www.amazon.com/dp/B093P5QK9B?tag=eloabder-20&linkCode=osi&th=1&psc=1"><img src="https://m.media-amazon.com/images/I/51N0pYvtv-L._SL500_.jpg" alt="Product Image"></a><p>FlyFlag Air Dry Clay Kit - 36 Colors, Soft & Ultra Light, Modeling Clay for Kids with Accessories, Tools and Tutorials</p><p> -29% 0FF </p><p>$16.98</p><a href="https://www.amazon.com/dp/B093P5QK9B?tag=eloabder-20&linkCode=osi&th=1&psc=1">View Product</a></div><div class="product"><a href="https://www.amazon.com/dp/B0CRD3HNHT?tag=eloabder-20&linkCode=osi&th=1&psc=1"><img src="https://m.media-amazon.com/images/I/51THopNyk-L._SL500_.jpg" alt="Product Image"></a><p>CiaraQ Polymer Clay 51 Colors, Modeling Clay for Kids, Oven Bake Clay with Sculpting Tools, Non Toxic, Ideal for Sculpture, Crafting, DIY Projects. (Assorted Colors, 0.7oz/Colors)</p><p> -44% 0FF </p><p>$16.79</p><a href="https://www.amazon.com/dp/B0CRD3HNHT?tag=eloabder-20&linkCode=osi&th=1&psc=1">View Product</a></div>
<div class="product"><a href="https://www.amazon.com/dp/B07ZGFK411?tag=eloabder-20&linkCode=osi&th=1&psc=1"><img src="https://m.media-amazon.com/images/I/41e3h9sXdtL._SL500_.jpg" alt="Product Image"></a><p>Shynek Jewelry Pliers, 3pcs, Tools with Needle/Chain Nose Pliers, Round Nose Pliers and Wire Cutter for Jewelry Repair, Wire Wrapping, Crafts, Jewelry Making Supplies</p><p> -11% 0FF </p><p>$7.99</p><a href="https://www.amazon.com/dp/B07ZGFK411?tag=eloabder-20&linkCode=osi&th=1&psc=1">View Product</a></div><div class="product"><a href="https://www.amazon.com/dp/B0B8QBVXXR?tag=eloabder-20&linkCode=osi&th=1&psc=1"><img src="https://m.media-amazon.com/images/I/31SXtqvQA8L._SL500_.jpg" alt="Product Image"></a><p>WORKPRO Jewelry Pliers Set, 3 Pack Jewelry Making Tool Kit Includes Mini Needle Nose Pliers/Chain Nose Pliers, Round Nose Pliers and Wire Cutter for Jewelry Repair, DIY Crafts, Jewelry Making Supplies</p><p> -31% 0FF </p><p>$8.99</p><a href="https://www.amazon.com/dp/B0B8QBVXXR?tag=eloabder-20&linkCode=osi&th=1&psc=1">View Product</a></div><div class="product"><a href="https://www.amazon.com/dp/B0CYPCD5KS?tag=eloabder-20&linkCode=osi&th=1&psc=1"><img src="https://m.media-amazon.com/images/I/41ojIhg30DL._SL500_.jpg" alt="Product Image"></a><p>4 Pack Jewelry Making Pliers Tools Set, Jewelry Pliers with Needle Nose Pliers, Round Nose Pliers, Bent Nose Pliers, Wire Jewelry Pliers for Jewelry Craft Making Repair Supplies</p><p> -11% 0FF </p><p>$7.88</p><a href="https://www.amazon.com/dp/B0CYPCD5KS?tag=eloabder-20&linkCode=osi&th=1&psc=1">View Product</a></div>
<div class="product"><a href="https://www.amazon.com/dp/B08NY4HWVH?tag=eloabder-20&linkCode=osi&th=1&psc=1"><img src="https://m.media-amazon.com/images/I/41qHSFWo+AL._SL500_.jpg" alt="Product Image"></a><p>Fansunta 100pcs 15.7x0.35 Inch Strong Natural Bamboo Sticks, Wooden Craft Sticks, Extra Long Sticks, Wood Strips for Craft Projects</p><p> -13% 0FF </p><p>$11.99</p><a href="https://www.amazon.com/dp/B08NY4HWVH?tag=eloabder-20&linkCode=osi&th=1&psc=1">View Product</a></div><div class="product"><a href="https://www.amazon.com/dp/B00W68CVEW?tag=eloabder-20&linkCode=osi&th=1&psc=1"><img src="https://m.media-amazon.com/images/I/41EtWBlJWXL._SL500_.jpg" alt="Product Image"></a><p>KOLE IMPORTS Skinny Natural Wood Craft Sticks</p><p> -12% 0FF </p><p>$4.38</p><a href="https://www.amazon.com/dp/B00W68CVEW?tag=eloabder-20&linkCode=osi&th=1&psc=1">View Product</a></div><div class="product"><a href="https://www.amazon.com/dp/B08XQQ69WD?tag=eloabder-20&linkCode=osi&th=1&psc=1"><img src="https://m.media-amazon.com/images/I/51yd67LjFaS._SL500_.jpg" alt="Product Image"></a><p>HOPELF 25PCS Dowel Rods Wood Sticks Wooden Dowel Rods - 1/4 x 12 Inch Bamboo Sticks - for Crafts，Hardwood Dowel Rod Assortment，Wooden Rod Sticks Doweling Rods， Cake Dowels and DIYers.</p><p> -9% 0FF </p><p>$4.99</p><a href="https://www.amazon.com/dp/B08XQQ69WD?tag=eloabder-20&linkCode=osi&th=1&psc=1">View Product</a></div><div class="product"><a href="https://www.amazon.com/dp/B081R25K4S?tag=eloabder-20&linkCode=osi&th=1&psc=1"><img src="https://m.media-amazon.com/images/I/41vxFW4BIvL._SL500_.jpg" alt="Product Image"></a><p>Perfect Stix - PS-114st-1,000 4.5" Craft Sticks/ Ice Cream Sticks/ Natural Wood - Box of 1,000ct</p><p> -6% 0FF </p><p>$13.15</p><a href="https://www.amazon.com/dp/B081R25K4S?tag=eloabder-20&linkCode=osi&th=1&psc=1">View Product</a></div><div class="product"><a href="https://www.amazon.com/dp/B0BLYTVS2T?tag=eloabder-20&linkCode=osi&th=1&psc=1"><img src="https://m.media-amazon.com/images/I/51+kkj4MnOL._SL500_.jpg" alt="Product Image"></a><p>150 Pcs Dowel Rods, 1/8 x 12 Inch Wooden Dowels Craft Wood Sticks Unfinished Natural Bamboo Sticks for Flower Bouquet Crafts and DIYers</p><p> -11% 0FF </p><p>$7.99</p><a href="https://www.amazon.com/dp/B0BLYTVS2T?tag=eloabder-20&linkCode=osi&th=1&psc=1">View Product</a></div>

<div class="product"><a href="https://www.amazon.com/dp/B09QXCP828?tag=eloabder-20&linkCode=osi&th=1&psc=1"><img src="https://m.media-amazon.com/images/I/61SVk6IlsmL._SL500_.jpg" alt="Product Image"></a><p>66 Pcs Small Stencils for Painting on Wood 3 Inch Reusable Fall Stencils Flower Animal Deer Bear Butterfly Bird Mountain Themed DIY Craft Template Paint Stencils for Wall Home Decor</p><p> -17% 0FF </p><p>$9.99</p><a href="https://www.amazon.com/dp/B09QXCP828?tag=eloabder-20&linkCode=osi&th=1&psc=1">View Product</a></div>
<div class="product"><a href="https://www.amazon.com/dp/B0019NBZQK?tag=eloabder-20&linkCode=osi&th=1&psc=1"><img src="https://m.media-amazon.com/images/I/41+u+qzqb3L._SL500_.jpg" alt="Product Image"></a><p>Excel Blades 44283 Craftsman Hobby Knife Set, Precision Cutting Tool Set, Craft Knife Set Includes Assortment of Light Duty to Heavy Duty Handles and 13 Blades</p><p> -16% 0FF </p><p>$23.37</p><a href="https://www.amazon.com/dp/B0019NBZQK?tag=eloabder-20&linkCode=osi&th=1&psc=1">View Product</a></div>
<div class="product"><a href="https://www.amazon.com/dp/B00FX9G28C?tag=eloabder-20&linkCode=osi&th=1&psc=1"><img src="https://m.media-amazon.com/images/I/41kEiPT3HRL._SL500_.jpg" alt="Product Image"></a><p>Crayola Classic Color Pack Crayons, 24 Count, (Pack of 4)</p><p> -31% 0FF </p><p>$6.36</p><a href="https://www.amazon.com/dp/B00FX9G28C?tag=eloabder-20&linkCode=osi&th=1&psc=1">View Product</a></div><div class="product"><a href="https://www.amazon.com/dp/B002OF2C50?tag=eloabder-20&linkCode=osi&th=1&psc=1"><img src="https://m.media-amazon.com/images/I/51Z+wK6C2VL._SL500_.jpg" alt="Product Image"></a><p>Crayola Crayons 8 in a Box (Pack of 12) 96 Crayons Total</p><p> -34% 0FF </p><p>$14.41</p><a href="https://www.amazon.com/dp/B002OF2C50?tag=eloabder-20&linkCode=osi&th=1&psc=1">View Product</a></div><div class="product"><a href="https://www.amazon.com/dp/B06XDJJ6D1?tag=eloabder-20&linkCode=osi&th=1&psc=1"><img src="https://m.media-amazon.com/images/I/516tOQjdgIL._SL500_.jpg" alt="Product Image"></a><p>Color Swell Bulk Crayon Packs - 36 Boxes of 24 Vibrant Colored Durable Bulk Crayons of Teacher Quality for Classroom and Home</p><p> -13% 0FF </p><p>$35.75</p><a href="https://www.amazon.com/dp/B06XDJJ6D1?tag=eloabder-20&linkCode=osi&th=1&psc=1">View Product</a></div>
<div class="product"><a href="https://www.amazon.com/dp/B07JPL5NYX?tag=eloabder-20&linkCode=osi&th=1&psc=1"><img src="https://m.media-amazon.com/images/I/31B4rKplkML._SL500_.jpg" alt="Product Image"></a><p>Similane 6 Pieces Aida Cloth 14 Count Cross Stitch Fabric, White, 12 by 18-Inch</p><p> -20% 0FF </p><p>$7.99 ($1.33 / Count)</p><a href="https://www.amazon.com/dp/B07JPL5NYX?tag=eloabder-20&linkCode=osi&th=1&psc=1">View Product</a></div><div class="product"><a href="https://www.amazon.com/dp/B002PNZJWO?tag=eloabder-20&linkCode=osi&th=1&psc=1"><img src="https://m.media-amazon.com/images/I/21LQQ7uAHaL._SL500_.jpg" alt="Product Image"></a><p>DMC TC8836-6750 Silver Label Aida Count with Soft Tube, White, 15 by 18-Inch, 18-Pack</p><p> -9% 0FF </p><p>$6.22</p><a href="https://www.amazon.com/dp/B002PNZJWO?tag=eloabder-20&linkCode=osi&th=1&psc=1">View Product</a></div>
<div class="product"><a href="https://www.amazon.com/dp/B0747JY5Q2?tag=eloabder-20&linkCode=osi&th=1&psc=1"><img src="https://m.media-amazon.com/images/I/61lazF8OahL._SL500_.jpg" alt="Product Image"></a><p>Paxcoo 124 Skeins Embroidery Floss Cross Stitch Thread with Needles</p><p> -38% 0FF </p><p>$9.99 ($0.00 / Foot)</p><a href="https://www.amazon.com/dp/B0747JY5Q2?tag=eloabder-20&linkCode=osi&th=1&psc=1">View Product</a></div><div class="product"><a href="https://www.amazon.com/dp/B0CCY9RYWJ?tag=eloabder-20&linkCode=osi&th=1&psc=1"><img src="https://m.media-amazon.com/images/I/51cdtuPMMzL._SL500_.jpg" alt="Product Image"></a><p>Sukh 100 Colour Embroidery Thread - Rainbow Embroidery Floss Bulk Hand Embroidery Thread Variegated Embroidery Floss Cross Stitch Thread Crewel Embroidery Floss for DIY Sewing Embroidery Crafts Making</p><p> -30% 0FF </p><p>$6.99 ($6.99 / Foot)</p><a href="https://www.amazon.com/dp/B0CCY9RYWJ?tag=eloabder-20&linkCode=osi&th=1&psc=1">View Product</a></div><div class="product"><a href="https://www.amazon.com/dp/B07TF4W6FW?tag=eloabder-20&linkCode=osi&th=1&psc=1"><img src="https://m.media-amazon.com/images/I/6185yuapSeS._SL500_.jpg" alt="Product Image"></a><p>LOVIMAG Premium Rainbow Color Embroidery Floss 140 Skeins Per Pack with Cotton for Cross Stitch Threads, Bracelet Yarn, Craft Floss, Aroic Embroidery Floss Set</p><p> -17% 0FF </p><p>$9.99</p><a href="https://www.amazon.com/dp/B07TF4W6FW?tag=eloabder-20&linkCode=osi&th=1&psc=1">View Product</a></div><div class="product"><a href="https://www.amazon.com/dp/B07VCK2L9J?tag=eloabder-20&linkCode=osi&th=1&psc=1"><img src="https://m.media-amazon.com/images/I/31Xrh3bNBML._SL500_.jpg" alt="Product Image"></a><p>Embroidery Floss Bobbins, 128 Pcs Embroidery Floss Organizer, Plastic Embroidery Thread Cards for Cross Stitch Thread Holder Sewing Storage(White)</p><p> -45% 0FF </p><p>$5.99 ($0.05 / Count)</p><a href="https://www.amazon.com/dp/B07VCK2L9J?tag=eloabder-20&linkCode=osi&th=1&psc=1">View Product</a></div>
<div class="product"><a href="https://www.amazon.com/dp/B07HCGVVTM?tag=eloabder-20&linkCode=osi&th=1&psc=1"><img src="https://m.media-amazon.com/images/I/51fHLo2KTbL._SL500_.jpg" alt="Product Image"></a><p>Caydo 6 Pieces Embroidery Hoop Set Circle Cross Stitch Hoop Ring 4 inch to 10 inch for Embroidery and Cross Stitch</p><p> -11% 0FF </p><p>$7.99</p><a href="https://www.amazon.com/dp/B07HCGVVTM?tag=eloabder-20&linkCode=osi&th=1&psc=1">View Product</a></div><div class="product"><a href="https://www.amazon.com/dp/B07TXQH7M2?tag=eloabder-20&linkCode=osi&th=1&psc=1"><img src="https://m.media-amazon.com/images/I/517d5A8-q8L._SL500_.jpg" alt="Product Image"></a><p>Caydo 6 Pieces Embroidery Hoops and 15 Needles, Plastic Circle Cross Stitch Hoop Ring Embroidery Circle Set, 3.4 inch to 10.4 inch (Multicolor)</p><p> -20% 0FF </p><p>$7.99</p><a href="https://www.amazon.com/dp/B07TXQH7M2?tag=eloabder-20&linkCode=osi&th=1&psc=1">View Product</a></div>
<div class="product"><a href="https://www.amazon.com/dp/B08JQ47WV1?tag=eloabder-20&linkCode=osi&th=1&psc=1"><img src="https://m.media-amazon.com/images/I/519CRDDfB4L._SL500_.jpg" alt="Product Image"></a><p>Uphome 3 Pack Embroidery Starter Kit for Beginners Stamped Cross Stitch Kits with Cute Flowers and Plants Patterns with 1 Embroidery Hoop and Color Threads for Adults Kids</p><p> -6% 0FF </p><p>$14.99</p><a href="https://www.amazon.com/dp/B08JQ47WV1?tag=eloabder-20&linkCode=osi&th=1&psc=1">View Product</a></div><div class="product"><a href="https://www.amazon.com/dp/B09F9YBHRN?tag=eloabder-20&linkCode=osi&th=1&psc=1"><img src="https://m.media-amazon.com/images/I/51tXfPB7qyL._SL500_.jpg" alt="Product Image"></a><p>Cross Stitch Kits for Beginners (Flower Theme - 6.75 Inch - 4 Pack 1 x Embroidery Hoop) DIY Embroidery Needlepoint Patterns for Adults, Includes Poppy, Rose, Sunflower and Pansy. Complete Set Included</p><p> -10% 0FF </p><p>$8.99</p><a href="https://www.amazon.com/dp/B09F9YBHRN?tag=eloabder-20&linkCode=osi&th=1&psc=1">View Product</a></div><div class="product"><a href="https://www.amazon.com/dp/B0BK1X8CNZ?tag=eloabder-20&linkCode=osi&th=1&psc=1"><img src="https://m.media-amazon.com/images/I/51gdjGEDDZL._SL500_.jpg" alt="Product Image"></a><p>Dimensions Nighttime Camping Adventure Cross Stitch Kit for Beginners, 5" x 7", 14 Cnt. Navy Aida, 4pcs</p><p> -18% 0FF </p><p>$9.82</p><a href="https://www.amazon.com/dp/B0BK1X8CNZ?tag=eloabder-20&linkCode=osi&th=1&psc=1">View Product</a></div><div class="product"><a href="https://www.amazon.com/dp/B005IDB6ZM?tag=eloabder-20&linkCode=osi&th=1&psc=1"><img src="https://m.media-amazon.com/images/I/61C0cz-Z29L._SL500_.jpg" alt="Product Image"></a><p>Janlynn 50222 Counted Cross Stitch Kit 7.75"X11.25", Joy in The Journey (14 Count), Blue</p><p> -7% 0FF </p><p>$15.83</p><a href="https://www.amazon.com/dp/B005IDB6ZM?tag=eloabder-20&linkCode=osi&th=1&psc=1">View Product</a></div>
<div class="product"><a href="https://www.amazon.com/dp/B004QRUNIW?tag=eloabder-20&linkCode=osi&th=1&psc=1"><img src="https://m.media-amazon.com/images/I/41pq4l1iyqL._SL500_.jpg" alt="Product Image"></a><p>DMC Size 24 Cross Stitch Needles</p><p> -11% 0FF </p><p>$4.63</p><a href="https://www.amazon.com/dp/B004QRUNIW?tag=eloabder-20&linkCode=osi&th=1&psc=1">View Product</a></div><div class="product"><a href="https://www.amazon.com/dp/B000XZTOOA?tag=eloabder-20&linkCode=osi&th=1&psc=1"><img src="https://m.media-amazon.com/images/I/313-rt10fSS._SL500_.jpg" alt="Product Image"></a><p>DMC 1767-24 Tapestry Hand Needles, 6-Pack, Size 24</p><p> -87% 0FF </p><p>$1.15</p><a href="https://www.amazon.com/dp/B000XZTOOA?tag=eloabder-20&linkCode=osi&th=1&psc=1">View Product</a></div><div class="product"><a href="https://www.amazon.com/dp/B081B5W2M4?tag=eloabder-20&linkCode=osi&th=1&psc=1"><img src="https://m.media-amazon.com/images/I/41b8dWe+4IL._SL500_.jpg" alt="Product Image"></a><p>DMC 3 Pack Size 22-24-26 (One Pack Each)-Cross Stitch Needles - Total 18 Needles - New Package</p><p> -14% 0FF </p><p>$8.00</p><a href="https://www.amazon.com/dp/B081B5W2M4?tag=eloabder-20&linkCode=osi&th=1&psc=1">View Product</a></div><div class="product"><a href="https://www.amazon.com/dp/B07D23QZP6?tag=eloabder-20&linkCode=osi&th=1&psc=1"><img src="https://m.media-amazon.com/images/I/41-e-zzpwJL._SL500_.jpg" alt="Product Image"></a><p>3 Pack DMC Size 26 Cross Stitch Needles (Total 18 Needles) - New Package</p><p> -8% 0FF </p><p>$6.80</p><a href="https://www.amazon.com/dp/B07D23QZP6?tag=eloabder-20&linkCode=osi&th=1&psc=1">View Product</a></div>
<div class="product"><a href="https://www.amazon.com/dp/B00FRH24AK?tag=eloabder-20&linkCode=osi&th=1&psc=1"><img src="https://m.media-amazon.com/images/I/413pdt9daNL._SL500_.jpg" alt="Product Image"></a><p>Dimensions Mason Jar Counted Cross Stitch Kit, 14 Count White Aida, 18'' x 7''.</p><p> -48% 0FF </p><p>$17.63</p><a href="https://www.amazon.com/dp/B00FRH24AK?tag=eloabder-20&linkCode=osi&th=1&psc=1">View Product</a></div><div class="product"><a href="https://www.amazon.com/dp/B005IDB37I?tag=eloabder-20&linkCode=osi&th=1&psc=1"><img src="https://m.media-amazon.com/images/I/51tVdGtvvQL._SL500_.jpg" alt="Product Image"></a><p>Janlynn Counted Cross Stitch Kit, The Lord's Prayer, Blue, By the yard</p><p> -29% 0FF </p><p>$10.00</p><a href="https://www.amazon.com/dp/B005IDB37I?tag=eloabder-20&linkCode=osi&th=1&psc=1">View Product</a></div>
<div class="product"><a href="https://www.amazon.com/dp/B0C65K1RLJ?tag=eloabder-20&linkCode=osi&th=1&psc=1"><img src="https://m.media-amazon.com/images/I/61Rq55Q-b-L._SL500_.jpg" alt="Product Image"></a><p>ATDAWN Rainbow Color Embroidery, Cross Stitch Threads, Bracelets, Crafts Floss, 50 Count</p><p> -17% 0FF </p><p>$4.99</p><a href="https://www.amazon.com/dp/B0C65K1RLJ?tag=eloabder-20&linkCode=osi&th=1&psc=1">View Product</a></div>
<div class="product"><a href="https://www.amazon.com/dp/B000YZASYO?tag=eloabder-20&linkCode=osi&th=1&psc=1"><img src="https://m.media-amazon.com/images/I/41Qm59P+WnL._SL500_.jpg" alt="Product Image"></a><p>Fiskars Self Healing Cutting Mat with Grid for Sewing, Quilting, and Crafts - 24" x 36” Grid - Gray</p><p> -50% 0FF </p><p>$32.46</p><a href="https://www.amazon.com/dp/B000YZASYO?tag=eloabder-20&linkCode=osi&th=1&psc=1">View Product</a></div><div class="product"><a href="https://www.amazon.com/dp/B0BB27B3FB?tag=eloabder-20&linkCode=osi&th=1&psc=1"><img src="https://m.media-amazon.com/images/I/31URROrDo1L._SL500_.jpg" alt="Product Image"></a><p>Paper Cutter, Paper Trimmer with Safety Guard, 12" Cut Length Paper Slicer with 16 Sheet Capacity Paper Cutting Board,Guillotine Paper Cutters and Trimmers for Cardstock Cardboard Vinyl (Gray)</p><p> -27% 0FF </p><p>$18.99</p><a href="https://www.amazon.com/dp/B0BB27B3FB?tag=eloabder-20&linkCode=osi&th=1&psc=1">View Product</a></div><div class="product"><a href="https://www.amazon.com/dp/B08DHMBSKB?tag=eloabder-20&linkCode=osi&th=1&psc=1"><img src="https://m.media-amazon.com/images/I/51UuiPNgxYL._SL500_.jpg" alt="Product Image"></a><p>Headley Tools 18"x12" Thickened Self Healing Cutting Mat, A3 Rotary Cutting Sewing Mat for Crafts, Double Sided 5-Ply Table Cutting Board for Fabric Quilting Art Hobby Project, Pink/Purple</p><p> -41% 0FF </p><p>$9.98</p><a href="https://www.amazon.com/dp/B08DHMBSKB?tag=eloabder-20&linkCode=osi&th=1&psc=1">View Product</a></div>

<div class="product"><a href="https://www.amazon.com/dp/B09YY3SVKS?tag=eloabder-20&linkCode=osi&th=1&psc=1"><img src="https://m.media-amazon.com/images/I/41f730BkCAL._SL500_.jpg" alt="Product Image"></a><p>Oythiem Knife Pen Craft Cutting Tools - Precision Paper Cutter Pen with Refillable Tungsten Steel Cutter Head Refill, 6 PACK</p><p> -13% 0FF </p><p>$6.99 ($1.16 / Count)</p><a href="https://www.amazon.com/dp/B09YY3SVKS?tag=eloabder-20&linkCode=osi&th=1&psc=1">View Product</a></div><div class="product"><a href="https://www.amazon.com/dp/B07QQBCBBL?tag=eloabder-20&linkCode=osi&th=1&psc=1"><img src="https://m.media-amazon.com/images/I/51jpKBKj85L._SL500_.jpg" alt="Product Image"></a><p>Anezus Craft Knife Precision Cutter and Self Healing Cutting Craft Mat Hobby Knife Set with 30 PCS Knife for Art Hobby Craft Scrapbooking Stencil</p><p> -47% 0FF </p><p>$8.99 ($0.28 / Count)</p><a href="https://www.amazon.com/dp/B07QQBCBBL?tag=eloabder-20&linkCode=osi&th=1&psc=1">View Product</a></div><div class="product"><a href="https://www.amazon.com/dp/B0B8J1LQY5?tag=eloabder-20&linkCode=osi&th=1&psc=1"><img src="https://m.media-amazon.com/images/I/41gjtckliVL._SL500_.jpg" alt="Product Image"></a><p>SnapFresh Cordless Electric Scissors, 4V Electric Mini Cutter, Carpet & Cardboard Cutter Tool with a Replacement Blade/Charger, Rotary Cutter for Cardboard Packages Leather Plastic （Green）</p><p> -28% 0FF </p><p>$35.99</p><a href="https://www.amazon.com/dp/B0B8J1LQY5?tag=eloabder-20&linkCode=osi&th=1&psc=1">View Product</a></div>
<div class="product"><a href="https://www.amazon.com/dp/B007UT6BDE?tag=eloabder-20&linkCode=osi&th=1&psc=1"><img src="https://m.media-amazon.com/images/I/618FCl1rVUL._SL500_.jpg" alt="Product Image"></a><p>Roylco Decorative Hues Paper, 8-1/2 X 5-1/2 in, Pack of 192 - 1435530</p><p> -12% 0FF </p><p>$19.99 ($0.10 / Count)</p><a href="https://www.amazon.com/dp/B007UT6BDE?tag=eloabder-20&linkCode=osi&th=1&psc=1">View Product</a></div><div class="product"><a href="https://www.amazon.com/dp/B0B4WM4T2V?tag=eloabder-20&linkCode=osi&th=1&psc=1"><img src="https://m.media-amazon.com/images/I/41PvWu7mXhL._SL500_.jpg" alt="Product Image"></a><p>Outuxed 400 Sheets Tissue Paper Bulk for Gift Bags, 40 Multicolor Tissue Paper for Gift Wrapping, 11.5” x 8” Rainbow Tissue Paper for Decorative Art Crafts Festival Decorations DIY Flower Pom Pom</p><p> -30% 0FF </p><p>$6.99 ($0.02 / Count)</p><a href="https://www.amazon.com/dp/B0B4WM4T2V?tag=eloabder-20&linkCode=osi&th=1&psc=1">View Product</a></div>
<div class="product"><a href="https://www.amazon.com/dp/B00B7E0JGS?tag=eloabder-20&linkCode=osi&th=1&psc=1"><img src="https://m.media-amazon.com/images/I/31XF-LedlPL._SL500_.jpg" alt="Product Image"></a><p>EK Success Tools Edge Punch, Large, Diamond Flowers</p><p> -8% 0FF </p><p>$16.99</p><a href="https://www.amazon.com/dp/B00B7E0JGS?tag=eloabder-20&linkCode=osi&th=1&psc=1">View Product</a></div><div class="product"><a href="https://www.amazon.com/dp/B09H6VJJHX?tag=eloabder-20&linkCode=osi&th=1&psc=1"><img src="https://m.media-amazon.com/images/I/41RFYDqpw8L._SL500_.jpg" alt="Product Image"></a><p>2 Pieces Heart and Star Handheld Hole Paper Punch Metal Single Hole Paper Punch Punchers with Soft-Handled Tags for Clothing Ticket DIY Craft Tags Scrapbook Tool, 1/4 inch</p><p> -9% 0FF </p><p>$9.99</p><a href="https://www.amazon.com/dp/B09H6VJJHX?tag=eloabder-20&linkCode=osi&th=1&psc=1">View Product</a></div><div class="product"><a href="https://www.amazon.com/dp/B0BCVKG3PM?tag=eloabder-20&linkCode=osi&th=1&psc=1"><img src="https://m.media-amazon.com/images/I/411GAS9weBL._SL500_.jpg" alt="Product Image"></a><p>MIAO JIN 2PCS Craft Punch Hemming Punch Big Tool Edge Paper Punch Hand Scrapbooking Edge Punch Fancy Border Punch Fancy Hole Punch DIY Art scrapbooks, Gift Cards, Wedding Cards, Decorations</p><p> -6% 0FF </p><p>$16.99</p><a href="https://www.amazon.com/dp/B0BCVKG3PM?tag=eloabder-20&linkCode=osi&th=1&psc=1">View Product</a></div>
<div class="product"><a href="https://www.amazon.com/dp/B06ZZ5K124?tag=eloabder-20&linkCode=osi&th=1&psc=1"><img src="https://m.media-amazon.com/images/I/61XFkBFxYXL._SL500_.jpg" alt="Product Image"></a><p>Agutape 30 Rolls Washi Masking Tape Set,Decorative Craft Tape Collection for DIY and Gift Wrapping with Colorful Designs and Patterns</p><p> -22% 0FF </p><p>$6.99 ($0.02 / Foot)</p><a href="https://www.amazon.com/dp/B06ZZ5K124?tag=eloabder-20&linkCode=osi&th=1&psc=1">View Product</a></div>
<div class="product"><a href="https://www.amazon.com/dp/B00R50G1I8?tag=eloabder-20&linkCode=osi&th=1&psc=1"><img src="https://m.media-amazon.com/images/I/31XgMDb7tOL._SL500_.jpg" alt="Product Image"></a><p>Sizzix 660200 Big Shot Manual Die, 6 Inches</p><p> -31% 0FF </p><p>$94.78</p><a href="https://www.amazon.com/dp/B00R50G1I8?tag=eloabder-20&linkCode=osi&th=1&psc=1">View Product</a></div><div class="product"><a href="https://www.amazon.com/dp/B0746FQR66?tag=eloabder-20&linkCode=osi&th=1&psc=1"><img src="https://m.media-amazon.com/images/I/41cvyr3S4bL._SL500_.jpg" alt="Product Image"></a><p>Sizzix Sidekick Starter Kit 661770 Portable Manual Die Cutting & Embossing Machine for Arts & Crafts, Scrapbooking & Cardmaking, 6.35 cm Opening, 2.5" Opening, White</p><p> -36% 0FF </p><p>$36.96</p><a href="https://www.amazon.com/dp/B0746FQR66?tag=eloabder-20&linkCode=osi&th=1&psc=1">View Product</a></div><div class="product"><a href="https://www.amazon.com/dp/B084PWDN97?tag=eloabder-20&linkCode=osi&th=1&psc=1"><img src="https://m.media-amazon.com/images/I/31oXNnohDrL._SL500_.jpg" alt="Product Image"></a><p>Sizzix Big Shot Switch Plus Starter Kit (White), Electric Die Cutting & Embossing Machine For Arts & Crafts, Card Making, Scrapbooking & Papercraft (9-inch Opening)</p><p> -27% 0FF </p><p>$238.55</p><a href="https://www.amazon.com/dp/B084PWDN97?tag=eloabder-20&linkCode=osi&th=1&psc=1">View Product</a></div><div class="product"><a href="https://www.amazon.com/dp/B0B1DJF6C1?tag=eloabder-20&linkCode=osi&th=1&psc=1"><img src="https://m.media-amazon.com/images/I/413RKYc57PL._SL500_.jpg" alt="Product Image"></a><p>Mini Die Cutting and Embossing Machine for DIY Crafts 3.5" Feed Slot for 3" Paper and Other Materials</p><p> -15% 0FF </p><p>$34.19</p><a href="https://www.amazon.com/dp/B0B1DJF6C1?tag=eloabder-20&linkCode=osi&th=1&psc=1">View Product</a></div><div class="product"><a href="https://www.amazon.com/dp/B07YB8XV3Z?tag=eloabder-20&linkCode=osi&th=1&psc=1"><img src="https://m.media-amazon.com/images/I/31ijkd8Lb7L._SL500_.jpg" alt="Product Image"></a><p>Crafter's Companion - Gemini - Mini Manual Die Cutting and Embossing Machine, White</p><p> -29% 0FF </p><p>$31.75</p><a href="https://www.amazon.com/dp/B07YB8XV3Z?tag=eloabder-20&linkCode=osi&th=1&psc=1">View Product</a></div>
<div class="product"><a href="https://www.amazon.com/dp/B07KGH6VVB?tag=eloabder-20&linkCode=osi&th=1&psc=1"><img src="https://m.media-amazon.com/images/I/61UMbNlb4ML._SL500_.jpg" alt="Product Image"></a><p>Cutting Dies Stencil Triangle Square Rectangle Round Ellipse Metal Mould for DIY Scrapbook Album Paper Card</p><p> -10% 0FF </p><p>$14.39</p><a href="https://www.amazon.com/dp/B07KGH6VVB?tag=eloabder-20&linkCode=osi&th=1&psc=1">View Product</a></div><div class="product"><a href="https://www.amazon.com/dp/B0CYLGRC6H?tag=eloabder-20&linkCode=osi&th=1&psc=1"><img src="https://m.media-amazon.com/images/I/51SinekXt0L._SL500_.jpg" alt="Product Image"></a><p>Hexagonal Picture Frame Scrapbooking Die-Cuts,DIY Art Cutting Dies,Metal Cutting Dies for Crafts,Cut Dies for Card Making Suitable for Party,Wedding,Holiday…</p><p> -20% 0FF </p><p>$7.20</p><a href="https://www.amazon.com/dp/B0CYLGRC6H?tag=eloabder-20&linkCode=osi&th=1&psc=1">View Product</a></div><div class="product"><a href="https://www.amazon.com/dp/B006MLJIVI?tag=eloabder-20&linkCode=osi&th=1&psc=1"><img src="https://m.media-amazon.com/images/I/41JNYtODCOL._SL500_.jpg" alt="Product Image"></a><p>Ellison SureCut Die 16677-LG, Holiday, 10 Pack, 5 7/8" x 4 7/8" x 1"</p><p> -8% 0FF </p><p>$139.73</p><a href="https://www.amazon.com/dp/B006MLJIVI?tag=eloabder-20&linkCode=osi&th=1&psc=1">View Product</a></div>
<div class="product"><a href="https://www.amazon.com/dp/B0BJGRH85F?tag=eloabder-20&linkCode=osi&th=1&psc=1"><img src="https://m.media-amazon.com/images/I/41A84YvFpCL._SL500_.jpg" alt="Product Image"></a><p>Cricut Joy Machine & Digital Content Library Bundle - Includes 30 images in Design Space App - Portable DIY Smart Machine for creating customized cards, crafts, & labels</p><p> -34% 0FF </p><p>$99.00</p><a href="https://www.amazon.com/dp/B0BJGRH85F?tag=eloabder-20&linkCode=osi&th=1&psc=1">View Product</a></div>
<div class="product"><a href="https://www.amazon.com/dp/B07TJNPV76?tag=eloabder-20&linkCode=osi&th=1&psc=1"><img src="https://m.media-amazon.com/images/I/516RCtPt8FL._SL500_.jpg" alt="Product Image"></a><p>BARWA 57 Pack Doll Clothes and Accessories 5 Fashion Dresses 4 Tops 4 Pants Outfits 3 Wedding Gown Dresses 3 Swimsuits Bikini 5 Mini Dresses, 10 Hangers 15 Shoes Computer Cosmetic for 11.5 inch Doll</p><p> -14% 0FF </p><p>$18.99</p><a href="https://www.amazon.com/dp/B07TJNPV76?tag=eloabder-20&linkCode=osi&th=1&psc=1">View Product</a></div><div class="product"><a href="https://www.amazon.com/dp/B09YTWSKBH?tag=eloabder-20&linkCode=osi&th=1&psc=1"><img src="https://m.media-amazon.com/images/I/51l3VgeMGeL._SL500_.jpg" alt="Product Image"></a><p>Mayboos Needle Felting Kit,12 Pieces Doll Making Wool Needle Felting Starter Kit with Instruction,Felting Foam Mat and DIY Needle Felting Supply for DIY Craft Animal Home Decoration Birthday Gift</p><p> -35% 0FF </p><p>$22.09</p><a href="https://www.amazon.com/dp/B09YTWSKBH?tag=eloabder-20&linkCode=osi&th=1&psc=1">View Product</a></div><div class="product"><a href="https://www.amazon.com/dp/B0749W9PJ5?tag=eloabder-20&linkCode=osi&th=1&psc=1"><img src="https://m.media-amazon.com/images/I/518ANTzhqBL._SL500_.jpg" alt="Product Image"></a><p>Craft-tastic Learn to Sew Kit – 7 Fun Projects and Reusable Materials to Teach Basic Sewing Stitches, Embroidery & More--Ages 7+</p><p> -10% 0FF </p><p>$17.95</p><a href="https://www.amazon.com/dp/B0749W9PJ5?tag=eloabder-20&linkCode=osi&th=1&psc=1">View Product</a></div><div class="product"><a href="https://www.amazon.com/dp/B0CBVF4CD5?tag=eloabder-20&linkCode=osi&th=1&psc=1"><img src="https://m.media-amazon.com/images/I/51bR1o0kePL._SL500_.jpg" alt="Product Image"></a><p>Fedmut Needle Felting Kit, Animal Needle Felting Kit for Beginner Adult with Felting Wool, Felting Foam Mat, Felting Needles and Video Instructions, Complete Start Kit for Craft DIY Needle Felting</p><p> -15% 0FF </p><p>$6.79</p><a href="https://www.amazon.com/dp/B0CBVF4CD5?tag=eloabder-20&linkCode=osi&th=1&psc=1">View Product</a></div>
<div class="product"><a href="https://www.amazon.com/dp/B0027A397C?tag=eloabder-20&linkCode=osi&th=1&psc=1"><img src="https://m.media-amazon.com/images/I/517I9iGWpQL._SL500_.jpg" alt="Product Image"></a><p>Strathmore 200 Series Sketch Pad, 8.5x11 inch, 100 Sheets, Side Wire - Artist Sketchbook for Drawing, Illustration, Art Class Students</p><p> -26% 0FF </p><p>$7.99</p><a href="https://www.amazon.com/dp/B0027A397C?tag=eloabder-20&linkCode=osi&th=1&psc=1">View Product</a></div><div class="product"><a href="https://www.amazon.com/dp/B07T3NGD8B?tag=eloabder-20&linkCode=osi&th=1&psc=1"><img src="https://m.media-amazon.com/images/I/41hwTCl5LCL._SL500_.jpg" alt="Product Image"></a><p>UCreate Poly Cover Sketch Book, Heavyweight, 9" x 12", Black, 75 Sheets</p><p> -24% 0FF </p><p>$7.29</p><a href="https://www.amazon.com/dp/B07T3NGD8B?tag=eloabder-20&linkCode=osi&th=1&psc=1">View Product</a></div><div class="product"><a href="https://www.amazon.com/dp/B0B7N2Q1NQ?tag=eloabder-20&linkCode=osi&th=1&psc=1"><img src="https://m.media-amazon.com/images/I/51E78AJyMrL._SL500_.jpg" alt="Product Image"></a><p>Caliart 176PCS Art Supplies Sketching Kit with 100 Sheets 3-Color Sketch Book, Graphite Colored Charcoal Watercolor & Metallic Pencils, School Supplies Gifts for Artists Adults Teens Girls Boys Kids</p><p> -31% 0FF </p><p>$24.99</p><a href="https://www.amazon.com/dp/B0B7N2Q1NQ?tag=eloabder-20&linkCode=osi&th=1&psc=1">View Product</a></div>
<div class="product"><a href="https://www.amazon.com/dp/B0012NCOJY?tag=eloabder-20&linkCode=osi&th=1&psc=1"><img src="https://m.media-amazon.com/images/I/41b+WM+NthL._SL500_.jpg" alt="Product Image"></a><p>Pacon 4746 Art1st Sketch Pad, 60 lbs. Heavyweight Drawing Paper. 9 x 12, 50 Sheets</p><p> -51% 0FF </p><p>$3.96 ($0.08 / Count)</p><a href="https://www.amazon.com/dp/B0012NCOJY?tag=eloabder-20&linkCode=osi&th=1&psc=1">View Product</a></div><div class="product"><a href="https://www.amazon.com/dp/B001B0F3J6?tag=eloabder-20&linkCode=osi&th=1&psc=1"><img src="https://m.media-amazon.com/images/I/31xSYmcOmIL._SL500_.jpg" alt="Product Image"></a><p>Pacon Drawing Paper, White, Standard Weight, 9" x 12", 500 Sheets</p><p> -20% 0FF </p><p>$16.91</p><a href="https://www.amazon.com/dp/B001B0F3J6?tag=eloabder-20&linkCode=osi&th=1&psc=1">View Product</a></div><div class="product"><a href="https://www.amazon.com/dp/B000A7OPAO?tag=eloabder-20&linkCode=osi&th=1&psc=1"><img src="https://m.media-amazon.com/images/I/51tDMDAC+oL._SL500_.jpg" alt="Product Image"></a><p>Strathmore Medium Drawing Spiral Paper Pad 11"X14"-24 Sheets -400500</p><p> -33% 0FF </p><p>$6.49</p><a href="https://www.amazon.com/dp/B000A7OPAO?tag=eloabder-20&linkCode=osi&th=1&psc=1">View Product</a></div><div class="product"><a href="https://www.amazon.com/dp/B00246YOY6?tag=eloabder-20&linkCode=osi&th=1&psc=1"><img src="https://m.media-amazon.com/images/I/51JQCBpAcoL._SL500_.jpg" alt="Product Image"></a><p>Strathmore 300 Series Drawing Paper Pad, Top Wire Bound, 9x12 inches, 50 Sheets (70lb/114g) - Artist Paper for Adults and Students - Charcoal, Colored Pencil, Ink, Pastel, Marker</p><p> -18% 0FF </p><p>$9.99</p><a href="https://www.amazon.com/dp/B00246YOY6?tag=eloabder-20&linkCode=osi&th=1&psc=1">View Product</a></div>
<div class="product"><a href="https://www.amazon.com/dp/B0BNDN87NX?tag=eloabder-20&linkCode=osi&th=1&psc=1"><img src="https://m.media-amazon.com/images/I/51NywOCibJL._SL500_.jpg" alt="Product Image"></a><p>Micro Fineliner Drawing Art Pens: 12 Black Fine Line Waterproof Ink Set Artist Supplies Archival Inking Markers Liner Professional Sketch Outline Anime Sketching Watercolor Zentangle Gift Stuff</p><p> -17% 0FF </p><p>$9.99</p><a href="https://www.amazon.com/dp/B0BNDN87NX?tag=eloabder-20&linkCode=osi&th=1&psc=1">View Product</a></div><div class="product"><a href="https://www.amazon.com/dp/B088B9ZNXC?tag=eloabder-20&linkCode=osi&th=1&psc=1"><img src="https://m.media-amazon.com/images/I/512tY3nGvHL._SL500_.jpg" alt="Product Image"></a><p>TWOHANDS Art Pens,Fineliner Ink Pens,Set of 12 Technical Drawing pen,Pigment Pen,Fine Point,Black,Waterproof,for Art Watercolor,Sketching,Anime,Manga, 902188</p><p> -38% 0FF </p><p>$9.99</p><a href="https://www.amazon.com/dp/B088B9ZNXC?tag=eloabder-20&linkCode=osi&th=1&psc=1">View Product</a></div><div class="product"><a href="https://www.amazon.com/dp/B08BZYK2NY?tag=eloabder-20&linkCode=osi&th=1&psc=1"><img src="https://m.media-amazon.com/images/I/41FCRf7Bf9L._SL500_.jpg" alt="Product Image"></a><p>Mr. Pen- Drawing Pens for Artists, 8 Pack Black Multiliner/Fineliner Micro Anime/Sketch Pens, Line Art/Inking Pens, Fine Point Bible Journaling Pens</p><p> -33% 0FF </p><p>$7.99</p><a href="https://www.amazon.com/dp/B08BZYK2NY?tag=eloabder-20&linkCode=osi&th=1&psc=1">View Product</a></div><div class="product"><a href="https://www.amazon.com/dp/B000TKEZDO?tag=eloabder-20&linkCode=osi&th=1&psc=1"><img src="https://m.media-amazon.com/images/I/31pwtogn53L._SL500_.jpg" alt="Product Image"></a><p>Faber-Castell Art & Graphic Pitt Artist Pen India Ink Pen, Black, Wallet Of 4, For Art, Craft, Drawing, Sketching, Home, School, University, Colouring</p><p> -43% 0FF </p><p>$7.50 ($1.88 / Count)</p><a href="https://www.amazon.com/dp/B000TKEZDO?tag=eloabder-20&linkCode=osi&th=1&psc=1">View Product</a></div><div class="product"><a href="https://www.amazon.com/dp/B01M71S9DU?tag=eloabder-20&linkCode=osi&th=1&psc=1"><img src="https://m.media-amazon.com/images/I/41prZ6JB6AL._SL500_.jpg" alt="Product Image"></a><p>Tombow 62038 Fudenosuke Brush Pen, 2-Pack. Soft and Hard Tip Fudenosuke Brush Pens for Calligraphy and Art Drawings</p><p> -18% 0FF </p><p>$5.87</p><a href="https://www.amazon.com/dp/B01M71S9DU?tag=eloabder-20&linkCode=osi&th=1&psc=1">View Product</a></div>
<div class="product"><a href="https://www.amazon.com/dp/B08FHMRW4L?tag=eloabder-20&linkCode=osi&th=1&psc=1"><img src="https://m.media-amazon.com/images/I/51Pmn5gjyzL._SL500_.jpg" alt="Product Image"></a><p>Mr. Pen- Sketch Pencils for Drawing, 14 Pack, Drawing Pencils, Art Pencils, Graphite Pencils, Graphite Pencils for Drawing, Art Pencils for Drawing and Shading</p><p> -45% 0FF </p><p>$5.99</p><a href="https://www.amazon.com/dp/B08FHMRW4L?tag=eloabder-20&linkCode=osi&th=1&psc=1">View Product</a></div><div class="product"><a href="https://www.amazon.com/dp/B09H278RXT?tag=eloabder-20&linkCode=osi&th=1&psc=1"><img src="https://m.media-amazon.com/images/I/51RJXKELRPL._SL500_.jpg" alt="Product Image"></a><p>Drawing Pencils Set of 14 (B - 12B) Sketching Pencils for Drawing, Shading & Doodling | Professional Sketch Pencils Graphite Grades for Artists & Beginners</p><p> -29% 0FF </p><p>$4.97</p><a href="https://www.amazon.com/dp/B09H278RXT?tag=eloabder-20&linkCode=osi&th=1&psc=1">View Product</a></div><div class="product"><a href="https://www.amazon.com/dp/B00006RVSK?tag=eloabder-20&linkCode=osi&th=1&psc=1"><img src="https://m.media-amazon.com/images/I/31CY7jj4YQL._SL500_.jpg" alt="Product Image"></a><p>Prismacolor Ebony Graphite Drawing Pencils, Black, Adult Coloring, Box Of 12</p><p> -38% 0FF </p><p>$7.30</p><a href="https://www.amazon.com/dp/B00006RVSK?tag=eloabder-20&linkCode=osi&th=1&psc=1">View Product</a></div>
<div class="product"><a href="https://www.amazon.com/dp/B095WXRNCM?tag=eloabder-20&linkCode=osi&th=1&psc=1"><img src="https://m.media-amazon.com/images/I/61iX6E0qmVL._SL500_.jpg" alt="Product Image"></a><p>Soucolor 73 Art Supplies for Adults Kids, Art Kit Drawing Supplies Sketching Pencils Coloring Set with Sketchbook, Coloring Book, Charcoal Metallic Graphite for Shading Blending, Gifts for Teen</p><p> -15% 0FF </p><p>$16.99</p><a href="https://www.amazon.com/dp/B095WXRNCM?tag=eloabder-20&linkCode=osi&th=1&psc=1">View Product</a></div>
<div class="product"><a href="https://www.amazon.com/dp/B09SG2T299?tag=eloabder-20&linkCode=osi&th=1&psc=1"><img src="https://m.media-amazon.com/images/I/61BtYbHF-BL._SL500_.jpg" alt="Product Image"></a><p>LAVEVE Dried Flowers, 21 Bags 100% Natural Dried Flowers Herbs Kit for Soap Making, DIY Candle, Bath, Resin Jewelry Making - Include Lavender, Don't Forget Me, Lily, Rose Petals, Jasmine and More</p><p> -17% 0FF </p><p>$11.99</p><a href="https://www.amazon.com/dp/B09SG2T299?tag=eloabder-20&linkCode=osi&th=1&psc=1">View Product</a></div><div class="product"><a href="https://www.amazon.com/dp/B08L1K1RNV?tag=eloabder-20&linkCode=osi&th=1&psc=1"><img src="https://m.media-amazon.com/images/I/61byW5PthAL._SL500_.jpg" alt="Product Image"></a><p>9 Bags Dried Flowers,100% Natural Dried Flowers Herbs Kit for Soap Making, DIY Candle Making,Bath - Include Rose Petals,Lavender,Don't Forget Me,Lilium,Jasmine,Rosebudsand More</p><p> -17% 0FF </p><p>$7.49</p><a href="https://www.amazon.com/dp/B08L1K1RNV?tag=eloabder-20&linkCode=osi&th=1&psc=1">View Product</a></div><div class="product"><a href="https://www.amazon.com/dp/B09TS8KZ3T?tag=eloabder-20&linkCode=osi&th=1&psc=1"><img src="https://m.media-amazon.com/images/I/61uRBe-uccL._SL500_.jpg" alt="Product Image"></a><p>SACATR Dried Flowers, 50 Bags 100% Natural Dried Herbs Kit for Soap Making, Candle, Resin Jewelry Making, Bath, Nail - Include Rose Petals, Rosebuds, Lilium, Jasmine, Don't Forget Me and More</p><p> -9% 0FF </p><p>$29.99 ($0.60 / Count)</p><a href="https://www.amazon.com/dp/B09TS8KZ3T?tag=eloabder-20&linkCode=osi&th=1&psc=1">View Product</a></div><div class="product"><a href="https://www.amazon.com/dp/B08DCN3B4Q?tag=eloabder-20&linkCode=osi&th=1&psc=1"><img src="https://m.media-amazon.com/images/I/613OohyofUL._SL500_.jpg" alt="Product Image"></a><p>Vignee Real Dried Pressed Leaf Flowers-Multiple Colorful Pressed Flowers Daisies for Craft Resin Jewelry Making Art Craft DIY（Violet）</p><p> -29% 0FF </p><p>$9.98</p><a href="https://www.amazon.com/dp/B08DCN3B4Q?tag=eloabder-20&linkCode=osi&th=1&psc=1">View Product</a></div>

<div class="product"><a href="https://www.amazon.com/dp/B09TT6964Q?tag=eloabder-20&linkCode=osi&th=1&psc=1"><img src="https://m.media-amazon.com/images/I/41zwxyx8wzL._SL500_.jpg" alt="Product Image"></a><p>Pin Vise Hand Drill for Jewelry Making - Craft911 Manual Craft Drill Sharp HSS Micro Mini Twist Drill Bits Set, Small Rotary Tools for Wood, Plastic, Miniature - Blue</p><p> -38% 0FF </p><p>$9.99</p><a href="https://www.amazon.com/dp/B09TT6964Q?tag=eloabder-20&linkCode=osi&th=1&psc=1">View Product</a></div><div class="product"><a href="https://www.amazon.com/dp/B01LX208SY?tag=eloabder-20&linkCode=osi&th=1&psc=1"><img src="https://m.media-amazon.com/images/I/41c5iHU7GAL._SL500_.jpg" alt="Product Image"></a><p>Tamiya - 74041 - Accessory for Model - Mini Electric Drill</p><p> -12% 0FF </p><p>$28.00</p><a href="https://www.amazon.com/dp/B01LX208SY?tag=eloabder-20&linkCode=osi&th=1&psc=1">View Product</a></div><div class="product"><a href="https://www.amazon.com/dp/B00470PNBK?tag=eloabder-20&linkCode=osi&th=1&psc=1"><img src="https://m.media-amazon.com/images/I/51nCqbTfr0L._SL500_.jpg" alt="Product Image"></a><p>3" Metal Cutting Wheels W/ 1/4" Mandrel, 5Pc #80210</p><p> -8% 0FF </p><p>$12.85</p><a href="https://www.amazon.com/dp/B00470PNBK?tag=eloabder-20&linkCode=osi&th=1&psc=1">View Product</a></div><div class="product"><a href="https://www.amazon.com/dp/B07PVPC8G5?tag=eloabder-20&linkCode=osi&th=1&psc=1"><img src="https://m.media-amazon.com/images/I/416MxAcnl2L._SL500_.jpg" alt="Product Image"></a><p>WSOOX Square Hole Drill Bits for Wood, Woodworking Hole Saw Mortising Chisel Drill Bits (Size: 1/4 inch, 5/16 inch, 3/8 inch, 1/2 inch)</p><p> -15% 0FF </p><p>$22.99</p><a href="https://www.amazon.com/dp/B07PVPC8G5?tag=eloabder-20&linkCode=osi&th=1&psc=1">View Product</a></div>
<div class="product"><a href="https://www.amazon.com/dp/B00AQ72LF4?tag=eloabder-20&linkCode=osi&th=1&psc=1"><img src="https://m.media-amazon.com/images/I/41w7DkJ50YL._SL500_.jpg" alt="Product Image"></a><p>Rit Purpose Liquid Dye, 8 Oz, Royal Blue</p><p> -45% 0FF </p><p>$3.49</p><a href="https://www.amazon.com/dp/B00AQ72LF4?tag=eloabder-20&linkCode=osi&th=1&psc=1">View Product</a></div><div class="product"><a href="https://www.amazon.com/dp/B001JGNPM4?tag=eloabder-20&linkCode=osi&th=1&psc=1"><img src="https://m.media-amazon.com/images/I/41AmSK-Cv5L._SL500_.jpg" alt="Product Image"></a><p>Rit Dye RIT COLORSTAY, 8 fl oz, Clear</p><p> -30% 0FF </p><p>$3.49 ($0.44 / Fl Oz)</p><a href="https://www.amazon.com/dp/B001JGNPM4?tag=eloabder-20&linkCode=osi&th=1&psc=1">View Product</a></div><div class="product"><a href="https://www.amazon.com/dp/B00UL9GRJI?tag=eloabder-20&linkCode=osi&th=1&psc=1"><img src="https://m.media-amazon.com/images/I/412cjSJpuKL._SL500_.jpg" alt="Product Image"></a><p>Rit DyeMore Liquid Dye, Chocolate Brown 7-Ounce</p><p> -59% 0FF </p><p>$4.47</p><a href="https://www.amazon.com/dp/B00UL9GRJI?tag=eloabder-20&linkCode=osi&th=1&psc=1">View Product</a></div><div class="product"><a href="https://www.amazon.com/dp/B0BSGFBS77?tag=eloabder-20&linkCode=osi&th=1&psc=1"><img src="https://m.media-amazon.com/images/I/51sB3k7QpOL._SL500_.jpg" alt="Product Image"></a><p>YRYM HT Epoxy Resin Pigment - 16 Colors Non-Toxic Epoxy Resin Color Pigment for Resin Coloring, Concentrated Resin Dye for Jewelry Making, Art, Paint, Crafts - 0.35oz/10ml Each</p><p> -9% 0FF </p><p>$9.99</p><a href="https://www.amazon.com/dp/B0BSGFBS77?tag=eloabder-20&linkCode=osi&th=1&psc=1">View Product</a></div>
<div class="product"><a href="https://www.amazon.com/dp/B097SKG9VM?tag=eloabder-20&linkCode=osi&th=1&psc=1"><img src="https://m.media-amazon.com/images/I/410hj1m+piL._SL500_.jpg" alt="Product Image"></a><p>Artify Easel for Painting, Double-Tier Easel Stand, Adjustable Height from 22-66 Inches, Tripod for Painting and Display with Carrying Bag, 66 Inches, Black</p><p> -23% 0FF </p><p>$19.99</p><a href="https://www.amazon.com/dp/B097SKG9VM?tag=eloabder-20&linkCode=osi&th=1&psc=1">View Product</a></div><div class="product"><a href="https://www.amazon.com/dp/B0B1Z93G2C?tag=eloabder-20&linkCode=osi&th=1&psc=1"><img src="https://m.media-amazon.com/images/I/41clhL8HDkL._SL500_.jpg" alt="Product Image"></a><p>JNZYB Easel Stand for Display Wedding Sign & Poster - 63 Inches Tall Easle for Display Holder - Portable Collapsable Poster Easel - Floor Adjustable Metal Painting Easels Tripod Black</p><p> -14% 0FF </p><p>$17.99</p><a href="https://www.amazon.com/dp/B0B1Z93G2C?tag=eloabder-20&linkCode=osi&th=1&psc=1">View Product</a></div><div class="product"><a href="https://www.amazon.com/dp/B07Z5BTQR3?tag=eloabder-20&linkCode=osi&th=1&psc=1"><img src="https://m.media-amazon.com/images/I/41-YRD77X0L._SL500_.jpg" alt="Product Image"></a><p>Nicpro Folding Easels for Display, 2 Pack 63 Inch Metal Floor Easel Stand Tripod Black Portable for Artist Poster Wedding with Carry Bag</p><p> -12% 0FF </p><p>$26.49</p><a href="https://www.amazon.com/dp/B07Z5BTQR3?tag=eloabder-20&linkCode=osi&th=1&psc=1">View Product</a></div>
<div class="product"><a href="https://www.amazon.com/dp/B0BXKFPHG5?tag=eloabder-20&linkCode=osi&th=1&psc=1"><img src="https://m.media-amazon.com/images/I/511hcLWwsjL._SL500_.jpg" alt="Product Image"></a><p>NACHLYNN 12000 Pcs Flat Back Pearl 8 Sizes Flatback Pearl Beads Half Pearl Bead Half Round Pearls for Crafts Embellishment Shoes DIY Phone Case Making</p><p> -14% 0FF </p><p>$8.59 ($1.22 / Ounce)</p><a href="https://www.amazon.com/dp/B0BXKFPHG5?tag=eloabder-20&linkCode=osi&th=1&psc=1">View Product</a></div><div class="product"><a href="https://www.amazon.com/dp/B07TC687GQ?tag=eloabder-20&linkCode=osi&th=1&psc=1"><img src="https://m.media-amazon.com/images/I/61k7NI1MJTL._SL500_.jpg" alt="Product Image"></a><p>125 PCS Vintage Skeleton Key Set Charms, JIALEEY Mixed Antique Style Bronze Brass for Pendant DIY Jewelry Making Wedding Party Favors</p><p> -42% 0FF </p><p>$6.99</p><a href="https://www.amazon.com/dp/B07TC687GQ?tag=eloabder-20&linkCode=osi&th=1&psc=1">View Product</a></div><div class="product"><a href="https://www.amazon.com/dp/B06XWWH3SR?tag=eloabder-20&linkCode=osi&th=1&psc=1"><img src="https://m.media-amazon.com/images/I/61f1Q0IyVcL._SL500_.jpg" alt="Product Image"></a><p>JPSOR 600pcs Gems Jewels for Crafts, Acrylic Flatback Rhinestones for Halloween Pirate Party Decorations, Crafting Embellishments Gemstone (6 Shapes, 6-13mm)</p><p> -32% 0FF </p><p>$6.29</p><a href="https://www.amazon.com/dp/B06XWWH3SR?tag=eloabder-20&linkCode=osi&th=1&psc=1">View Product</a></div>
<div class="product"><a href="https://www.amazon.com/dp/B0B3CNZR5K?tag=eloabder-20&linkCode=osi&th=1&psc=1"><img src="https://m.media-amazon.com/images/I/41YsiLVF9bL._SL500_.jpg" alt="Product Image"></a><p>SPELLBINDERS PAPERCRAFTS, INC 3D Embossing Folder Beau Bloom, Opaque</p><p> -22% 0FF </p><p>$11.64</p><a href="https://www.amazon.com/dp/B0B3CNZR5K?tag=eloabder-20&linkCode=osi&th=1&psc=1">View Product</a></div><div class="product"><a href="https://www.amazon.com/dp/B06Y2J6NS2?tag=eloabder-20&linkCode=osi&th=1&psc=1"><img src="https://m.media-amazon.com/images/I/51pgkVjniuL._SL500_.jpg" alt="Product Image"></a><p>Sizzix, Multi Color, One Size Embossing Folder 661824, Lace</p><p> -43% 0FF </p><p>$7.37</p><a href="https://www.amazon.com/dp/B06Y2J6NS2?tag=eloabder-20&linkCode=osi&th=1&psc=1">View Product</a></div>
<div class="product"><a href="https://www.amazon.com/dp/B00J39I2F4?tag=eloabder-20&linkCode=osi&th=1&psc=1"><img src="https://m.media-amazon.com/images/I/5135vUrjueL._SL500_.jpg" alt="Product Image"></a><p>Ranger Embossing Powder, .56 Ounce Jar, Super Fine Black</p><p> -8% 0FF </p><p>$6.80</p><a href="https://www.amazon.com/dp/B00J39I2F4?tag=eloabder-20&linkCode=osi&th=1&psc=1">View Product</a></div><div class="product"><a href="https://www.amazon.com/dp/B0013JROB0?tag=eloabder-20&linkCode=osi&th=1&psc=1"><img src="https://m.media-amazon.com/images/I/41uM-s9fN6L._SL500_.jpg" alt="Product Image"></a><p>Ranger Ultra Thick Embossing Powder 6-ounce, Clear</p><p> -9% 0FF </p><p>$16.35 ($2.72 / Ounce)</p><a href="https://www.amazon.com/dp/B0013JROB0?tag=eloabder-20&linkCode=osi&th=1&psc=1">View Product</a></div>
<div class="product"><a href="https://www.amazon.com/dp/B07QFRD6SQ?tag=eloabder-20&linkCode=osi&th=1&psc=1"><img src="https://m.media-amazon.com/images/I/41tmpE54CvL._SL500_.jpg" alt="Product Image"></a><p>ABenkle 10Pcs Dotting Tools Ball Styluses for Rock Painting, Pottery Clay Modeling Embossing Art Mandala</p><p> -14% 0FF </p><p>$5.99 ($0.60 / Count)</p><a href="https://www.amazon.com/dp/B07QFRD6SQ?tag=eloabder-20&linkCode=osi&th=1&psc=1">View Product</a></div><div class="product"><a href="https://www.amazon.com/dp/B07SSCN6V1?tag=eloabder-20&linkCode=osi&th=1&psc=1"><img src="https://m.media-amazon.com/images/I/311dLXgZYOL._SL500_.jpg" alt="Product Image"></a><p>Sizzix Heat Tool , Dual Speed, US Version for Shrink Plastic, Moulding, Embossing, Scrapbooking, Cardmaking, Papercraft & DIY, Multi Color, One Size, Multicolour</p><p> -34% 0FF </p><p>$21.19</p><a href="https://www.amazon.com/dp/B07SSCN6V1?tag=eloabder-20&linkCode=osi&th=1&psc=1">View Product</a></div>
<div class="product"><a href="https://www.amazon.com/dp/B077Z5VJHN?tag=eloabder-20&linkCode=osi&th=1&psc=1"><img src="https://m.media-amazon.com/images/I/513G8qFSDiL._SL500_.jpg" alt="Product Image"></a><p>New brothread 40 Brother Colors Polyester Embroidery Machine Thread Kit 500M (550Y) Each Spool for Brother Babylock Janome Singer Pfaff Husqvarna Bernina Sewing Machines</p><p> -30% 0FF </p><p>$25.99 ($0.00 / Foot)</p><a href="https://www.amazon.com/dp/B077Z5VJHN?tag=eloabder-20&linkCode=osi&th=1&psc=1">View Product</a></div>
<div class="product"><a href="https://www.amazon.com/dp/B09TNBFF73?tag=eloabder-20&linkCode=osi&th=1&psc=1"><img src="https://m.media-amazon.com/images/I/51NHCkApGGL._SL500_.jpg" alt="Product Image"></a><p>Beech Wood Tapestry Scroll Embroidery Frames, Needlepoint Cross Stitch Holder, Quilting Frames, Needlepoint Holder, Stitching Frame for Sewing, Cross Stitch, Embroidery Projects</p><p> -7% 0FF </p><p>$25.99</p><a href="https://www.amazon.com/dp/B09TNBFF73?tag=eloabder-20&linkCode=osi&th=1&psc=1">View Product</a></div>
<div class="product"><a href="https://www.amazon.com/dp/B07K9HHRW9?tag=eloabder-20&linkCode=osi&th=1&psc=1"><img src="https://m.media-amazon.com/images/I/51Ywxes9hYL._SL500_.jpg" alt="Product Image"></a><p>Caydo 12 Pieces 6 Inch Embroidery Hoops Set Bulk Circle Cross Stitch Hoop Round Ring</p><p> -42% 0FF </p><p>$17.99</p><a href="https://www.amazon.com/dp/B07K9HHRW9?tag=eloabder-20&linkCode=osi&th=1&psc=1">View Product</a></div>
<div class="product"><a href="https://www.amazon.com/dp/B084T4PTN7?tag=eloabder-20&linkCode=osi&th=1&psc=1"><img src="https://m.media-amazon.com/images/I/51CvRgFO-nL._SL500_.jpg" alt="Product Image"></a><p>53 Pieces Cross Stitch Tool Embroidery Starter Kit, includes Bamboo Circle Cross Stitch Hoop Ring, Vintage Sewing Scissors, Needle-Threading Tools, Thimbles, Floss Bobbins, Seam Ripper and Embroidery</p><p> -6% 0FF </p><p>$14.99</p><a href="https://www.amazon.com/dp/B084T4PTN7?tag=eloabder-20&linkCode=osi&th=1&psc=1">View Product</a></div><div class="product"><a href="https://www.amazon.com/dp/B0BZP6ZGN8?tag=eloabder-20&linkCode=osi&th=1&psc=1"><img src="https://m.media-amazon.com/images/I/51mlLtsppFL._SL500_.jpg" alt="Product Image"></a><p>Picoey Modern Flower Heart Embroidery Kit for Beginners with Pattern and Instructions,4 Pack Cross Stitch Kits,2 Wooden Embroidery Hoops,Threads and Needles,Needlepoint Kit for Adults</p><p> -20% 0FF </p><p>$14.39</p><a href="https://www.amazon.com/dp/B0BZP6ZGN8?tag=eloabder-20&linkCode=osi&th=1&psc=1">View Product</a></div>
<div class="product"><a href="https://www.amazon.com/dp/B0893412R4?tag=eloabder-20&linkCode=osi&th=1&psc=1"><img src="https://m.media-amazon.com/images/I/51UQ3vEfiIL._SL500_.jpg" alt="Product Image"></a><p>23 PCS Large Eye Sewing Needles, 2.36in Sewing Sharp Needles, Leather Needle Embroidery Thread Needle, Stainless Steel Yarn Knitting Needles with a 3.3in Plastic Bottle</p><p> -26% 0FF </p><p>$3.99</p><a href="https://www.amazon.com/dp/B0893412R4?tag=eloabder-20&linkCode=osi&th=1&psc=1">View Product</a></div><div class="product"><a href="https://www.amazon.com/dp/B0CR16V8LH?tag=eloabder-20&linkCode=osi&th=1&psc=1"><img src="https://m.media-amazon.com/images/I/51seXBZrmSL._SL500_.jpg" alt="Product Image"></a><p>FIVEIZERO 30-Count Premium Hand Sewing Needles, 6 Sizes Embroidery Needles Kit with Threaders for Hand Sewing Crafts,Large Eye Sewing Needle Kit for Art and Craft Projects</p><p> -33% 0FF </p><p>$3.99</p><a href="https://www.amazon.com/dp/B0CR16V8LH?tag=eloabder-20&linkCode=osi&th=1&psc=1">View Product</a></div><div class="product"><a href="https://www.amazon.com/dp/B0C52SWHNY?tag=eloabder-20&linkCode=osi&th=1&psc=1"><img src="https://m.media-amazon.com/images/I/51PTOYvxsuL._SL500_.jpg" alt="Product Image"></a><p>FIVEIZERO 80/40 PCS Large Eye Sewing Needles, 7 Sizes Sewing Sharp Needles, Leather Needle Embroidery Thread Needle, Stainless Steel Yarn Knitting Needles with Threaders for Handsewing Art Crafts CJ</p><p> -29% 0FF </p><p>$4.99</p><a href="https://www.amazon.com/dp/B0C52SWHNY?tag=eloabder-20&linkCode=osi&th=1&psc=1">View Product</a></div><div class="product"><a href="https://www.amazon.com/dp/B000YQEVYQ?tag=eloabder-20&linkCode=osi&th=1&psc=1"><img src="https://m.media-amazon.com/images/I/31ofpWcLFnL._SL500_.jpg" alt="Product Image"></a><p>Clover Gold Eye Embroidery Needles Size 3-9 - 16 Pack</p><p> -34% 0FF </p><p>$4.72 ($0.30 / Count)</p><a href="https://www.amazon.com/dp/B000YQEVYQ?tag=eloabder-20&linkCode=osi&th=1&psc=1">View Product</a></div><div class="product"><a href="https://www.amazon.com/dp/B08FG2SW2J?tag=eloabder-20&linkCode=osi&th=1&psc=1"><img src="https://m.media-amazon.com/images/I/51NLNzyOQiL._SL500_.jpg" alt="Product Image"></a><p>KYUEWRT 25 Large Eye Embroidery Needles-5 Sizes Big Eye Hand Sewing Needles in Aluminum Storage Tube</p><p> -9% 0FF </p><p>$4.99</p><a href="https://www.amazon.com/dp/B08FG2SW2J?tag=eloabder-20&linkCode=osi&th=1&psc=1">View Product</a></div>
<div class="product"><a href="https://www.amazon.com/dp/B007X6YQO0?tag=eloabder-20&linkCode=osi&th=1&psc=1"><img src="https://m.media-amazon.com/images/I/51zNbVKMfBL._SL500_.jpg" alt="Product Image"></a><p>Aunt Martha's 402 Flowers and Butterflies Embroidery Transfer Pattern Book, Over 25 Iron On Patterns</p><p> -9% 0FF </p><p>$5.31 ($0.21 / Count)</p><a href="https://www.amazon.com/dp/B007X6YQO0?tag=eloabder-20&linkCode=osi&th=1&psc=1">View Product</a></div><div class="product"><a href="https://www.amazon.com/dp/B0C53Y6RT5?tag=eloabder-20&linkCode=osi&th=1&psc=1"><img src="https://m.media-amazon.com/images/I/51V0SAIOO-L._SL500_.jpg" alt="Product Image"></a><p>Patemby 50Pcs Water Soluble Embroidery Stabilizers, Stick and Stitch Embroidery Paper with Pre-Printed Flowers and Leaves Pattern Transfers for Hand Sewing Lover Beginners (Flower)</p><p> -40% 0FF </p><p>$5.99</p><a href="https://www.amazon.com/dp/B0C53Y6RT5?tag=eloabder-20&linkCode=osi&th=1&psc=1">View Product</a></div>
<div class="product"><a href="https://www.amazon.com/dp/B08TBFJL83?tag=eloabder-20&linkCode=osi&th=1&psc=1"><img src="https://m.media-amazon.com/images/I/41TUv5gIsaL._SL500_.jpg" alt="Product Image"></a><p>Hisuper Sewing scissors sharp Embroidery Crafting Threading Scissors with Leather Scissors Cover for Needlework Craft Art Work Manual Handicraft DIY Tool</p><p> -30% 0FF </p><p>$6.99</p><a href="https://www.amazon.com/dp/B08TBFJL83?tag=eloabder-20&linkCode=osi&th=1&psc=1">View Product</a></div>


<div class="product"><a href="https://www.amazon.com/dp/B0CZM9L4SP?tag=eloabder-20&linkCode=osi&th=1&psc=1"><img src="https://m.media-amazon.com/images/I/410gggXHgKL._SL500_.jpg" alt="Product Image"></a><p>Craft Crush Wire Flowers - Create Unique Craft Wire Flower Designs with Easy to Use Tool and Guide with Display Stand - for Teens and Adults Ages 12, 13, 14, 15 and Up</p><p> -6% 0FF </p><p>$18.76</p><a href="https://www.amazon.com/dp/B0CZM9L4SP?tag=eloabder-20&linkCode=osi&th=1&psc=1">View Product</a></div><div class="product"><a href="https://www.amazon.com/dp/B0C8CTL1TX?tag=eloabder-20&linkCode=osi&th=1&psc=1"><img src="https://m.media-amazon.com/images/I/51pZKpeKoHL._SL500_.jpg" alt="Product Image"></a><p>Pom Pom Painting Art Kit for Beginners, Perfect Craft Projects for Adults, Colorful Pom Poms and Supplies Included, DIY Pom Pom Painting on Paint Canvas.(Sunflower)</p><p> -25% 0FF </p><p>$11.99</p><a href="https://www.amazon.com/dp/B0C8CTL1TX?tag=eloabder-20&linkCode=osi&th=1&psc=1">View Product</a></div>
<div class="product"><a href="https://www.amazon.com/dp/B076CP6F36?tag=eloabder-20&linkCode=osi&th=1&psc=1"><img src="https://m.media-amazon.com/images/I/51rfEIvgI+L._SL500_.jpg" alt="Product Image"></a><p>Apple Barrel, Vibrant Spectrum Collection Acrylic Craft Paint, PROMOABIII, 2 fl oz each, 16 assorted matte colors, 16 count</p><p> -6% 0FF </p><p>$15.97 ($0.50 / Fl Oz)</p><a href="https://www.amazon.com/dp/B076CP6F36?tag=eloabder-20&linkCode=osi&th=1&psc=1">View Product</a></div><div class="product"><a href="https://www.amazon.com/dp/B0018NBVKQ?tag=eloabder-20&linkCode=osi&th=1&psc=1"><img src="https://m.media-amazon.com/images/I/31YlSvZMTCL._SL500_.jpg" alt="Product Image"></a><p>Apple Barrel Acrylic Paint in Assorted Colors (8 Ounce), 20403 White</p><p> -34% 0FF </p><p>$2.97 ($0.37 / Fl Oz)</p><a href="https://www.amazon.com/dp/B0018NBVKQ?tag=eloabder-20&linkCode=osi&th=1&psc=1">View Product</a></div><div class="product"><a href="https://www.amazon.com/dp/B08QNJ7KSF?tag=eloabder-20&linkCode=osi&th=1&psc=1"><img src="https://m.media-amazon.com/images/I/61pzWyQ8+vL._SL500_.jpg" alt="Product Image"></a><p>Acrylic Paint Set Canvas Art Paints 24 Colors (0.41oz,12 ml) With 3 Brushes - Painting Canvas, Paper, Wood, Rock, Ceramic & Fabric</p><p> -37% 0FF </p><p>$9.99 ($1.04 / Fl Oz)</p><a href="https://www.amazon.com/dp/B08QNJ7KSF?tag=eloabder-20&linkCode=osi&th=1&psc=1">View Product</a></div><div class="product"><a href="https://www.amazon.com/dp/B0CYLMHHC1?tag=eloabder-20&linkCode=osi&th=1&psc=1"><img src="https://m.media-amazon.com/images/I/510S5ZntMHL._SL500_.jpg" alt="Product Image"></a><p>Nicpro 14 Colors Large Bulk Acrylic Paint Set (16.9 oz, 500 ml) Non Toxic Art Painting Supplies for Multi Surface Fabric Canvas Wood Leather Stone, Craft Paint for Kid & Adult with Color Wheel</p><p> -14% 0FF </p><p>$49.99 ($0.21 / Fl Oz)</p><a href="https://www.amazon.com/dp/B0CYLMHHC1?tag=eloabder-20&linkCode=osi&th=1&psc=1">View Product</a></div><div class="product"><a href="https://www.amazon.com/dp/B0829R16YG?tag=eloabder-20&linkCode=osi&th=1&psc=1"><img src="https://m.media-amazon.com/images/I/51i5zSZyD8L._SL500_.jpg" alt="Product Image"></a><p>Apple Barrel Essentials Acrylic Paint Set, 12, 24 Fl Oz (Pack of 1)</p><p> -30% 0FF </p><p>$11.24 ($0.47 / Fl Oz)</p><a href="https://www.amazon.com/dp/B0829R16YG?tag=eloabder-20&linkCode=osi&th=1&psc=1">View Product</a></div>
<div class="product"><a href="https://www.amazon.com/dp/B0CHTZD63Q?tag=eloabder-20&linkCode=osi&th=1&psc=1"><img src="https://m.media-amazon.com/images/I/511hgeOlnkL._SL500_.jpg" alt="Product Image"></a><p>Secopad Scrapbook Tape, 4 Pack Double Sided Tape Roller for Crafts, Adhesive Tape Glue Runner Scrapbooking Supplies Journaling School Office for Kids and Adults, 0.3IN x 26FT</p><p> -22% 0FF </p><p>$6.99 ($1.75 / Count)</p><a href="https://www.amazon.com/dp/B0CHTZD63Q?tag=eloabder-20&linkCode=osi&th=1&psc=1">View Product</a></div><div class="product"><a href="https://www.amazon.com/dp/B07Y3VDPLF?tag=eloabder-20&linkCode=osi&th=1&psc=1"><img src="https://m.media-amazon.com/images/I/41cyKQ2OMuL._SL500_.jpg" alt="Product Image"></a><p>Melsan 1x4 inch Hook and Loop Strips with Adhesive - 15 Sets, Strong Back Adhesive Fasten Mounting Tape for Home or Office Use - Instead of Holes and Screws, Black</p><p> -24% 0FF </p><p>$9.90</p><a href="https://www.amazon.com/dp/B07Y3VDPLF?tag=eloabder-20&linkCode=osi&th=1&psc=1">View Product</a></div><div class="product"><a href="https://www.amazon.com/dp/B0CC98XLGL?tag=eloabder-20&linkCode=osi&th=1&psc=1"><img src="https://m.media-amazon.com/images/I/51ZLw+nThiL._SL500_.jpg" alt="Product Image"></a><p>HUIRUSO 4 Pack Double Sided Tape Roller, Scrapbook Supplies, Glue Tape Roller for Crafts, Double-Sided Adhesive Tape Runner for Scrapbooking, School Office Journaling Supplies (0.31 in X 26.25 ft)</p><p> -9% 0FF </p><p>$6.99 ($1.75 / Count)</p><a href="https://www.amazon.com/dp/B0CC98XLGL?tag=eloabder-20&linkCode=osi&th=1&psc=1">View Product</a></div><div class="product"><a href="https://www.amazon.com/dp/B0CY2CFX3Z?tag=eloabder-20&linkCode=osi&th=1&psc=1"><img src="https://m.media-amazon.com/images/I/31ZLCJqpwCL._SL500_.jpg" alt="Product Image"></a><p>JEWOSTER 16 Sets 1x4 Inch Hook and Loop Strips with Adhesive - Double Sided Tape Heavy Duty for Wall Crafts - Sticky Back Fastener Mounting Tape for Home or Office Use,Indoor & Outdoor Use,Black</p><p> -15% 0FF </p><p>$2.98</p><a href="https://www.amazon.com/dp/B0CY2CFX3Z?tag=eloabder-20&linkCode=osi&th=1&psc=1">View Product</a></div><div class="product"><a href="https://www.amazon.com/dp/B0CGVPMJBP?tag=eloabder-20&linkCode=osi&th=1&psc=1"><img src="https://m.media-amazon.com/images/I/51zEyhfBRuL._SL500_.jpg" alt="Product Image"></a><p>30Ft x 1 Inch Hook and Loop Strips with Adhesive, Double Rolls of Heavy Duty Self Adhesive Tape with Backing, Nylon Self Adhesive Tape for Home Office School and Crafting,Black</p><p> -17% 0FF </p><p>$9.99</p><a href="https://www.amazon.com/dp/B0CGVPMJBP?tag=eloabder-20&linkCode=osi&th=1&psc=1">View Product</a></div>
<div class="product"><a href="https://www.amazon.com/dp/B092D2YB8R?tag=eloabder-20&linkCode=osi&th=1&psc=1"><img src="https://m.media-amazon.com/images/I/41dc0rFLWKL._SL500_.jpg" alt="Product Image"></a><p>Gocheer Airbrush Kit with Air Compressor, 40 PSI High Pressure Air Brush Non-Clogging with 0.2/0.3/0.5mm Nozzle/Cleaning Sets, Ideal for Painting, Modeling, Cake Decor, Pastry, Makeup, Nail Art etc.</p><p> -25% 0FF </p><p>$59.99 ($60.60 / Count)</p><a href="https://www.amazon.com/dp/B092D2YB8R?tag=eloabder-20&linkCode=osi&th=1&psc=1">View Product</a></div><div class="product"><a href="https://www.amazon.com/dp/B009YNG21U?tag=eloabder-20&linkCode=osi&th=1&psc=1"><img src="https://m.media-amazon.com/images/I/51w-pNifHUL._SL500_.jpg" alt="Product Image"></a><p>Master Airbrush Cool Runner II Dual Fan Air Compressor Professional Airbrushing System Kit with 3 Airbrushes, Gravity and Siphon Feed - Holder, Color Mixing Wheel, Cleaning Brush Set, How-To Guide</p><p> -32% 0FF </p><p>$129.99</p><a href="https://www.amazon.com/dp/B009YNG21U?tag=eloabder-20&linkCode=osi&th=1&psc=1">View Product</a></div><div class="product"><a href="https://www.amazon.com/dp/B00EKT30JK?tag=eloabder-20&linkCode=osi&th=1&psc=1"><img src="https://m.media-amazon.com/images/I/51+LnhnmT4L._SL500_.jpg" alt="Product Image"></a><p>Master Airbrush Cool Runner II Dual Fan Air Compressor Professional Airbrushing System Kit with 3 Airbrushes, Gravity and Siphon Feed - 6 Primary Opaque Colors Acrylic Paint Artist Set - How to Guide</p><p> -21% 0FF </p><p>$149.99</p><a href="https://www.amazon.com/dp/B00EKT30JK?tag=eloabder-20&linkCode=osi&th=1&psc=1">View Product</a></div><div class="product"><a href="https://www.amazon.com/dp/B002KJDXHQ?tag=eloabder-20&linkCode=osi&th=1&psc=1"><img src="https://m.media-amazon.com/images/I/511zMf+d1jL._SL500_.jpg" alt="Product Image"></a><p>Master Airbrush G233 Pro Set with 3 Nozzle Sets - Dual-Action Gravity Feed Airbrush with Cutaway Handle and How-To Guide</p><p> -20% 0FF </p><p>$39.99</p><a href="https://www.amazon.com/dp/B002KJDXHQ?tag=eloabder-20&linkCode=osi&th=1&psc=1">View Product</a></div><div class="product"><a href="https://www.amazon.com/dp/B0C9TL5YCS?tag=eloabder-20&linkCode=osi&th=1&psc=1"><img src="https://m.media-amazon.com/images/I/41SP-k5zrTL._SL500_.jpg" alt="Product Image"></a><p>Airbrush Kit with Compressor - 48PSI Rechargeable Cordless Non-Clogging High-Pressure Air Brush Set with 0.3mm Nozzle and Cleaning Brush Set for Nail Art, Makeup, Painting, Cake Decor</p><p> -25% 0FF </p><p>$29.99</p><a href="https://www.amazon.com/dp/B0C9TL5YCS?tag=eloabder-20&linkCode=osi&th=1&psc=1">View Product</a></div><div class="product"><a href="https://www.amazon.com/dp/B0D8KHCP94?tag=eloabder-20&linkCode=osi&th=1&psc=1"><img src="https://m.media-amazon.com/images/I/41Kr4UJcgYL._SL500_.jpg" alt="Product Image"></a><p>Airbrush Kit with Compressor - 48PSI High-Pressure, Non-Clogging Air Brush Set Cordless Rechargeable with 0.3mm Nozzle and Cleaning Brush for Nail Art, Makeup, Painting, and Cake Decorating</p><p> -17% 0FF </p><p>$29.99</p><a href="https://www.amazon.com/dp/B0D8KHCP94?tag=eloabder-20&linkCode=osi&th=1&psc=1">View Product</a></div><div class="product"><a href="https://www.amazon.com/dp/B0CPBK2RL8?tag=eloabder-20&linkCode=osi&th=1&psc=1"><img src="https://m.media-amazon.com/images/I/41dO63RKanL._SL500_.jpg" alt="Product Image"></a><p>Airbrush for Nails Cordless Portable Airbrush Kit with Compressor 30PSI High-Pressure Rechargeable Air Brush Spray Machine with 0.3mm Nozzle for Painting Makeup Model Barber Cookie Cake (Pink)</p><p> -20% 0FF </p><p>$31.99</p><a href="https://www.amazon.com/dp/B0CPBK2RL8?tag=eloabder-20&linkCode=osi&th=1&psc=1">View Product</a></div>
<div class="product"><a href="https://www.amazon.com/dp/B0CYLCF5JJ?tag=eloabder-20&linkCode=osi&th=1&psc=1"><img src="https://m.media-amazon.com/images/I/511e1hcb5sL._SL500_.jpg" alt="Product Image"></a><p>2772Pcs Alphabet Stickers 22 Sheets 1 Inches Alphabet Number Stickers Self Adhesive Sticker Vinyl Stickers,for Notebook, Labels,Scrapbooking Crafts，DIY Crafts Art Making(Black)</p><p> -50% 0FF </p><p>$4.99 ($0.00 / Count)</p><a href="https://www.amazon.com/dp/B0CYLCF5JJ?tag=eloabder-20&linkCode=osi&th=1&psc=1">View Product</a></div>
<div class="product"><a href="https://www.amazon.com/dp/B0C8CMBYC5?tag=eloabder-20&linkCode=osi&th=1&psc=1"><img src="https://m.media-amazon.com/images/I/61Hrv0JwdPL._SL500_.jpg" alt="Product Image"></a><p>HAPTIME 50 Pcs Mini Dinosaur Figures, Mini Resin Animals to Hide, Sensory Bin/Treasure Box Toys, Bulk Plastic Dinosaur Party Favors, Small Classroom Prizes, Tiny Figurines for Kids, Vase Filler</p><p> -29% 0FF </p><p>$9.99</p><a href="https://www.amazon.com/dp/B0C8CMBYC5?tag=eloabder-20&linkCode=osi&th=1&psc=1">View Product</a></div><div class="product"><a href="https://www.amazon.com/dp/B08R1CBG39?tag=eloabder-20&linkCode=osi&th=1&psc=1"><img src="https://m.media-amazon.com/images/I/414R+Abh3gL._SL500_.jpg" alt="Product Image"></a><p>Unfinished Wood Animal Ornament Blank Wood Rabbit Peg Doll Figure Cutout Table Statue Model Desktop Centerpiece for DIY Painting Home Office Decor</p><p> -47% 0FF </p><p>$4.99</p><a href="https://www.amazon.com/dp/B08R1CBG39?tag=eloabder-20&linkCode=osi&th=1&psc=1">View Product</a></div>
<div class="product"><a href="https://www.amazon.com/dp/B08L4Y3HF9?tag=eloabder-20&linkCode=osi&th=1&psc=1"><img src="https://m.media-amazon.com/images/I/61z57ge6bVL._SL500_.jpg" alt="Product Image"></a><p>Harsgs 60pcs Random Assorted Styles Embroidered Patches, Bright Vivid Colors, Sew On/Iron On Patch Applique for Clothes, Dress, Hat, Jeans, DIY Accessories</p><p> -19% 0FF </p><p>$12.99 ($0.22 / Count)</p><a href="https://www.amazon.com/dp/B08L4Y3HF9?tag=eloabder-20&linkCode=osi&th=1&psc=1">View Product</a></div><div class="product"><a href="https://www.amazon.com/dp/B0C9DFB69D?tag=eloabder-20&linkCode=osi&th=1&psc=1"><img src="https://m.media-amazon.com/images/I/417GE2p61GL._SL500_.jpg" alt="Product Image"></a><p>18" Large Sparkle Rhinestones and Sequin Red Snake Shaped Patches Applique Trim Ribbon for Outfit Pack of 3</p><p> -5% 0FF </p><p>$37.95 ($12.65 / Count)</p><a href="https://www.amazon.com/dp/B0C9DFB69D?tag=eloabder-20&linkCode=osi&th=1&psc=1">View Product</a></div><div class="product"><a href="https://www.amazon.com/dp/B08T9BM9D9?tag=eloabder-20&linkCode=osi&th=1&psc=1"><img src="https://m.media-amazon.com/images/I/61s3mTMJ5gL._SL500_.jpg" alt="Product Image"></a><p>AXEN 60PCS Embroidered Iron On Patches DIY Accessories, Random Assorted Decorative Patches, Cute Sewing Applique for Jackets, Hats, Backpacks, Jeans, 60 Pieces Package</p><p> -24% 0FF </p><p>$12.99 ($0.22 / Count)</p><a href="https://www.amazon.com/dp/B08T9BM9D9?tag=eloabder-20&linkCode=osi&th=1&psc=1">View Product</a></div><div class="product"><a href="https://www.amazon.com/dp/B0BYK2J6N7?tag=eloabder-20&linkCode=osi&th=1&psc=1"><img src="https://m.media-amazon.com/images/I/51tsuNDSHfL._SL500_.jpg" alt="Product Image"></a><p>Liveish 1 Pair of Handmade Gold Rhinestone Appliques, 26.5 * 18cm Gold Applique for Dress Wedding Apparel Accessories Patches.（Shop Name: Yuanbao Boutique 188)(Gold)</p><p> -20% 0FF </p><p>$15.98</p><a href="https://www.amazon.com/dp/B0BYK2J6N7?tag=eloabder-20&linkCode=osi&th=1&psc=1">View Product</a></div>
<div class="product"><a href="https://www.amazon.com/dp/B09KPNFJW1?tag=eloabder-20&linkCode=osi&th=1&psc=1"><img src="https://m.media-amazon.com/images/I/41abn5fELmL._SL500_.jpg" alt="Product Image"></a><p>UniPleased Disposable Aprons (50 Count), Plastic apron for Painting Party, Cooking, Housework, Picnic etc.</p><p> -25% 0FF </p><p>$5.99</p><a href="https://www.amazon.com/dp/B09KPNFJW1?tag=eloabder-20&linkCode=osi&th=1&psc=1">View Product</a></div><div class="product"><a href="https://www.amazon.com/dp/1906525358?tag=eloabder-20&linkCode=osi&th=1&psc=1"><img src="https://m.media-amazon.com/images/I/51WPPo6wrdL._SL500_.jpg" alt="Product Image"></a><p>The Perfect Apron: 35 fun and flirty designs for you to make</p><p> -69% 0FF </p><p>$6.09</p><a href="https://www.amazon.com/dp/1906525358?tag=eloabder-20&linkCode=osi&th=1&psc=1">View Product</a></div><div class="product"><a href="https://www.amazon.com/dp/B0C55Q43Y6?tag=eloabder-20&linkCode=osi&th=1&psc=1"><img src="https://m.media-amazon.com/images/I/31G2DxeG1tL._SL500_.jpg" alt="Product Image"></a><p>Portable Paint Tent for Spray Painting, Small Airbrush Pop-up Shelter Booth Station Complete with Storage Bag and 3 Disposable Aprons</p><p> -50% 0FF </p><p>$14.99</p><a href="https://www.amazon.com/dp/B0C55Q43Y6?tag=eloabder-20&linkCode=osi&th=1&psc=1">View Product</a></div><div class="product"><a href="https://www.amazon.com/dp/B095CWKPJF?tag=eloabder-20&linkCode=osi&th=1&psc=1"><img src="https://m.media-amazon.com/images/I/51STxqdMDaL._SL500_.jpg" alt="Product Image"></a><p>Simplicity Misses' Wraparound Apron Packet, Code 9312 Sewing Pattern, Sizes XS-XL, White</p><p> -10% 0FF </p><p>$9.99</p><a href="https://www.amazon.com/dp/B095CWKPJF?tag=eloabder-20&linkCode=osi&th=1&psc=1">View Product</a></div><div class="product"><a href="https://www.amazon.com/dp/B01DQ33ILK?tag=eloabder-20&linkCode=osi&th=1&psc=1"><img src="https://m.media-amazon.com/images/I/51RToxvaLBL._SL500_.jpg" alt="Product Image"></a><p>Simplicity Vintage Simplicity 8152 1970's Fashion Vintage Apron Sewing Pattern, XS-L</p><p> -10% 0FF </p><p>$8.91</p><a href="https://www.amazon.com/dp/B01DQ33ILK?tag=eloabder-20&linkCode=osi&th=1&psc=1">View Product</a></div>
<div class="product"><a href="https://www.amazon.com/dp/B085F4JH1H?tag=eloabder-20&linkCode=osi&th=1&psc=1"><img src="https://m.media-amazon.com/images/I/41l7Efp7ILL._SL500_.jpg" alt="Product Image"></a><p>KEFF 24-Pack Bulk Canvas for Painting, 6 of 5x7, 8x10, 9x12, 11x14 Canvas Boards for Painting, Art Supplies for Adults & Kids - 100% Cotton Primed Painting Canvas for Acrylic, Oil, Watercolor, Tempera</p><p> -50% 0FF </p><p>$24.99</p><a href="https://www.amazon.com/dp/B085F4JH1H?tag=eloabder-20&linkCode=osi&th=1&psc=1">View Product</a></div><div class="product"><a href="https://www.amazon.com/dp/B07S29YTCG?tag=eloabder-20&linkCode=osi&th=1&psc=1"><img src="https://m.media-amazon.com/images/I/51X58r5V-5L._SL500_.jpg" alt="Product Image"></a><p>FIXSMITH Stretched White Blank Canvas - 11x14 Inch, 8 Pack, Primed,100% Cotton,5/8 Inch Profile of Super Value Pack for Acrylics,Oils & Other Painting Media</p><p> -17% 0FF </p><p>$24.99</p><a href="https://www.amazon.com/dp/B07S29YTCG?tag=eloabder-20&linkCode=osi&th=1&psc=1">View Product</a></div><div class="product"><a href="https://www.amazon.com/dp/B09CDKB9HY?tag=eloabder-20&linkCode=osi&th=1&psc=1"><img src="https://m.media-amazon.com/images/I/51+p5xnClGL._SL500_.jpg" alt="Product Image"></a><p>DPDIAN Canvas Boards for Painting 40 Pack, 8 inch x 10 inch Super Value Pack, Artist Canvas Panels for Oil & Acrylic Painting</p><p> -38% 0FF </p><p>$23.99</p><a href="https://www.amazon.com/dp/B09CDKB9HY?tag=eloabder-20&linkCode=osi&th=1&psc=1">View Product</a></div><div class="product"><a href="https://www.amazon.com/dp/B0BJZYCQV3?tag=eloabder-20&linkCode=osi&th=1&psc=1"><img src="https://m.media-amazon.com/images/I/41dS7xm9bKL._SL500_.jpg" alt="Product Image"></a><p>Simetufy Canvas Boards for Painting 12 Pack,8 x 10 Inch Painting Canvas Panels, Blank Canvas for Painting- Gesso Primed Acid-Free 100% Cotton for Acrylics Oil Watercolor Tempera Paints</p><p> -10% 0FF </p><p>$11.69</p><a href="https://www.amazon.com/dp/B0BJZYCQV3?tag=eloabder-20&linkCode=osi&th=1&psc=1">View Product</a></div><div class="product"><a href="https://www.amazon.com/dp/B087M21MM2?tag=eloabder-20&linkCode=osi&th=1&psc=1"><img src="https://m.media-amazon.com/images/I/41Xf-jehhLL._SL500_.jpg" alt="Product Image"></a><p>GOTIDEAL Stretched Canvas, Multi Pack 4x4, 5x7, 8x10,9x12, 11x14 Set of 10, Primed White - 100% Cotton Artist Canvas Boards for Painting, Acrylic Pouring, Oil Paint Dry & Wet Art Media</p><p> -28% 0FF </p><p>$22.99</p><a href="https://www.amazon.com/dp/B087M21MM2?tag=eloabder-20&linkCode=osi&th=1&psc=1">View Product</a></div><div class="product"><a href="https://www.amazon.com/dp/B09637DLSL?tag=eloabder-20&linkCode=osi&th=1&psc=1"><img src="https://m.media-amazon.com/images/I/511AdjCtVeL._SL500_.jpg" alt="Product Image"></a><p>Artkey Canvases for Painting 8x10 Inch 12-Pack, 10 oz Primed 100% Cotton White Blank Canvas Boards for Painting, Art Supplies Paint Canvas Panels for Acrylic Oil Watercolor Tempera Paints</p><p> -29% 0FF </p><p>$11.99</p><a href="https://www.amazon.com/dp/B09637DLSL?tag=eloabder-20&linkCode=osi&th=1&psc=1">View Product</a></div><div class="product"><a href="https://www.amazon.com/dp/B0CFBGP29G?tag=eloabder-20&linkCode=osi&th=1&psc=1"><img src="https://m.media-amazon.com/images/I/3147Az5plbL._SL500_.jpg" alt="Product Image"></a><p>ArtSkills Stretched Canvases for Painting, 12x16 Canvas Painting Supplies for Artists, Blank Canvas Pack, 2-Pack</p><p> -15% 0FF </p><p>$16.99</p><a href="https://www.amazon.com/dp/B0CFBGP29G?tag=eloabder-20&linkCode=osi&th=1&psc=1">View Product</a></div>
<div class="product"><a href="https://www.amazon.com/dp/B09CKXJFL1?tag=eloabder-20&linkCode=osi&th=1&psc=1"><img src="https://m.media-amazon.com/images/I/41bo99og2jL._SL500_.jpg" alt="Product Image"></a><p>RRFTOK Artist Easel Stand,Metal Tripod Adjustable Easel for Painting Canvases Height from 17 to 66 Inch,Carry Bag for Table-Top/Floor Drawing and Didplaying</p><p> -23% 0FF </p><p>$18.39</p><a href="https://www.amazon.com/dp/B09CKXJFL1?tag=eloabder-20&linkCode=osi&th=1&psc=1">View Product</a></div><div class="product"><a href="https://www.amazon.com/dp/B0BXS3NLZ3?tag=eloabder-20&linkCode=osi&th=1&psc=1"><img src="https://m.media-amazon.com/images/I/41QEnAIRAvL._SL500_.jpg" alt="Product Image"></a><p>Art Painting Display Easel Stand - Portable Adjustable Aluminum Metal Tripod Artist Easel with Bag, Height from 17" to 66", Extra Sturdy for Table-Top/Floor Painting, Drawing, and Displaying, Black</p><p> -37% 0FF </p><p>$18.39</p><a href="https://www.amazon.com/dp/B0BXS3NLZ3?tag=eloabder-20&linkCode=osi&th=1&psc=1">View Product</a></div><div class="product"><a href="https://www.amazon.com/dp/B07R5RHWVT?tag=eloabder-20&linkCode=osi&th=1&psc=1"><img src="https://m.media-amazon.com/images/I/41qUmoFSMiL._SL500_.jpg" alt="Product Image"></a><p>MEEDEN Versatile Studio H-Frame Easel - All Media Adjustable Beech Wood Studio Easel, Painting Floor Easel Stand, Movable and Tilting Flat Available, Holds Canvas Art up to 77"</p><p> -11% 0FF </p><p>$159.95</p><a href="https://www.amazon.com/dp/B07R5RHWVT?tag=eloabder-20&linkCode=osi&th=1&psc=1">View Product</a></div><div class="product"><a href="https://www.amazon.com/dp/B09KYHGKSB?tag=eloabder-20&linkCode=osi&th=1&psc=1"><img src="https://m.media-amazon.com/images/I/51yxWaZJsCL._SL500_.jpg" alt="Product Image"></a><p>Best Choice Products French Easel, 32pc Beginners Kit Portable Wooden Folding Adjustable Sketch Box Artist Tripod for Painting, Drawing w/Acrylic Paints, Brushes, Canvases, Palettes - Blue</p><p> -18% 0FF </p><p>$89.99</p><a href="https://www.amazon.com/dp/B09KYHGKSB?tag=eloabder-20&linkCode=osi&th=1&psc=1">View Product</a></div><div class="product"><a href="https://www.amazon.com/dp/B09TSQNQH9?tag=eloabder-20&linkCode=osi&th=1&psc=1"><img src="https://m.media-amazon.com/images/I/414Lw12-jXL._SL500_.jpg" alt="Product Image"></a><p>Easel Stand for Display, Aredy 63" Portable Painting Easel, Lightweight Metal Easels for Painting Canvas, Wedding Sign (2 pack)</p><p> -15% 0FF </p><p>$22.39</p><a href="https://www.amazon.com/dp/B09TSQNQH9?tag=eloabder-20&linkCode=osi&th=1&psc=1">View Product</a></div><div class="product"><a href="https://www.amazon.com/dp/B082HCKMP5?tag=eloabder-20&linkCode=osi&th=1&psc=1"><img src="https://m.media-amazon.com/images/I/41TKUQFyeaL._SL500_.jpg" alt="Product Image"></a><p>Premium Sketchbox Desktop Art Easel, Tabletop, Wooden for Painting, Student, Artist, Beginner</p><p> -11% 0FF </p><p>$32.88</p><a href="https://www.amazon.com/dp/B082HCKMP5?tag=eloabder-20&linkCode=osi&th=1&psc=1">View Product</a></div>
<div class="product"><a href="https://www.amazon.com/dp/B074W56CQ4?tag=eloabder-20&linkCode=osi&th=1&psc=1"><img src="https://m.media-amazon.com/images/I/41LkUciLZOL._SL500_.jpg" alt="Product Image"></a><p>Hulameda Paint Tray Palettes, Plastic Paint Pallets for Kids or Students to Paints on School Project or Art Class-12pcs</p><p> -13% 0FF </p><p>$6.99 ($0.58 / Count)</p><a href="https://www.amazon.com/dp/B074W56CQ4?tag=eloabder-20&linkCode=osi&th=1&psc=1">View Product</a></div><div class="product"><a href="https://www.amazon.com/dp/B0BWM34CR6?tag=eloabder-20&linkCode=osi&th=1&psc=1"><img src="https://m.media-amazon.com/images/I/31jHvJEw98L._SL500_.jpg" alt="Product Image"></a><p>Tamaki Acrylic Paint Palette Paint Pallet Clear Paint Tray Palette, Easy Clean Non-Stick Artist Pallet for Oil Watercolor Craft DIY Art Painting Palette, 2 PCS</p><p> -14% 0FF </p><p>$5.99</p><a href="https://www.amazon.com/dp/B0BWM34CR6?tag=eloabder-20&linkCode=osi&th=1&psc=1">View Product</a></div><div class="product"><a href="https://www.amazon.com/dp/B0B9R91Z2P?tag=eloabder-20&linkCode=osi&th=1&psc=1"><img src="https://m.media-amazon.com/images/I/310IAmNkqoL._SL500_.jpg" alt="Product Image"></a><p>Tamaki 2 Pack 11.8 x 7.9 Inch Acrylic Paint Palette with Thumb Hole Clear Paint Pallet, Easy Clean Non-Stick Artist Pallet for Oil Watercolor Craft DIY Art Painting Palette</p><p> -14% 0FF </p><p>$5.99</p><a href="https://www.amazon.com/dp/B0B9R91Z2P?tag=eloabder-20&linkCode=osi&th=1&psc=1">View Product</a></div><div class="product"><a href="https://www.amazon.com/dp/B09XCF523Q?tag=eloabder-20&linkCode=osi&th=1&psc=1"><img src="https://m.media-amazon.com/images/I/21C+8UGsBRL._SL500_.jpg" alt="Product Image"></a><p>Sweaty Pony 20 Well Watercolor Paint Tray Palette Pallet Acrylic Painting Mixing Plastic Artist Large Square Palette, 13 x 10 Inches, White, 1PCS</p><p> -25% 0FF </p><p>$5.99</p><a href="https://www.amazon.com/dp/B09XCF523Q?tag=eloabder-20&linkCode=osi&th=1&psc=1">View Product</a></div>
<div class="product"><a href="https://www.amazon.com/dp/B08TLK1ZSV?tag=eloabder-20&linkCode=osi&th=1&psc=1"><img src="https://m.media-amazon.com/images/I/51sM-NS8tJL._SL500_.jpg" alt="Product Image"></a><p>9 x 12 inches Sketch Book, Top Spiral Bound Sketch Pad, 1 Pack 100-Sheets (68lb/100gsm), Acid Free Art Sketchbook Artistic Drawing Painting Writing Paper for Kids Adults Beginners Artists</p><p> -50% 0FF </p><p>$8.99 ($0.09 / Count)</p><a href="https://www.amazon.com/dp/B08TLK1ZSV?tag=eloabder-20&linkCode=osi&th=1&psc=1">View Product</a></div><div class="product"><a href="https://www.amazon.com/dp/B0D5R7JRKZ?tag=eloabder-20&linkCode=osi&th=1&psc=1"><img src="https://m.media-amazon.com/images/I/41ip9gU5DFL._SL500_.jpg" alt="Product Image"></a><p>Hapikalor Watercolor Paper Pad, 9"x12" Water Color Paper, 140lb/300gsm Artist Painting Drawing Paper Book, Art Supplies for Adults Kids, Watercolors, Watercolor Paint Set, Sketchbook, Journal, Teal</p><p> -20% 0FF </p><p>$7.99</p><a href="https://www.amazon.com/dp/B0D5R7JRKZ?tag=eloabder-20&linkCode=osi&th=1&psc=1">View Product</a></div><div class="product"><a href="https://www.amazon.com/dp/B0027A75A4?tag=eloabder-20&linkCode=osi&th=1&psc=1"><img src="https://m.media-amazon.com/images/I/51dyOxxcgYL._SL500_.jpg" alt="Product Image"></a><p>Strathmore 200 Series Sketch Pad, 9x12 inch, 100 Sheets, Tape Bound - Artist Sketchbook for Drawing, Illustration, Art Class Students</p><p> -28% 0FF </p><p>$6.25 ($0.06 / Count)</p><a href="https://www.amazon.com/dp/B0027A75A4?tag=eloabder-20&linkCode=osi&th=1&psc=1">View Product</a></div><div class="product"><a href="https://www.amazon.com/dp/B0027ACP0O?tag=eloabder-20&linkCode=osi&th=1&psc=1"><img src="https://m.media-amazon.com/images/I/517YAKefnpL._SL500_.jpg" alt="Product Image"></a><p>Strathmore 300 Series Bristol Paper Pad, Smooth, Tape Bound, 11x14 inches, 20 Sheets (100lb/270g) - Artist Paper for Adults and Students - Markers, Pen and Ink</p><p> -58% 0FF </p><p>$7.49 ($0.37 / Count)</p><a href="https://www.amazon.com/dp/B0027ACP0O?tag=eloabder-20&linkCode=osi&th=1&psc=1">View Product</a></div><div class="product"><a href="https://www.amazon.com/dp/B09FYY48MN?tag=eloabder-20&linkCode=osi&th=1&psc=1"><img src="https://m.media-amazon.com/images/I/41Oe-iH-rSL._SL500_.jpg" alt="Product Image"></a><p>9" x 12" Sketch Book, Hardcover Sketchbook, Top Spiral Bound Sketch Pad, 100 Sheets (68lb/100gsm) Drawing Paper Pad, Art Supplies for Adults for Kids Drawing Notebook.</p><p> -17% 0FF </p><p>$9.59</p><a href="https://www.amazon.com/dp/B09FYY48MN?tag=eloabder-20&linkCode=osi&th=1&psc=1">View Product</a></div><div class="product"><a href="https://www.amazon.com/dp/B004M59O4C?tag=eloabder-20&linkCode=osi&th=1&psc=1"><img src="https://m.media-amazon.com/images/I/51u-bSUsNEL._SL500_.jpg" alt="Product Image"></a><p>Canson XL Series Watercolor Pad, Heavyweight White Paper, Foldover Binding, 30 Sheets, 9x12 inch</p><p> -46% 0FF </p><p>$12.40</p><a href="https://www.amazon.com/dp/B004M59O4C?tag=eloabder-20&linkCode=osi&th=1&psc=1">View Product</a></div>
<div class="product"><a href="https://www.amazon.com/dp/B08ZMH7LJY?tag=eloabder-20&linkCode=osi&th=1&psc=1"><img src="https://m.media-amazon.com/images/I/51mJIsLJA-S._SL500_.jpg" alt="Product Image"></a><p>PANDAFLY Professional Drawing Sketching Pencil Set - 12 Pieces Graphite Pencils(14B - 2H), Ideal for Drawing Art, Sketching, Shading, Artist Pencils for Beginners & Pro Artists</p><p> -33% 0FF </p><p>$5.99</p><a href="https://www.amazon.com/dp/B08ZMH7LJY?tag=eloabder-20&linkCode=osi&th=1&psc=1">View Product</a></div><div class="product"><a href="https://www.amazon.com/dp/B088K1G5NL?tag=eloabder-20&linkCode=osi&th=1&psc=1"><img src="https://m.media-amazon.com/images/I/51F2bOMZWnL._SL500_.jpg" alt="Product Image"></a><p>MARKART Professional Drawing Sketching Pencil Set - 14 Pieces,Graphite,(12B - 4H), Ideal for Drawing Art, Sketching, Shading, Artist Pencils for Beginners & Pro Artists</p><p> -46% 0FF </p><p>$6.99</p><a href="https://www.amazon.com/dp/B088K1G5NL?tag=eloabder-20&linkCode=osi&th=1&psc=1">View Product</a></div><div class="product"><a href="https://www.amazon.com/dp/B01N09ZDEI?tag=eloabder-20&linkCode=osi&th=1&psc=1"><img src="https://m.media-amazon.com/images/I/51awfumPEiL._SL500_.jpg" alt="Product Image"></a><p>Soucolor 72-Color Colored Pencils for Adult Coloring Books, Back to School Supplies, Soft Core Artist Sketching Drawing Pencils Drawing Supplies, Art Supplies Kit for Adults Kids, Coloring Pencils Set</p><p> -40% 0FF </p><p>$11.98</p><a href="https://www.amazon.com/dp/B01N09ZDEI?tag=eloabder-20&linkCode=osi&th=1&psc=1">View Product</a></div><div class="product"><a href="https://www.amazon.com/dp/B092M2FXB8?tag=eloabder-20&linkCode=osi&th=1&psc=1"><img src="https://m.media-amazon.com/images/I/51vZNdWo7nS._SL500_.jpg" alt="Product Image"></a><p>Prina 50 Pack Drawing Set Sketch Kit, Sketching Supplies with 3-Color Sketchbook, Graphite, and Charcoal Pencils, Pro Art Drawing Kit for Artists Adults Teens Beginner Kid, Ideal for Shading, Blending</p><p> -45% 0FF </p><p>$16.99</p><a href="https://www.amazon.com/dp/B092M2FXB8?tag=eloabder-20&linkCode=osi&th=1&psc=1">View Product</a></div><div class="product"><a href="https://www.amazon.com/dp/B07FML92JL?tag=eloabder-20&linkCode=osi&th=1&psc=1"><img src="https://m.media-amazon.com/images/I/41VVsR9JR9L._SL500_.jpg" alt="Product Image"></a><p>Winsor & Newton Studio Collection Artist Pencils, Sketching Pencils, Set of 10</p><p> -14% 0FF </p><p>$14.99</p><a href="https://www.amazon.com/dp/B07FML92JL?tag=eloabder-20&linkCode=osi&th=1&psc=1">View Product</a></div><div class="product"><a href="https://www.amazon.com/dp/B0D254P2NW?tag=eloabder-20&linkCode=osi&th=1&psc=1"><img src="https://m.media-amazon.com/images/I/51JrXvaxmUL._SL500_.jpg" alt="Product Image"></a><p>PANDAFLY Drawing Sketching Pencil Set, 42 Pack Pro Art Pencil Kit with Graphite Pencils (14B-4H), Charcoal Pencil, Ideal for Shading, Blending, Drawing Set for Beginners & Pro Artists</p><p> -50% 0FF </p><p>$7.99</p><a href="https://www.amazon.com/dp/B0D254P2NW?tag=eloabder-20&linkCode=osi&th=1&psc=1">View Product</a></div><div class="product"><a href="https://www.amazon.com/dp/B000I5MNC0?tag=eloabder-20&linkCode=osi&th=1&psc=1"><img src="https://m.media-amazon.com/images/I/41x3fiMbbxL._SL500_.jpg" alt="Product Image"></a><p>Faber-Castell 9000 Graphite Sketch Pencil Sets Art 8B - 2H set of 12</p><p> -23% 0FF </p><p>$16.86</p><a href="https://www.amazon.com/dp/B000I5MNC0?tag=eloabder-20&linkCode=osi&th=1&psc=1">View Product</a></div><div class="product"><a href="https://www.amazon.com/dp/B0716W4HT2?tag=eloabder-20&linkCode=osi&th=1&psc=1"><img src="https://m.media-amazon.com/images/I/413mbXo1tfL._SL500_.jpg" alt="Product Image"></a><p>Oil Pastel Pencils for Artists 48 ct - Oil Based Colored Pencils - Drawing, Sketching and Adult Coloring - Soft Core Art Coloring Pencils Set with Skin Tone</p><p> -35% 0FF </p><p>$17.49</p><a href="https://www.amazon.com/dp/B0716W4HT2?tag=eloabder-20&linkCode=osi&th=1&psc=1">View Product</a></div>
<div class="product"><a href="https://www.amazon.com/dp/B0778WXGC2?tag=eloabder-20&linkCode=osi&th=1&psc=1"><img src="https://m.media-amazon.com/images/I/612XF1pkfEL._SL500_.jpg" alt="Product Image"></a><p>Folkwear English Smock #221 Farmer Shirt Artist Blouse Traditional Old England Sewing Pattern (Pattern Only) folkwear221</p><p> -17% 0FF </p><p>$16.95</p><a href="https://www.amazon.com/dp/B0778WXGC2?tag=eloabder-20&linkCode=osi&th=1&psc=1">View Product</a></div>
<div class="product"><a href="https://www.amazon.com/dp/B0987JPQ74?tag=eloabder-20&linkCode=osi&th=1&psc=1"><img src="https://m.media-amazon.com/images/I/51T06yxPRCL._SL500_.jpg" alt="Product Image"></a><p>DIYSELF 16-Piece Craft Knife Set, Exacto Knife Set, 3-Piece Hobby Knife with 10-Piece Exacto Knife Blades, Precision Art Knife for Pumpkin Carving, Modeling, Exactly Knife, Pumpkin Carving Tools</p><p> -10% 0FF </p><p>$8.99</p><a href="https://www.amazon.com/dp/B0987JPQ74?tag=eloabder-20&linkCode=osi&th=1&psc=1">View Product</a></div><div class="product"><a href="https://www.amazon.com/dp/B0BV5S193T?tag=eloabder-20&linkCode=osi&th=1&psc=1"><img src="https://m.media-amazon.com/images/I/41K5HSjhJVL._SL500_.jpg" alt="Product Image"></a><p>5 Piece Palette knifes Painting Knife Set for Oil, Acrylic Paint,Cake Decorating,Stainless Steel Pallet Knife Paint Knife Art Spatula for Various Types of Painting,ColorMixing,Smearing</p><p> -17% 0FF </p><p>$4.99</p><a href="https://www.amazon.com/dp/B0BV5S193T?tag=eloabder-20&linkCode=osi&th=1&psc=1">View Product</a></div><div class="product"><a href="https://www.amazon.com/dp/B0851M3749?tag=eloabder-20&linkCode=osi&th=1&psc=1"><img src="https://m.media-amazon.com/images/I/41KKSGSDl5L._SL500_.jpg" alt="Product Image"></a><p>N NOROCME 12 PCS Blending Stumps and Tortillions Paper Art Blenders with Sandpaper Pencil Sharpener Pointer for Student Artist Charcoal Sketch Drawing Tools</p><p> -55% 0FF </p><p>$4.99</p><a href="https://www.amazon.com/dp/B0851M3749?tag=eloabder-20&linkCode=osi&th=1&psc=1">View Product</a></div>
<div class="product"><a href="https://www.amazon.com/dp/B017T977MI?tag=eloabder-20&linkCode=osi&th=1&psc=1"><img src="https://m.media-amazon.com/images/I/418eKRiCmHL._SL500_.jpg" alt="Product Image"></a><p>Lion Brand 24/7 Cotton Yarn, Lightweight Yarn for Knitting, Crocheting, and Crafts, Sky, 1 Pack</p><p> -29% 0FF </p><p>$4.87 ($0.01 / Foot)</p><a href="https://www.amazon.com/dp/B017T977MI?tag=eloabder-20&linkCode=osi&th=1&psc=1">View Product</a></div><div class="product"><a href="https://www.amazon.com/dp/B001EWBLYC?tag=eloabder-20&linkCode=osi&th=1&psc=1"><img src="https://m.media-amazon.com/images/I/51CsW4tWtWL._SL500_.jpg" alt="Product Image"></a><p>RED HEART Soft Baby Steps Yarn, Baby Blue</p><p> -27% 0FF </p><p>$6.54 ($0.01 / Foot)</p><a href="https://www.amazon.com/dp/B001EWBLYC?tag=eloabder-20&linkCode=osi&th=1&psc=1">View Product</a></div><div class="product"><a href="https://www.amazon.com/dp/B09WJG6BYH?tag=eloabder-20&linkCode=osi&th=1&psc=1"><img src="https://m.media-amazon.com/images/I/51J3kWAkcML._SL500_.jpg" alt="Product Image"></a><p>Bernat Baby Blanket Lovely Blue Yarn - 2 Pack of 300g/10.5oz - Polyester - 6 Super Bulky - 220 Yards - Knitting/Crochet</p><p> -12% 0FF </p><p>$22.78</p><a href="https://www.amazon.com/dp/B09WJG6BYH?tag=eloabder-20&linkCode=osi&th=1&psc=1">View Product</a></div><div class="product"><a href="https://www.amazon.com/dp/B079PB452K?tag=eloabder-20&linkCode=osi&th=1&psc=1"><img src="https://m.media-amazon.com/images/I/41uh2hj6jTL._SL500_.jpg" alt="Product Image"></a><p>Lion Brand Yarn Feels Like Butta Soft Yarn for Crocheting and Knitting, Velvety, 1-Pack, Dusty Blue</p><p> -38% 0FF </p><p>$3.99 ($0.01 / Foot)</p><a href="https://www.amazon.com/dp/B079PB452K?tag=eloabder-20&linkCode=osi&th=1&psc=1">View Product</a></div><div class="product"><a href="https://www.amazon.com/dp/B003D7O1UC?tag=eloabder-20&linkCode=osi&th=1&psc=1"><img src="https://m.media-amazon.com/images/I/413-j-cJxPL._SL500_.jpg" alt="Product Image"></a><p>Lion Brand Yarn (1 Skein) Vanna's Choice Yarn, Dusty Blue</p><p> -20% 0FF </p><p>$3.99 ($0.01 / Foot)</p><a href="https://www.amazon.com/dp/B003D7O1UC?tag=eloabder-20&linkCode=osi&th=1&psc=1">View Product</a></div><div class="product"><a href="https://www.amazon.com/dp/B08JTYHC8B?tag=eloabder-20&linkCode=osi&th=1&psc=1"><img src="https://m.media-amazon.com/images/I/416LqlC3EXL._SL500_.jpg" alt="Product Image"></a><p>Alize Diva Silky Effect 100% Microfiber Acrylic Yarn 1 Ball skeins 100gr 383yds Color (346 - Sky Blue)</p><p> -16% 0FF </p><p>$5.49 ($0.00 / Foot)</p><a href="https://www.amazon.com/dp/B08JTYHC8B?tag=eloabder-20&linkCode=osi&th=1&psc=1">View Product</a></div>
<div class="product"><a href="https://www.amazon.com/dp/B0B2WMHCS2?tag=eloabder-20&linkCode=osi&th=1&psc=1"><img src="https://m.media-amazon.com/images/I/51HdKWtmsqL._SL500_.jpg" alt="Product Image"></a><p>Quill Pen Vintage Feather Calligraphy Pen Refined Quill Ballpoint for Writing Signature or Gift Wedding Bridal (Black)</p><p> -10% 0FF </p><p>$4.30</p><a href="https://www.amazon.com/dp/B0B2WMHCS2?tag=eloabder-20&linkCode=osi&th=1&psc=1">View Product</a></div><div class="product"><a href="https://www.amazon.com/dp/B084LMTR6J?tag=eloabder-20&linkCode=osi&th=1&psc=1"><img src="https://m.media-amazon.com/images/I/31v-ETvx49L._SL500_.jpg" alt="Product Image"></a><p>Cricut Joy Extra Fine Point Pens 0.3mm, 3 Count, Black</p><p> -66% 0FF </p><p>$2.69 ($0.90 / Count)</p><a href="https://www.amazon.com/dp/B084LMTR6J?tag=eloabder-20&linkCode=osi&th=1&psc=1">View Product</a></div><div class="product"><a href="https://www.amazon.com/dp/B0CQF3BJ3S?tag=eloabder-20&linkCode=osi&th=1&psc=1"><img src="https://m.media-amazon.com/images/I/41gs6AOiP6L._SL500_.jpg" alt="Product Image"></a><p>3 in 1 Retractable Ballpoint Pen with Light and Stylus, Nice Pens for Journaling Writing in The Dark - White/Red Light Tip- 0.7mm Black Ink</p><p> -13% 0FF </p><p>$12.99</p><a href="https://www.amazon.com/dp/B0CQF3BJ3S?tag=eloabder-20&linkCode=osi&th=1&psc=1">View Product</a></div><div class="product"><a href="https://www.amazon.com/dp/B097MJBPQ4?tag=eloabder-20&linkCode=osi&th=1&psc=1"><img src="https://m.media-amazon.com/images/I/41vwBosmAUL._SL500_.jpg" alt="Product Image"></a><p>JANYUN 3 Pieces Pen Shape Resin Mold Ballpoint Pen Silicone Molds Epoxy Resin Molds Resin Casting Molds with 75 Pieces Ballpoint Refill Pens for DIY Resin Crafts Making (Black Blue)</p><p> -12% 0FF </p><p>$7.95 ($2.65 / Count)</p><a href="https://www.amazon.com/dp/B097MJBPQ4?tag=eloabder-20&linkCode=osi&th=1&psc=1">View Product</a></div><div class="product"><a href="https://www.amazon.com/dp/B0D8GL3RLX?tag=eloabder-20&linkCode=osi&th=1&psc=1"><img src="https://m.media-amazon.com/images/I/41pLKPe4lfL._SL500_.jpg" alt="Product Image"></a><p>MARTCOLOR Gold Silver White Gel Pens, 1mm Fine Point Gel Ink Pen Opaque Archival Ink Pens for Black Paper Drawing, Sketching, Illustration, Card Making, Bullet Journaling, 3 Pack</p><p> -14% 0FF </p><p>$5.99</p><a href="https://www.amazon.com/dp/B0D8GL3RLX?tag=eloabder-20&linkCode=osi&th=1&psc=1">View Product</a></div>
<div class="product"><a href="https://www.amazon.com/dp/B09G2979JS?tag=eloabder-20&linkCode=osi&th=1&psc=1"><img src="https://m.media-amazon.com/images/I/61NISgl9z4L._SL500_.jpg" alt="Product Image"></a><p>Gionlion 6000 Clay Beads Bracelet Making Kit, 24 Colors Flat Preppy Beads for Friendship Bracelets, Polymer Clay Beads with Charms for Jewelry Making, Crafts Gifts for Girls Ages 6-12</p><p> -70% 0FF </p><p>$8.99 ($0.00 / Count)</p><a href="https://www.amazon.com/dp/B09G2979JS?tag=eloabder-20&linkCode=osi&th=1&psc=1">View Product</a></div><div class="product"><a href="https://www.amazon.com/dp/B0CQJDDSN7?tag=eloabder-20&linkCode=osi&th=1&psc=1"><img src="https://m.media-amazon.com/images/I/61Un7cTgOyL._SL500_.jpg" alt="Product Image"></a><p>LIS HEGENSA 24 Color Pony Beads Bulk 1000 Pcs,Kandi Beads for Necklace Jewelry Making Earring Hair Braiding,Bracelets Making Kits,Hair Bead,Bracelet Beads,Plastic Beads for Crafts Braids Girls</p><p> -30% 0FF </p><p>$6.99</p><a href="https://www.amazon.com/dp/B0CQJDDSN7?tag=eloabder-20&linkCode=osi&th=1&psc=1">View Product</a></div><div class="product"><a href="https://www.amazon.com/dp/B0C6D7DCV9?tag=eloabder-20&linkCode=osi&th=1&psc=1"><img src="https://m.media-amazon.com/images/I/51Y7WgErJ4L._SL500_.jpg" alt="Product Image"></a><p>shynek 1400 Pieces 6mm Round Glass Beads for Jewelry Making, 28 Colors Crystal Beads for Bracelets Jewelry Making and DIY Crafts(Solid Color)</p><p> -44% 0FF </p><p>$13.99 ($0.01 / Count)</p><a href="https://www.amazon.com/dp/B0C6D7DCV9?tag=eloabder-20&linkCode=osi&th=1&psc=1">View Product</a></div><div class="product"><a href="https://www.amazon.com/dp/B0CF1BD1C4?tag=eloabder-20&linkCode=osi&th=1&psc=1"><img src="https://m.media-amazon.com/images/I/511uBv47XkL._SL500_.jpg" alt="Product Image"></a><p>SUTOUG 1000PCS Colourful Letter Beads for Threading, 4 x 7 MM, A-Z White Letter Beads and Colourful Heart Beads, Acrylic Round Beads for Jewellery DIY Making Crafts Bracelets Necklaces Ornaments-Gold</p><p> -13% 0FF </p><p>$5.99 ($1.21 / Ounce)</p><a href="https://www.amazon.com/dp/B0CF1BD1C4?tag=eloabder-20&linkCode=osi&th=1&psc=1">View Product</a></div><div class="product"><a href="https://www.amazon.com/dp/B0C5JBWBXB?tag=eloabder-20&linkCode=osi&th=1&psc=1"><img src="https://m.media-amazon.com/images/I/616c37RFkJL._SL500_.jpg" alt="Product Image"></a><p>Redtwo 3400pcs 4mm Glass Seed Beads for Jewelry Bracelet Making Kit, Small Beads Friendship Bracelet Kit, Tiny Waist Beads Kit with Letter Beads and Elastic String, DIY Art Craft Girls Gifts.</p><p> -22% 0FF </p><p>$6.99</p><a href="https://www.amazon.com/dp/B0C5JBWBXB?tag=eloabder-20&linkCode=osi&th=1&psc=1">View Product</a></div><div class="product"><a href="https://www.amazon.com/dp/B007QNXBR8?tag=eloabder-20&linkCode=osi&th=1&psc=1"><img src="https://m.media-amazon.com/images/I/51AU4aa67CL._SL500_.jpg" alt="Product Image"></a><p>Beadery B6262 The Sparkles Pony Bead Box - approximately 2300 beads</p><p> -44% 0FF </p><p>$12.97 ($0.01 / Count)</p><a href="https://www.amazon.com/dp/B007QNXBR8?tag=eloabder-20&linkCode=osi&th=1&psc=1">View Product</a></div>
<div class="product"><a href="https://www.amazon.com/dp/B07BNF8KH5?tag=eloabder-20&linkCode=osi&th=1&psc=1"><img src="https://m.media-amazon.com/images/I/51jVByheyVL._SL500_.jpg" alt="Product Image"></a><p>PH PandaHall 100 Yards 1mm Waxed Cotton Cord Thread Beading String for Bracelet Necklace Making Crafting Beading Macrame Vase Decor, Burlywood</p><p> -41% 0FF </p><p>$7.19 ($0.02 / Foot)</p><a href="https://www.amazon.com/dp/B07BNF8KH5?tag=eloabder-20&linkCode=osi&th=1&psc=1">View Product</a></div><div class="product"><a href="https://www.amazon.com/dp/B08F49YVQP?tag=eloabder-20&linkCode=osi&th=1&psc=1"><img src="https://m.media-amazon.com/images/I/41yCMIpj0rS._SL500_.jpg" alt="Product Image"></a><p>1mm Stretchy Bracelet String, Sturdy Rainbow Elastic String Elastic Cord for Jewelry Making, Necklaces, Beading and Crafts</p><p> -36% 0FF </p><p>$6.99 ($0.04 / Foot)</p><a href="https://www.amazon.com/dp/B08F49YVQP?tag=eloabder-20&linkCode=osi&th=1&psc=1">View Product</a></div><div class="product"><a href="https://www.amazon.com/dp/B0BZYSBG2N?tag=eloabder-20&linkCode=osi&th=1&psc=1"><img src="https://m.media-amazon.com/images/I/51apPSltd9L._SL500_.jpg" alt="Product Image"></a><p>Nylon String for Bracelets, 25 Colors 1125 Yards Chinese Knotting Cord, 0.8 mm Nylon Cord for Jewelry Making, Beading, Necklaces, Kumihimo, Friendship Bracelets, Tassels and Craft</p><p> -5% 0FF </p><p>$18.99 ($0.01 / Foot)</p><a href="https://www.amazon.com/dp/B0BZYSBG2N?tag=eloabder-20&linkCode=osi&th=1&psc=1">View Product</a></div><div class="product"><a href="https://www.amazon.com/dp/B001PZD1C8?tag=eloabder-20&linkCode=osi&th=1&psc=1"><img src="https://m.media-amazon.com/images/I/41r2T29Hr7S._SL500_.jpg" alt="Product Image"></a><p>Stretch Magic Bead & Jewelry Cord - Strong & Stretchy, Easy to Knot - Clear Color - 0.5mm diameter - 10-meter (32.8 ft) spool - Elastic String for making beaded jewelry</p><p> -36% 0FF </p><p>$4.50 ($0.14 / Foot)</p><a href="https://www.amazon.com/dp/B001PZD1C8?tag=eloabder-20&linkCode=osi&th=1&psc=1">View Product</a></div>
<div class="product"><a href="https://www.amazon.com/dp/B0CBRC7K9K?tag=eloabder-20&linkCode=osi&th=1&psc=1"><img src="https://m.media-amazon.com/images/I/41JvPiusoSL._SL500_.jpg" alt="Product Image"></a><p>FIVEIZERO 21 Pieces Beading Needles Set, 6 Sizes Seed Beads Needles Big Eye Beading Needles Collapsible Beading Needles Set for Jewelry Making</p><p> -30% 0FF </p><p>$6.99</p><a href="https://www.amazon.com/dp/B0CBRC7K9K?tag=eloabder-20&linkCode=osi&th=1&psc=1">View Product</a></div><div class="product"><a href="https://www.amazon.com/dp/B0BNTYN4X5?tag=eloabder-20&linkCode=osi&th=1&psc=1"><img src="https://m.media-amazon.com/images/I/51elL0Dm7cL._SL500_.jpg" alt="Product Image"></a><p>58 Pcs Beading Needles Set,50 Pcs Long Straight Beading Thread Needles, 8 Pcs Big Eye Beading Needles with Threader, Needle Bottle, Yarn Scissors,Tweezers for Bracelets and Jewelry Making</p><p> -22% 0FF </p><p>$6.99</p><a href="https://www.amazon.com/dp/B0BNTYN4X5?tag=eloabder-20&linkCode=osi&th=1&psc=1">View Product</a></div><div class="product"><a href="https://www.amazon.com/dp/B09VGLZKGJ?tag=eloabder-20&linkCode=osi&th=1&psc=1"><img src="https://m.media-amazon.com/images/I/41jYxsbzW1L._SL500_.jpg" alt="Product Image"></a><p>UOOU 28 Pcs Beading Needles Set Include 20 Pcs Long Straight Beading Thread Needles + 8 Pcs Big Eye Beading Needles, Embroidery Needles with Needle Bottle, Thimble, Needle Threaders for Jewelry Making</p><p> -14% 0FF </p><p>$5.99</p><a href="https://www.amazon.com/dp/B09VGLZKGJ?tag=eloabder-20&linkCode=osi&th=1&psc=1">View Product</a></div><div class="product"><a href="https://www.amazon.com/dp/B0D127NY14?tag=eloabder-20&linkCode=osi&th=1&psc=1"><img src="https://m.media-amazon.com/images/I/41sq0seXVfL._SL500_.jpg" alt="Product Image"></a><p>FIVEIZERO 60 Pieces Beading Needle Set, 5 Sizes Species Big Eye Beading Needles (with Threader) Needle Bottle, Yarn, Embroidery Needle, Thimble Foldable Beading Needle Set for Jewelry Making</p><p> -30% 0FF </p><p>$6.99</p><a href="https://www.amazon.com/dp/B0D127NY14?tag=eloabder-20&linkCode=osi&th=1&psc=1">View Product</a></div>
<div class="product"><a href="https://www.amazon.com/dp/B001GMUBJ6?tag=eloabder-20&linkCode=osi&th=1&psc=1"><img src="https://m.media-amazon.com/images/I/51ovvZkwriL._SL500_.jpg" alt="Product Image"></a><p>The Beadsmith Fireline by Berkley – Micro-Fused Braided Thread – 6lb. Test, 006”/.15mm Diameter, 50 Yard Spool, Crystal Color – Super Strong Stringing Material for Jewelry Making and Bead Weaving</p><p> -5% 0FF </p><p>$11.99</p><a href="https://www.amazon.com/dp/B001GMUBJ6?tag=eloabder-20&linkCode=osi&th=1&psc=1">View Product</a></div><div class="product"><a href="https://www.amazon.com/dp/B07FL95S7C?tag=eloabder-20&linkCode=osi&th=1&psc=1"><img src="https://m.media-amazon.com/images/I/41Pbjyx1lnL._SL500_.jpg" alt="Product Image"></a><p>Treasure Gurus Artificial Deer Sinew Waxed Beading Craft Poly Thread Spool Natural Wax Sinue</p><p> -7% 0FF </p><p>$13.25 ($0.01 / Foot)</p><a href="https://www.amazon.com/dp/B07FL95S7C?tag=eloabder-20&linkCode=osi&th=1&psc=1">View Product</a></div>
<div class="product"><a href="https://www.amazon.com/dp/B00D3KOB2W?tag=eloabder-20&linkCode=osi&th=1&psc=1"><img src="https://m.media-amazon.com/images/I/419Au7VfUYL._SL500_.jpg" alt="Product Image"></a><p>Beadalon 7 Strand Stainless Steel Bead Stringing Wire, 0.012 in / 0.30 mm, Bright, 100 ft / 31 m</p><p> -6% 0FF </p><p>$8.88</p><a href="https://www.amazon.com/dp/B00D3KOB2W?tag=eloabder-20&linkCode=osi&th=1&psc=1">View Product</a></div><div class="product"><a href="https://www.amazon.com/dp/B00109RIVO?tag=eloabder-20&linkCode=osi&th=1&psc=1"><img src="https://m.media-amazon.com/images/I/51ctGiWm+8L._SL500_.jpg" alt="Product Image"></a><p>Beadalon 19 Strand Stainless Steel Bead Stringing Wire, 015 in / 0.38 mm, Bright, 100 ft / 31 m</p><p> -26% 0FF </p><p>$20.99</p><a href="https://www.amazon.com/dp/B00109RIVO?tag=eloabder-20&linkCode=osi&th=1&psc=1">View Product</a></div><div class="product"><a href="https://www.amazon.com/dp/B001FCYJDG?tag=eloabder-20&linkCode=osi&th=1&psc=1"><img src="https://m.media-amazon.com/images/I/41ffmCFSOhL._SL500_.jpg" alt="Product Image"></a><p>Beadalon 19 Strand Stainless Steel Bead Stringing Wire.015 in (0.38 mm), Satin Silver, 30 ft (9.2 m)</p><p> -26% 0FF </p><p>$9.99</p><a href="https://www.amazon.com/dp/B001FCYJDG?tag=eloabder-20&linkCode=osi&th=1&psc=1">View Product</a></div>
<div class="product"><a href="https://www.amazon.com/dp/B01LWX2IO1?tag=eloabder-20&linkCode=osi&th=1&psc=1"><img src="https://m.media-amazon.com/images/I/412dCF1E4QL._SL500_.jpg" alt="Product Image"></a><p>Beesworks Yellow Beeswax Bars (6 oz) | 100% Pure, Cosmetic Grade, Triple-Filtered Beeswax for DIY Skin Care, Lip Balm, Lotion and Candle Making (1 oz Bars - Pack of 6)</p><p> -22% 0FF </p><p>$6.99 ($1.16 / Ounce)</p><a href="https://www.amazon.com/dp/B01LWX2IO1?tag=eloabder-20&linkCode=osi&th=1&psc=1">View Product</a></div><div class="product"><a href="https://www.amazon.com/dp/B07VSQ6PGD?tag=eloabder-20&linkCode=osi&th=1&psc=1"><img src="https://m.media-amazon.com/images/I/41sY3zrLyyL._SL500_.jpg" alt="Product Image"></a><p>EricX Light Beeswax Bars 7oz,1oz for Each Beeswax Bars,Pack of 7,Cosmetic Grade</p><p> -36% 0FF </p><p>$6.99 ($1.00 / Ounce)</p><a href="https://www.amazon.com/dp/B07VSQ6PGD?tag=eloabder-20&linkCode=osi&th=1&psc=1">View Product</a></div>
<div class="product"><a href="https://www.amazon.com/dp/B08KGTFR6T?tag=eloabder-20&linkCode=osi&th=1&psc=1"><img src="https://m.media-amazon.com/images/I/51Q3LghfEXL._SL500_.jpg" alt="Product Image"></a><p>Otylzto Premium Plastic Clips, 100 Pcs with Box, Sewing Notions for Sewing Quilting Supplies Crafting Tools, Assorted Colors for Craft</p><p> -16% 0FF </p><p>$6.69</p><a href="https://www.amazon.com/dp/B08KGTFR6T?tag=eloabder-20&linkCode=osi&th=1&psc=1">View Product</a></div><div class="product"><a href="https://www.amazon.com/dp/B01G90AEE6?tag=eloabder-20&linkCode=osi&th=1&psc=1"><img src="https://m.media-amazon.com/images/I/41-bfF+u5BL._SL500_.jpg" alt="Product Image"></a><p>Clover Mini Wonder Clips (Red & Blue/20 pcs.)</p><p> -40% 0FF </p><p>$9.35 ($0.47 / Count)</p><a href="https://www.amazon.com/dp/B01G90AEE6?tag=eloabder-20&linkCode=osi&th=1&psc=1">View Product</a></div>
<div class="product"><a href="https://www.amazon.com/dp/B0CL7N6GZS?tag=eloabder-20&linkCode=osi&th=1&psc=1"><img src="https://m.media-amazon.com/images/I/4119FS8tFqL._SL500_.jpg" alt="Product Image"></a><p>Mr. Pen- Pencil Pouch, 2Pack, Pencil Pouches, Pencil Pouch for 3 Ring Binder Pencil Pouch, Pencil Cases, Pencil Case for Binder Pouch, Zipper Pencil Pouch, 3 Ring Binder Pouch, Pencil Bags with Zipper</p><p> -22% 0FF </p><p>$6.99</p><a href="https://www.amazon.com/dp/B0CL7N6GZS?tag=eloabder-20&linkCode=osi&th=1&psc=1">View Product</a></div><div class="product"><a href="https://www.amazon.com/dp/B00AFTQ4X8?tag=eloabder-20&linkCode=osi&th=1&psc=1"><img src="https://m.media-amazon.com/images/I/31GQNXQlHrL._SL500_.jpg" alt="Product Image"></a><p>Swingline 3 Hole Punch, 20 Sheet Capacity Three Hole Puncher 3 Ring, Paper Punch, SmartTouch Low Effort, Black & Silver (74133)</p><p> -22% 0FF </p><p>$18.00</p><a href="https://www.amazon.com/dp/B00AFTQ4X8?tag=eloabder-20&linkCode=osi&th=1&psc=1">View Product</a></div>
<div class="product"><a href="https://www.amazon.com/dp/B005571VQA?tag=eloabder-20&linkCode=osi&th=1&psc=1"><img src="https://m.media-amazon.com/images/I/314C89Li8+L._SL500_.jpg" alt="Product Image"></a><p>We R Memory Keepers 0633356710899 Wire Cinch-1 Inch-Bark (2 Piece)</p><p> -15% 0FF </p><p>$9.53</p><a href="https://www.amazon.com/dp/B005571VQA?tag=eloabder-20&linkCode=osi&th=1&psc=1">View Product</a></div><div class="product"><a href="https://www.amazon.com/dp/B0D1XV3N8H?tag=eloabder-20&linkCode=osi&th=1&psc=1"><img src="https://m.media-amazon.com/images/I/41Esbkv-76L._SL500_.jpg" alt="Product Image"></a><p>JUPEAN Bookbinding Kit, Book Binding Kits, Book Press, 7.9”x11.6”, Book Binding Tools Book Binding Supplies with Wooden Binding Press Book Cover Book Board Bone Folder Awl Binding Strap for DIY</p><p> -10% 0FF </p><p>$37.99</p><a href="https://www.amazon.com/dp/B0D1XV3N8H?tag=eloabder-20&linkCode=osi&th=1&psc=1">View Product</a></div><div class="product"><a href="https://www.amazon.com/dp/B0B9BMMJW5?tag=eloabder-20&linkCode=osi&th=1&psc=1"><img src="https://m.media-amazon.com/images/I/41Jl3w+cJ4L._SL500_.jpg" alt="Product Image"></a><p>6 Pcs Bookbinding Kits, Bookbinding Supplies, Book Binding Starter Tools Set for DIY Bookbinding Crafts and Sewing Supplies</p><p> -7% 0FF </p><p>$6.99</p><a href="https://www.amazon.com/dp/B0B9BMMJW5?tag=eloabder-20&linkCode=osi&th=1&psc=1">View Product</a></div><div class="product"><a href="https://www.amazon.com/dp/B0D1X433Z6?tag=eloabder-20&linkCode=osi&th=1&psc=1"><img src="https://m.media-amazon.com/images/I/41apTG1e9fL._SL500_.jpg" alt="Product Image"></a><p>JUPEAN Book Binding Kits, Bookbinding Supplies, Book Binding Kit for Beginners Bone Folder Tool with Bone Folder Awl Waxed Thread Book Press for DIY 7.9”x11.6”</p><p> -13% 0FF </p><p>$25.99</p><a href="https://www.amazon.com/dp/B0D1X433Z6?tag=eloabder-20&linkCode=osi&th=1&psc=1">View Product</a></div><div class="product"><a href="https://www.amazon.com/dp/B0D4YHS3R7?tag=eloabder-20&linkCode=osi&th=1&psc=1"><img src="https://m.media-amazon.com/images/I/41lRDpWUjiL._SL500_.jpg" alt="Product Image"></a><p>Jupean Bookbinding Kit, Book Binding Kit for Beginners, Book Binding Materials, Book Binding Tools with Bone Folder Book Binding Awl Webbing Strap Storage Box</p><p> -20% 0FF </p><p>$15.99</p><a href="https://www.amazon.com/dp/B0D4YHS3R7?tag=eloabder-20&linkCode=osi&th=1&psc=1">View Product</a></div><div class="product"><a href="https://www.amazon.com/dp/B0BP7XXPJJ?tag=eloabder-20&linkCode=osi&th=1&psc=1"><img src="https://m.media-amazon.com/images/I/51m+QztxUoL._SL500_.jpg" alt="Product Image"></a><p>BeKnitting 20 Knit Blocking Combs for Knitting & Crochet Projects Blockers for Crafts, Lace, Sweaters, Cardigans, Scarves, Needlework, Mats</p><p> -16% 0FF </p><p>$14.94</p><a href="https://www.amazon.com/dp/B0BP7XXPJJ?tag=eloabder-20&linkCode=osi&th=1&psc=1">View Product</a></div>
<div class="product"><a href="https://www.amazon.com/dp/B00UY0WT1O?tag=eloabder-20&linkCode=osi&th=1&psc=1"><img src="https://m.media-amazon.com/images/I/41eBNPX-72L._SL500_.jpg" alt="Product Image"></a><p>We R Memory Keepers, Cinch Book Binding Machine 2, Pink/White, Easy to Use Design with Slide Ruler, Compatible with Wire or Spiral Coils, Make Professional Books, Notebooks, Calendars and More</p><p> -10% 0FF </p><p>$90.24</p><a href="https://www.amazon.com/dp/B00UY0WT1O?tag=eloabder-20&linkCode=osi&th=1&psc=1">View Product</a></div><div class="product"><a href="https://www.amazon.com/dp/B00AYKTA66?tag=eloabder-20&linkCode=osi&th=1&psc=1"><img src="https://m.media-amazon.com/images/I/51EjD50SJvL._SL500_.jpg" alt="Product Image"></a><p>We R Memory Keepers Mini Cinch Bundle Includes Book Binding Machine, 16 Wires, Wire Cutters, and Six Black Bookboards, Easy to Use Design, Ruler, Wire or Spiral Coils, DIY Books, Notebooks, Calendars</p><p> -13% 0FF </p><p>$69.89</p><a href="https://www.amazon.com/dp/B00AYKTA66?tag=eloabder-20&linkCode=osi&th=1&psc=1">View Product</a></div><div class="product"><a href="https://www.amazon.com/dp/B0BV3CC4J7?tag=eloabder-20&linkCode=osi&th=1&psc=1"><img src="https://m.media-amazon.com/images/I/41Ove9J1WyL._SL500_.jpg" alt="Product Image"></a><p>We R Memory Keepers Multi Cinch Kit (2 in 1 Circle & Disc) Book Binding Art Crafts Sewing Scrapbooking Journaling Printmaking Paper Craft Office Home Card Stock DIY Card Making Sticker Machine</p><p> -5% 0FF </p><p>$68.40</p><a href="https://www.amazon.com/dp/B0BV3CC4J7?tag=eloabder-20&linkCode=osi&th=1&psc=1">View Product</a></div><div class="product"><a href="https://www.amazon.com/dp/B0CZQJTTHT?tag=eloabder-20&linkCode=osi&th=1&psc=1"><img src="https://m.media-amazon.com/images/I/410goBiFC5L._SL500_.jpg" alt="Product Image"></a><p>Kreapa 30 pcs book binding kits Book Press Book Binding Supplies & Book Binding Kits Book Binding Kits Starter Kit with Real Bone Clips Awl Big Eye Needle Waxed Book Cloth DIY,11.6 x 7.7 inches</p><p> -50% 0FF </p><p>$21.49</p><a href="https://www.amazon.com/dp/B0CZQJTTHT?tag=eloabder-20&linkCode=osi&th=1&psc=1">View Product</a></div>
<div class="product"><a href="https://www.amazon.com/dp/B0049UZ8PY?tag=eloabder-20&linkCode=osi&th=1&psc=1"><img src="https://m.media-amazon.com/images/I/31-Uug6SnRL._SL500_.jpg" alt="Product Image"></a><p>Daler-Rowney FW Acrylic Ink Bottle Black - Versatile Acrylic Drawing Ink for Artists and Students - Permanent Calligraphy Ink - Archival Ink for Illustrating and More</p><p> -23% 0FF </p><p>$7.75</p><a href="https://www.amazon.com/dp/B0049UZ8PY?tag=eloabder-20&linkCode=osi&th=1&psc=1">View Product</a></div><div class="product"><a href="https://www.amazon.com/dp/B005P1QSFK?tag=eloabder-20&linkCode=osi&th=1&psc=1"><img src="https://m.media-amazon.com/images/I/414vi3MJ19L._SL500_.jpg" alt="Product Image"></a><p>Ranger, Archival Ink Pad, 0, Jet Black (789541031468)</p><p> -9% 0FF </p><p>$7.51 ($7.51 / count)</p><a href="https://www.amazon.com/dp/B005P1QSFK?tag=eloabder-20&linkCode=osi&th=1&psc=1">View Product</a></div>
<div class="product"><a href="https://www.amazon.com/dp/B07Q4TJCDJ?tag=eloabder-20&linkCode=osi&th=1&psc=1"><img src="https://m.media-amazon.com/images/I/315HYvYg-BL._SL500_.jpg" alt="Product Image"></a><p>Primbeeks 300pcs Blank Business Cards, Premium Blank White Cards, 3.5" x 2.2" Small Blank Cards, Blank Cardstock Cards, Small Note Cards, white blank cards, white business cards, kraft paper cards</p><p> -53% 0FF </p><p>$7.99</p><a href="https://www.amazon.com/dp/B07Q4TJCDJ?tag=eloabder-20&linkCode=osi&th=1&psc=1">View Product</a></div>
<div class="product"><a href="https://www.amazon.com/dp/B07D8MQ71H?tag=eloabder-20&linkCode=osi&th=1&psc=1"><img src="https://m.media-amazon.com/images/I/41eOrrAeW1L._SL500_.jpg" alt="Product Image"></a><p>Paper Junkie 48 Pack Small Blank Notebooks for Kids Bulk, Kraft Paper Journals for Students, Sketching Drawing, Writing (4.3 x 5.6 In)</p><p> -15% 0FF </p><p>$22.99</p><a href="https://www.amazon.com/dp/B07D8MQ71H?tag=eloabder-20&linkCode=osi&th=1&psc=1">View Product</a></div><div class="product"><a href="https://www.amazon.com/dp/B0CJGPBFCN?tag=eloabder-20&linkCode=osi&th=1&psc=1"><img src="https://m.media-amazon.com/images/I/41WVp+K3FmL._SL500_.jpg" alt="Product Image"></a><p>Mr. Pen- Colorful Blank Books, 4.2 x 5.5 Inches, 32 Pages, 8 Pack, Blank Notebooks for Kids, Mini Notebooks for Kids, Mini Journal for Students, Blank Journal for Kids, Unlined Notebook, Kids Journal</p><p> -17% 0FF </p><p>$4.99 ($0.62 / Count)</p><a href="https://www.amazon.com/dp/B0CJGPBFCN?tag=eloabder-20&linkCode=osi&th=1&psc=1">View Product</a></div><div class="product"><a href="https://www.amazon.com/dp/B0CP8RCH9R?tag=eloabder-20&linkCode=osi&th=1&psc=1"><img src="https://m.media-amazon.com/images/I/41IHpCydyOL._SL500_.jpg" alt="Product Image"></a><p>BLUMOST Spiral Sketchbook for Drawing, 120gsm Sketch Book for Sketching, Artist Drawing Blank Paper Notebook for Kids Adults Beginners, Inner Pocket, 5.75'' × 8.38''-Black</p><p> -50% 0FF </p><p>$4.49</p><a href="https://www.amazon.com/dp/B0CP8RCH9R?tag=eloabder-20&linkCode=osi&th=1&psc=1">View Product</a></div><div class="product"><a href="https://www.amazon.com/dp/B0CWS8VFN7?tag=eloabder-20&linkCode=osi&th=1&psc=1"><img src="https://m.media-amazon.com/images/I/31i+w2Y3cFL._SL500_.jpg" alt="Product Image"></a><p>Mr. Pen- Colorful Blank Books, 4.25 x 5.5 Inches, 6 Pack, 32 Pages, Blank Notebooks for Kids, Mini Notebooks for Kids, Mini Journal for Students, Blank Journal for Kids, Unlined Notebook, Kids Journal</p><p> -60% 0FF </p><p>$3.99</p><a href="https://www.amazon.com/dp/B0CWS8VFN7?tag=eloabder-20&linkCode=osi&th=1&psc=1">View Product</a></div>
<div class="product"><a href="https://www.amazon.com/dp/B0B3WWHWT2?tag=eloabder-20&linkCode=osi&th=1&psc=1"><img src="https://m.media-amazon.com/images/I/31m0FzXtPxL._SL500_.jpg" alt="Product Image"></a><p>Tamaki 6 Pack Colorful Blank Books for kids to Write, Drawing, Cute Sketchbook for Kid, 6 Colors (4.25 x 5.5 Inches)</p><p> -13% 0FF </p><p>$6.99</p><a href="https://www.amazon.com/dp/B0B3WWHWT2?tag=eloabder-20&linkCode=osi&th=1&psc=1">View Product</a></div>
<div class="product"><a href="https://www.amazon.com/dp/B0B19J9FZM?tag=eloabder-20&linkCode=osi&th=1&psc=1"><img src="https://m.media-amazon.com/images/I/41ABS9as04L._SL500_.jpg" alt="Product Image"></a><p>Soucolor 9" x 12" Sketch Book, 1-Pack 100 Sheets Spiral Bound Art Sketchbook, (68lb/100gsm) Acid Free Artist Drawing Book Paper Painting Sketching Pad for Kids Students Adults Beginners</p><p> -40% 0FF </p><p>$8.99</p><a href="https://www.amazon.com/dp/B0B19J9FZM?tag=eloabder-20&linkCode=osi&th=1&psc=1">View Product</a></div><div class="product"><a href="https://www.amazon.com/dp/B097L9D5C6?tag=eloabder-20&linkCode=osi&th=1&psc=1"><img src="https://m.media-amazon.com/images/I/51weNIrCWfL._SL500_.jpg" alt="Product Image"></a><p>Sketch Book 5.5 X 8.5 - Spiral Sketchbook Pack of 2, SuFly 200 Sheets (68 lb/100gsm) Acid Free Sketch Pads for Drawing for Adults Spiral-Bound with Hard Cover for Kids, 100 Sheets Each</p><p> -8% 0FF </p><p>$11.99 ($6.00 / Count)</p><a href="https://www.amazon.com/dp/B097L9D5C6?tag=eloabder-20&linkCode=osi&th=1&psc=1">View Product</a></div><div class="product"><a href="https://www.amazon.com/dp/B093MK1CLJ?tag=eloabder-20&linkCode=osi&th=1&psc=1"><img src="https://m.media-amazon.com/images/I/3168yaIXBOS._SL500_.jpg" alt="Product Image"></a><p>LayFlat Sketchbook - 8.27 x 11 Inches - Black Blank Note Book, 64 Sheets, Thick 100gsm Paper, for Drawing, Sketching, and journaling</p><p> -5% 0FF </p><p>$12.45</p><a href="https://www.amazon.com/dp/B093MK1CLJ?tag=eloabder-20&linkCode=osi&th=1&psc=1">View Product</a></div><div class="product"><a href="https://www.amazon.com/dp/B083SBPRTY?tag=eloabder-20&linkCode=osi&th=1&psc=1"><img src="https://m.media-amazon.com/images/I/61zFqh++bML._SL500_.jpg" alt="Product Image"></a><p>Artisto 9x12" Premium Sketch Book Set, Spiral Bound, Pack of 2, 200 Sheets (100g/m2), Acid-Free Drawing Paper, Ideal for Kids, Teens & Adults.</p><p> -28% 0FF </p><p>$20.99 ($0.10 / Count)</p><a href="https://www.amazon.com/dp/B083SBPRTY?tag=eloabder-20&linkCode=osi&th=1&psc=1">View Product</a></div><div class="product"><a href="https://www.amazon.com/dp/1441310223?tag=eloabder-20&linkCode=osi&th=1&psc=1"><img src="https://m.media-amazon.com/images/I/41fzQQFFDnL._SL500_.jpg" alt="Product Image"></a><p>Premium Sketchbook (Large journal)</p><p> -10% 0FF </p><p>$11.69</p><a href="https://www.amazon.com/dp/1441310223?tag=eloabder-20&linkCode=osi&th=1&psc=1">View Product</a></div>
<div class="product"><a href="https://www.amazon.com/dp/B075M9MSFH?tag=eloabder-20&linkCode=osi&th=1&psc=1"><img src="https://m.media-amazon.com/images/I/51x+szTX6TL._SL500_.jpg" alt="Product Image"></a><p>Bianyo Bleedproof Marker Paper Pad, A4(8.27"X11.69"), 50 Sheets, 18 LB / 70 GSM, Glue-Bound, 100% Cotton, White, Ideal for Use with Markers and Ink Mediums</p><p> -38% 0FF </p><p>$9.99</p><a href="https://www.amazon.com/dp/B075M9MSFH?tag=eloabder-20&linkCode=osi&th=1&psc=1">View Product</a></div><div class="product"><a href="https://www.amazon.com/dp/B0D97H6RR8?tag=eloabder-20&linkCode=osi&th=1&psc=1"><img src="https://m.media-amazon.com/images/I/41kq8GouD4L._SL500_.jpg" alt="Product Image"></a><p>135lb/200gsm Marker Paper Pad, 8.3×8.9in Double Sided Bleedproof Sketch Pad, 30 Sheets Art Paper Spiral Sketchbook, Smooth Alcohol Marker Paper Painting Coloring Paper for DIY, Gift, Christmas</p><p> -20% 0FF </p><p>$7.99</p><a href="https://www.amazon.com/dp/B0D97H6RR8?tag=eloabder-20&linkCode=osi&th=1&psc=1">View Product</a></div><div class="product"><a href="https://www.amazon.com/dp/B0CS3KH6S1?tag=eloabder-20&linkCode=osi&th=1&psc=1"><img src="https://m.media-amazon.com/images/I/41pg37CppxL._SL500_.jpg" alt="Product Image"></a><p>Ohuhu Double Sided Marker Pads Art Sketchbook Bleedproof - 7.6"x10" Large Paper Size - 90LB/150GSM Smooth Drawing Paper - 60 Sheets/120 Pages, Spiral Bound Sketching Book for Alcohol Markers Christmas</p><p> -9% 0FF </p><p>$19.99 ($0.33 / Count)</p><a href="https://www.amazon.com/dp/B0CS3KH6S1?tag=eloabder-20&linkCode=osi&th=1&psc=1">View Product</a></div><div class="product"><a href="https://www.amazon.com/dp/B0CS3DZ7QL?tag=eloabder-20&linkCode=osi&th=1&psc=1"><img src="https://m.media-amazon.com/images/I/41kUDF2DXdL._SL500_.jpg" alt="Product Image"></a><p>Ohuhu Double Sided Marker Pad Art Sketchbook Bleedproof - 9"x12" Large Paper Size - 90LB/150GSM Smooth Drawing Paper - 60 Sheets/120 Pages, Glue-Bound Sketching Book for Alcohol Markers Christmas Gift</p><p> -9% 0FF </p><p>$19.99 ($0.44 / Sq Ft)</p><a href="https://www.amazon.com/dp/B0CS3DZ7QL?tag=eloabder-20&linkCode=osi&th=1&psc=1">View Product</a></div>
<div class="product"><a href="https://www.amazon.com/dp/B000J09PFM?tag=eloabder-20&linkCode=osi&th=1&psc=1"><img src="https://m.media-amazon.com/images/I/51yPRc4nvoL._SL500_.jpg" alt="Product Image"></a><p>Speedball Water-Soluble Block Printing Ink Starter Set, 6 Bold Colors with Satin Finish, 1.25-Ounce Tubes</p><p> -9% 0FF </p><p>$29.99 ($4.00 / Fl Oz)</p><a href="https://www.amazon.com/dp/B000J09PFM?tag=eloabder-20&linkCode=osi&th=1&psc=1">View Product</a></div><div class="product"><a href="https://www.amazon.com/dp/B0042ST318?tag=eloabder-20&linkCode=osi&th=1&psc=1"><img src="https://m.media-amazon.com/images/I/41+uFUT9CNL._SL500_.jpg" alt="Product Image"></a><p>Sax True Flow Water Soluble Block Printing Ink, 8 Ounce Jar, Black - 461924</p><p> -23% 0FF </p><p>$10.75</p><a href="https://www.amazon.com/dp/B0042ST318?tag=eloabder-20&linkCode=osi&th=1&psc=1">View Product</a></div><div class="product"><a href="https://www.amazon.com/dp/B00C1JUJWW?tag=eloabder-20&linkCode=osi&th=1&psc=1"><img src="https://m.media-amazon.com/images/I/41zDtJ6f5hL._SL500_.jpg" alt="Product Image"></a><p>Speedball Fabric Block Printing Ink, 2.5-Ounce, Black</p><p> -5% 0FF </p><p>$9.99 ($4.00 / Fl Oz)</p><a href="https://www.amazon.com/dp/B00C1JUJWW?tag=eloabder-20&linkCode=osi&th=1&psc=1">View Product</a></div><div class="product"><a href="https://www.amazon.com/dp/B0042SRDG0?tag=eloabder-20&linkCode=osi&th=1&psc=1"><img src="https://m.media-amazon.com/images/I/41+wjL7y0oL._SL500_.jpg" alt="Product Image"></a><p>Sax 1299777 True Flow Water Soluble Block Printing Ink - 16 Ounces - Black</p><p> -22% 0FF </p><p>$17.99</p><a href="https://www.amazon.com/dp/B0042SRDG0?tag=eloabder-20&linkCode=osi&th=1&psc=1">View Product</a></div>
<div class="product"><a href="https://www.amazon.com/dp/B0BN53F73Z?tag=eloabder-20&linkCode=osi&th=1&psc=1"><img src="https://m.media-amazon.com/images/I/41UfqrebfDL._SL500_.jpg" alt="Product Image"></a><p>Oopsu 4 Pack Rubber Block Stamp Carving Blocks with Cutter Tools and Rubber Brayer Roller for Printmaking and More Crafts</p><p> -15% 0FF </p><p>$16.99 ($5.66 / Count)</p><a href="https://www.amazon.com/dp/B0BN53F73Z?tag=eloabder-20&linkCode=osi&th=1&psc=1">View Product</a></div><div class="product"><a href="https://www.amazon.com/dp/B0017D8W5E?tag=eloabder-20&linkCode=osi&th=1&psc=1"><img src="https://m.media-amazon.com/images/I/41WwtE85+2L._SL500_.jpg" alt="Product Image"></a><p>Speedball Linoleum Cutter Kit Assortment #1 - Linocut Carving Tools for Block Printing, Includes 5 Blades</p><p> -7% 0FF </p><p>$13.99</p><a href="https://www.amazon.com/dp/B0017D8W5E?tag=eloabder-20&linkCode=osi&th=1&psc=1">View Product</a></div><div class="product"><a href="https://www.amazon.com/dp/B07ZJBZN5S?tag=eloabder-20&linkCode=osi&th=1&psc=1"><img src="https://m.media-amazon.com/images/I/41UbN58y9uS._SL500_.jpg" alt="Product Image"></a><p>SGHUO 12pcs 4"x6" Pink Rubber Carving Blocks Linoleum Block Stamp Making Kit</p><p> -12% 0FF </p><p>$22.99 ($1.92 / Count)</p><a href="https://www.amazon.com/dp/B07ZJBZN5S?tag=eloabder-20&linkCode=osi&th=1&psc=1">View Product</a></div>
<div class="product"><a href="https://www.amazon.com/dp/B00L2DYUM8?tag=eloabder-20&linkCode=osi&th=1&psc=1"><img src="https://m.media-amazon.com/images/I/51l5FZ0+5AL._SL500_.jpg" alt="Product Image"></a><p>Strathmore 300 Series Printmaking Paper Pad, Glue Bound, 5x7 inches, 40 Sheets (120g) - Artist Paper for Adults and Students - Block Printing, Linocut, Screen Printing, White</p><p> -25% 0FF </p><p>$5.94</p><a href="https://www.amazon.com/dp/B00L2DYUM8?tag=eloabder-20&linkCode=osi&th=1&psc=1">View Product</a></div><div class="product"><a href="https://www.amazon.com/dp/B00K5562WA?tag=eloabder-20&linkCode=osi&th=1&psc=1"><img src="https://m.media-amazon.com/images/I/51cZMCeflnL._SL500_.jpg" alt="Product Image"></a><p>Strathmore Printmaking Paper Pad 8"X10"-20 Sheets -62433800, White</p><p> -24% 0FF </p><p>$10.76</p><a href="https://www.amazon.com/dp/B00K5562WA?tag=eloabder-20&linkCode=osi&th=1&psc=1">View Product</a></div><div class="product"><a href="https://www.amazon.com/dp/B003IFWXHC?tag=eloabder-20&linkCode=osi&th=1&psc=1"><img src="https://m.media-amazon.com/images/I/41BilVeKXDL._SL500_.jpg" alt="Product Image"></a><p>Speedball Printmaster Paper, 9"x12", 50-Sheets, 70lb, 104gsm for Block and Relief Printmaking, Ideal for Students and Everyday Use</p><p> -7% 0FF </p><p>$13.99 ($0.28 / Count)</p><a href="https://www.amazon.com/dp/B003IFWXHC?tag=eloabder-20&linkCode=osi&th=1&psc=1">View Product</a></div><div class="product"><a href="https://www.amazon.com/dp/B07RL81DD2?tag=eloabder-20&linkCode=osi&th=1&psc=1"><img src="https://m.media-amazon.com/images/I/51Qs3GXKhnL._SL500_.jpg" alt="Product Image"></a><p>Richeson Printmaking Paper, 88# 6x9 inches, 50 Sheets (100757)</p><p> -12% 0FF </p><p>$8.93 ($0.18 / Count)</p><a href="https://www.amazon.com/dp/B07RL81DD2?tag=eloabder-20&linkCode=osi&th=1&psc=1">View Product</a></div><div class="product"><a href="https://www.amazon.com/dp/B0CBRKYF99?tag=eloabder-20&linkCode=osi&th=1&psc=1"><img src="https://m.media-amazon.com/images/I/41yOd+I8g8L._SL500_.jpg" alt="Product Image"></a><p>50/100 Sheets FIVEIZERO A4 Mulberry Paper Sheets Natural Fiber Rice Paper,8.3x11.7in Natural Decoupage Tissue Paper For Writing Painting, Decorative Paper, Card Making Paper DIY Craft</p><p> -10% 0FF </p><p>$8.95</p><a href="https://www.amazon.com/dp/B0CBRKYF99?tag=eloabder-20&linkCode=osi&th=1&psc=1">View Product</a></div>
<div class="product"><a href="https://www.amazon.com/dp/B07YDNKSH6?tag=eloabder-20&linkCode=osi&th=1&psc=1"><img src="https://m.media-amazon.com/images/I/41JGrHa7mSL._SL500_.jpg" alt="Product Image"></a><p>4-Inch Rubber Brayer Roller for Printmaking, Great for Gluing Application Also. (Original Version)</p><p> -36% 0FF </p><p>$6.99</p><a href="https://www.amazon.com/dp/B07YDNKSH6?tag=eloabder-20&linkCode=osi&th=1&psc=1">View Product</a></div><div class="product"><a href="https://www.amazon.com/dp/B003IG27OK?tag=eloabder-20&linkCode=osi&th=1&psc=1"><img src="https://m.media-amazon.com/images/I/416NUaYo1DL._SL500_.jpg" alt="Product Image"></a><p>Speedball Block Printing Baren - Comfortable Wooden Handle, Made in the USA - 4 Inches</p><p> -12% 0FF </p><p>$29.49</p><a href="https://www.amazon.com/dp/B003IG27OK?tag=eloabder-20&linkCode=osi&th=1&psc=1">View Product</a></div>
<div class="product"><a href="https://www.amazon.com/dp/B0CMZTVW28?tag=eloabder-20&linkCode=osi&th=1&psc=1"><img src="https://m.media-amazon.com/images/I/41tZXfCViDL._SL500_.jpg" alt="Product Image"></a><p>Ecoofor Blotting Paper for Flower Press, 20 Sheets Large A4 Highly Absorbent and Reusable Blotter Paper for Flower Press Paper Craft 8.26 x 11.4 inch</p><p> -17% 0FF </p><p>$9.99</p><a href="https://www.amazon.com/dp/B0CMZTVW28?tag=eloabder-20&linkCode=osi&th=1&psc=1">View Product</a></div><div class="product"><a href="https://www.amazon.com/dp/B0CQMMYSBR?tag=eloabder-20&linkCode=osi&th=1&psc=1"><img src="https://m.media-amazon.com/images/I/413SlUi6IDL._SL500_.jpg" alt="Product Image"></a><p>Wisreach Blotting Paper for Flower Press, 20 Sheets Flower Press Paper Highly Absorbent and Reusable Blotter Paper for Flower Art A4 Size 8.26 x 11.4 inch</p><p> -17% 0FF </p><p>$9.99</p><a href="https://www.amazon.com/dp/B0CQMMYSBR?tag=eloabder-20&linkCode=osi&th=1&psc=1">View Product</a></div><div class="product"><a href="https://www.amazon.com/dp/B0CTCD1VY7?tag=eloabder-20&linkCode=osi&th=1&psc=1"><img src="https://m.media-amazon.com/images/I/41xzeYmMKDL._SL500_.jpg" alt="Product Image"></a><p>24 Sheets A4 Reusable Blotting Paper for Flower Press, Highly Absorbent Blotter Paper for Flower Pressing Kit(11.8x8.27 inch)</p><p> -22% 0FF </p><p>$6.99</p><a href="https://www.amazon.com/dp/B0CTCD1VY7?tag=eloabder-20&linkCode=osi&th=1&psc=1">View Product</a></div>
<div class="product"><a href="https://www.amazon.com/dp/B085XDSB3Y?tag=eloabder-20&linkCode=osi&th=1&psc=1"><img src="https://m.media-amazon.com/images/I/41zCK3QUcGL._SL500_.jpg" alt="Product Image"></a><p>Ecohu Bone Folder & Creaser Tool - 2PCS - Scoring, Folding for Origami, Paper Crafts, Bookbinding, Leather Crafts and Card Making & Folding Paper</p><p> -32% 0FF </p><p>$9.95</p><a href="https://www.amazon.com/dp/B085XDSB3Y?tag=eloabder-20&linkCode=osi&th=1&psc=1">View Product</a></div><div class="product"><a href="https://www.amazon.com/dp/B071227D92?tag=eloabder-20&linkCode=osi&th=1&psc=1"><img src="https://m.media-amazon.com/images/I/51MYSCdI-kL._SL500_.jpg" alt="Product Image"></a><p>ARTEZA Bone Folders, Set of 4 Scoring Tools for Origami Paper Crafts, Art Supplies for Book Binding, Card Making, and Paper Folding</p><p> -24% 0FF </p><p>$13.99 ($3.50 / Count)</p><a href="https://www.amazon.com/dp/B071227D92?tag=eloabder-20&linkCode=osi&th=1&psc=1">View Product</a></div>
<div class="product"><a href="https://www.amazon.com/dp/B0007LS8G0?tag=eloabder-20&linkCode=osi&th=1&psc=1"><img src="https://m.media-amazon.com/images/I/41gnrMp4vXL._SL500_.jpg" alt="Product Image"></a><p>Lineco Bookbinding Super Cloth, Book Making Book Repair Cloth Material for Repairing Old Books, 18x30 Inch. Neutral Color.</p><p> -10% 0FF </p><p>$8.07</p><a href="https://www.amazon.com/dp/B0007LS8G0?tag=eloabder-20&linkCode=osi&th=1&psc=1">View Product</a></div><div class="product"><a href="https://www.amazon.com/dp/B0D2T5BY6F?tag=eloabder-20&linkCode=osi&th=1&psc=1"><img src="https://m.media-amazon.com/images/I/41k1Uc0DisL._SL500_.jpg" alt="Product Image"></a><p>10pcs Book Cloth,14”x10”,Fabric Surface and Paper Backed, book cloth for book binding,book binding fabric,5 Colors Bookbinding Cloth for DIY fabric book cover,bookbinding paper (Style C)</p><p> -10% 0FF </p><p>$8.99</p><a href="https://www.amazon.com/dp/B0D2T5BY6F?tag=eloabder-20&linkCode=osi&th=1&psc=1">View Product</a></div><div class="product"><a href="https://www.amazon.com/dp/B0CLL2999Y?tag=eloabder-20&linkCode=osi&th=1&psc=1"><img src="https://m.media-amazon.com/images/I/51qVluU6kYL._SL500_.jpg" alt="Product Image"></a><p>8pcs Book Cloth 14x10 Inch Fabric Surface Paper Backed 4 Colors Bookbinding Cloth for Adult DIY Book Album Cover (Style C)</p><p> -10% 0FF </p><p>$8.99</p><a href="https://www.amazon.com/dp/B0CLL2999Y?tag=eloabder-20&linkCode=osi&th=1&psc=1">View Product</a></div><div class="product"><a href="https://www.amazon.com/dp/B0D2C9CQ9R?tag=eloabder-20&linkCode=osi&th=1&psc=1"><img src="https://m.media-amazon.com/images/I/51ZB8HlWbHL._SL500_.jpg" alt="Product Image"></a><p>Bookbinding Cloth (White:2pieces39x45inches,Other Colours;10 pieces14x10inches) Book Cloth for Book Production Bookbinding Super Cloth Book Restoration Cloth Material for Restoring Old Book bindings</p><p> -30% 0FF </p><p>$11.89</p><a href="https://www.amazon.com/dp/B0D2C9CQ9R?tag=eloabder-20&linkCode=osi&th=1&psc=1">View Product</a></div>
<div class="product"><a href="https://www.amazon.com/dp/B0CQM7GN9K?tag=eloabder-20&linkCode=osi&th=1&psc=1"><img src="https://m.media-amazon.com/images/I/41iSoCGfQPL._SL500_.jpg" alt="Product Image"></a><p>VONEEDL Heavy Duty Hand Sewing Needles Set - 26 Straight and Curved Hand Sewing Needles for Upholstery, Leather, Carpet, Canvas Repair and Sail Crafts</p><p> -8% 0FF </p><p>$6.28 ($0.24 / Count)</p><a href="https://www.amazon.com/dp/B0CQM7GN9K?tag=eloabder-20&linkCode=osi&th=1&psc=1">View Product</a></div>
<div class="product"><a href="https://www.amazon.com/dp/B0025U108E?tag=eloabder-20&linkCode=osi&th=1&psc=1"><img src="https://m.media-amazon.com/images/I/31tAXQM8ItL._SL500_.jpg" alt="Product Image"></a><p>Books by Hand Linen Thread, Archival Quality Natural Unbleached and Unwaxed, 50 Yards 35/3 Gauge, Ideal for Bookbinding and Sewing Signatures</p><p> -38% 0FF </p><p>$9.26</p><a href="https://www.amazon.com/dp/B0025U108E?tag=eloabder-20&linkCode=osi&th=1&psc=1">View Product</a></div><div class="product"><a href="https://www.amazon.com/dp/B09KBTWJWG?tag=eloabder-20&linkCode=osi&th=1&psc=1"><img src="https://m.media-amazon.com/images/I/5139R+MumEL._SL500_.jpg" alt="Product Image"></a><p>BUTUZE 330 Yards Leather Sewing Waxed Thread - 150D 33 Yards Per Spool Stitching Thread for Leather Craft DIY,Bookbinding,Shoe Repairing,Leather Sewing</p><p> -20% 0FF </p><p>$7.99 ($0.01 / Foot)</p><a href="https://www.amazon.com/dp/B09KBTWJWG?tag=eloabder-20&linkCode=osi&th=1&psc=1">View Product</a></div>
<div class="product"><a href="https://www.amazon.com/dp/B07JQPDD9R?tag=eloabder-20&linkCode=osi&th=1&psc=1"><img src="https://m.media-amazon.com/images/I/41qf-76odYL._SL500_.jpg" alt="Product Image"></a><p>We R Memory Keepers, Journal Book Binding Punch Guide Set, Includes Guide, Awl, Curved and Straight Needle, Waxed Thread, Japanese Stitching Template and Storage, for Japanese and Copic Bound Books</p><p> -17% 0FF </p><p>$24.99</p><a href="https://www.amazon.com/dp/B07JQPDD9R?tag=eloabder-20&linkCode=osi&th=1&psc=1">View Product</a></div><div class="product"><a href="https://www.amazon.com/dp/B0C4L31Q4B?tag=eloabder-20&linkCode=osi&th=1&psc=1"><img src="https://m.media-amazon.com/images/I/51-mr3CFowL._SL500_.jpg" alt="Product Image"></a><p>49 Pcs Hand Bookbinding Tools Bookbinding Kits for Beginners Bookbinding Supplies with Paper Awl Binding Ribbon Glue Brush and Steel Ruler for DIY Bookbinding Crafts</p><p> -15% 0FF </p><p>$16.14</p><a href="https://www.amazon.com/dp/B0C4L31Q4B?tag=eloabder-20&linkCode=osi&th=1&psc=1">View Product</a></div>
<div class="product"><a href="https://www.amazon.com/dp/B0811DGL9Y?tag=eloabder-20&linkCode=osi&th=1&psc=1"><img src="https://m.media-amazon.com/images/I/51Kc8OFy8xL._SL500_.jpg" alt="Product Image"></a><p>Motbach 200Pcs Plastic Bottle Caps for DIY Craft Environmental Protection and Development of Children’s Intelligence (Mixed Color)</p><p> -7% 0FF </p><p>$13.90</p><a href="https://www.amazon.com/dp/B0811DGL9Y?tag=eloabder-20&linkCode=osi&th=1&psc=1">View Product</a></div><div class="product"><a href="https://www.amazon.com/dp/B0B2KPKFBD?tag=eloabder-20&linkCode=osi&th=1&psc=1"><img src="https://m.media-amazon.com/images/I/51l9I4uCYXL._SL500_.jpg" alt="Product Image"></a><p>Jedulin 100PCS Plastic Bottle Caps DIY Craft Environmental Protection Bottle Caps for Children Intelligence Development Kindergarten Stickes (Mixed Color)</p><p> -20% 0FF </p><p>$7.99</p><a href="https://www.amazon.com/dp/B0B2KPKFBD?tag=eloabder-20&linkCode=osi&th=1&psc=1">View Product</a></div><div class="product"><a href="https://www.amazon.com/dp/B0C7C8SXGR?tag=eloabder-20&linkCode=osi&th=1&psc=1"><img src="https://m.media-amazon.com/images/I/51og4kgswUL._SL500_.jpg" alt="Product Image"></a><p>Thyle DIY Craft Assorted Colors Plastic Bottle Caps for Children Intelligence Development Kindergarten Scrapbook Mixed Color (500 Pcs)</p><p> -35% 0FF </p><p>$14.99</p><a href="https://www.amazon.com/dp/B0C7C8SXGR?tag=eloabder-20&linkCode=osi&th=1&psc=1">View Product</a></div><div class="product"><a href="https://www.amazon.com/dp/B0BTBDXYCH?tag=eloabder-20&linkCode=osi&th=1&psc=1"><img src="https://m.media-amazon.com/images/I/51jDHmexj7L._SL500_.jpg" alt="Product Image"></a><p>ZEAYEA 300 Pcs Plastic Bottle Caps, DIY Craft Environmental Protection Bottle Caps, Mixed Color Bottle Caps for Children Intelligence Development Kindergarten Stickers Kids DIY Craft</p><p> -22% 0FF </p><p>$17.99 ($0.06 / Count)</p><a href="https://www.amazon.com/dp/B0BTBDXYCH?tag=eloabder-20&linkCode=osi&th=1&psc=1">View Product</a></div>
<div class="product"><a href="https://www.amazon.com/dp/B072VWN1GV?tag=eloabder-20&linkCode=osi&th=1&psc=1"><img src="https://m.media-amazon.com/images/I/21vZmhaRk5L._SL500_.jpg" alt="Product Image"></a><p>Cricut Brayer, Rubber Roller for Crafts, Works with Fabric, Vinyl, Iron-On & Inking Blocks, Extend Life of Cricut FabricGrip Mat, Compatible with Cricut Maker</p><p> -50% 0FF </p><p>$8.99</p><a href="https://www.amazon.com/dp/B072VWN1GV?tag=eloabder-20&linkCode=osi&th=1&psc=1">View Product</a></div><div class="product"><a href="https://www.amazon.com/dp/B08PP6QCWP?tag=eloabder-20&linkCode=osi&th=1&psc=1"><img src="https://m.media-amazon.com/images/I/31fzR6GvMeL._SL500_.jpg" alt="Product Image"></a><p>3 Pack Printmaking Brayers - Premium Brayer Rollers for Crafting, Hard Rubber Roller Brayers, Vinyl Roller Ink Paint Brush for Wallpapers Stamping Gluing Application (2.4’’, 4’’, 7.9’’) (black)</p><p> -6% 0FF </p><p>$16.99</p><a href="https://www.amazon.com/dp/B08PP6QCWP?tag=eloabder-20&linkCode=osi&th=1&psc=1">View Product</a></div><div class="product"><a href="https://www.amazon.com/dp/B072VY7CTF?tag=eloabder-20&linkCode=osi&th=1&psc=1"><img src="https://m.media-amazon.com/images/I/21Sg48Q+UoL._SL500_.jpg" alt="Product Image"></a><p>Cricut Brayer & MAT Remover Set</p><p> -52% 0FF </p><p>$11.99</p><a href="https://www.amazon.com/dp/B072VY7CTF?tag=eloabder-20&linkCode=osi&th=1&psc=1">View Product</a></div><div class="product"><a href="https://www.amazon.com/dp/B0007ZJ8T2?tag=eloabder-20&linkCode=osi&th=1&psc=1"><img src="https://m.media-amazon.com/images/I/31Oh43aFt9L._SL500_.jpg" alt="Product Image"></a><p>Speedball Pop-in Soft Rubber Brayer, 4" – Roller Tool for Crafting and Block Printing, Vinyl, Comfort Grip Handle</p><p> -14% 0FF </p><p>$11.99</p><a href="https://www.amazon.com/dp/B0007ZJ8T2?tag=eloabder-20&linkCode=osi&th=1&psc=1">View Product</a></div>
<div class="product"><a href="https://www.amazon.com/dp/B099DWCRZ5?tag=eloabder-20&linkCode=osi&th=1&psc=1"><img src="https://m.media-amazon.com/images/I/41rr5hT-8TL._SL500_.jpg" alt="Product Image"></a><p>milo Fluorescent Acrylic Paint Set of 6 Colors | 4 oz Bottles | Student Neon Colors Acrylics Painting Pack | Made in the USA | Non-Toxic Art & Craft Paints for Artists, Kids, & Hobby Painters</p><p> -8% 0FF </p><p>$22.90 ($0.95 / Fl Oz)</p><a href="https://www.amazon.com/dp/B099DWCRZ5?tag=eloabder-20&linkCode=osi&th=1&psc=1">View Product</a></div><div class="product"><a href="https://www.amazon.com/dp/B0871TN9QJ?tag=eloabder-20&linkCode=osi&th=1&psc=1"><img src="https://m.media-amazon.com/images/I/51YLdXlUP6L._SL500_.jpg" alt="Product Image"></a><p>Artecho Neon Paint - Set of 6 Colors, 59 ml / 2 oz Acrylic Paint for Decoration, Art Painting, Outdoor and Indoor Art Craft, Supplies for Canvas, Rock, Wood, Fabric, Waterproof Rich Pigments</p><p> -20% 0FF </p><p>$13.59 ($1.14 / Fl Oz)</p><a href="https://www.amazon.com/dp/B0871TN9QJ?tag=eloabder-20&linkCode=osi&th=1&psc=1">View Product</a></div><div class="product"><a href="https://www.amazon.com/dp/B09133GRBN?tag=eloabder-20&linkCode=osi&th=1&psc=1"><img src="https://m.media-amazon.com/images/I/51gFnhPRtSL._SL500_.jpg" alt="Product Image"></a><p>ABEIER Iridescent Acrylic Paint, Set of 18 Chameleon Colors, 2 oz/60ml Bottles, Color-shifting, Non-Toxic, High Viscosity, Blendable, Paints on Rocks Crafts Canvas Wood, Fabric, Ceramic & Stone</p><p> -20% 0FF </p><p>$20.79 ($0.58 / Fl Oz)</p><a href="https://www.amazon.com/dp/B09133GRBN?tag=eloabder-20&linkCode=osi&th=1&psc=1">View Product</a></div>
<div class="product"><a href="https://www.amazon.com/dp/B0009RRT9Y?tag=eloabder-20&linkCode=osi&th=1&psc=1"><img src="https://m.media-amazon.com/images/I/51ZhyYPOB5L._SL500_.jpg" alt="Product Image"></a><p>General Pencil Company The Masters Brush Cleaner & Preserver 2.5 0z.</p><p> -30% 0FF </p><p>$11.96</p><a href="https://www.amazon.com/dp/B0009RRT9Y?tag=eloabder-20&linkCode=osi&th=1&psc=1">View Product</a></div><div class="product"><a href="https://www.amazon.com/dp/B001TNR7VM?tag=eloabder-20&linkCode=osi&th=1&psc=1"><img src="https://m.media-amazon.com/images/I/51xdVglpEJL._SL500_.jpg" alt="Product Image"></a><p>General Pencil The Master's Brush Cleaner & Preserver, 1 oz</p><p> -7% 0FF </p><p>$8.01</p><a href="https://www.amazon.com/dp/B001TNR7VM?tag=eloabder-20&linkCode=osi&th=1&psc=1">View Product</a></div><div class="product"><a href="https://www.amazon.com/dp/B00F38YVQS?tag=eloabder-20&linkCode=osi&th=1&psc=1"><img src="https://m.media-amazon.com/images/I/51yjmSTzzML._SL500_.jpg" alt="Product Image"></a><p>B & J Original Brush Cleaner - 2.5 Oz/12ct Display</p><p> -6% 0FF </p><p>$11.99 ($4.80 / Ounce)</p><a href="https://www.amazon.com/dp/B00F38YVQS?tag=eloabder-20&linkCode=osi&th=1&psc=1">View Product</a></div><div class="product"><a href="https://www.amazon.com/dp/B004BN7QQ8?tag=eloabder-20&linkCode=osi&th=1&psc=1"><img src="https://m.media-amazon.com/images/I/31fEWB-h4VL._SL500_.jpg" alt="Product Image"></a><p>Winsor & Newton Brush Cleaner & Restorer, 16.0-oz Bottle</p><p> -14% 0FF </p><p>$21.87 ($1.37 / Fl Oz)</p><a href="https://www.amazon.com/dp/B004BN7QQ8?tag=eloabder-20&linkCode=osi&th=1&psc=1">View Product</a></div><div class="product"><a href="https://www.amazon.com/dp/B0049UZ8Z4?tag=eloabder-20&linkCode=osi&th=1&psc=1"><img src="https://m.media-amazon.com/images/I/51RVD9jAf9L._SL500_.jpg" alt="Product Image"></a><p>General Pencil 103-BJ The Masters Brush Cleaner and Preserver Tub, 24-Ounce</p><p> -19% 0FF </p><p>$28.29</p><a href="https://www.amazon.com/dp/B0049UZ8Z4?tag=eloabder-20&linkCode=osi&th=1&psc=1">View Product</a></div><div class="product"><a href="https://www.amazon.com/dp/B00JB1AUU4?tag=eloabder-20&linkCode=osi&th=1&psc=1"><img src="https://m.media-amazon.com/images/I/51YWgMhI8PL._SL500_.jpg" alt="Product Image"></a><p>General Pencil Masters Brush Cleaner and Preserver 1-Ounce (GP100)</p><p> -29% 0FF </p><p>$8.54</p><a href="https://www.amazon.com/dp/B00JB1AUU4?tag=eloabder-20&linkCode=osi&th=1&psc=1">View Product</a></div>
<div class="product"><a href="https://www.amazon.com/dp/B06X93CZ2F?tag=eloabder-20&linkCode=osi&th=1&psc=1"><img src="https://m.media-amazon.com/images/I/51N++pZFFoL._SL500_.jpg" alt="Product Image"></a><p>JTDEAL Paint Brush Holder, 22 Slots Paint Brush Storage for Acrylic Oil Watercolor Gouache Artist Paint Brush Roll Canvas Pouch, Silver white Holds 100 brushes</p><p> -23% 0FF </p><p>$9.98</p><a href="https://www.amazon.com/dp/B06X93CZ2F?tag=eloabder-20&linkCode=osi&th=1&psc=1">View Product</a></div><div class="product"><a href="https://www.amazon.com/dp/B000GJ76SE?tag=eloabder-20&linkCode=osi&th=1&psc=1"><img src="https://m.media-amazon.com/images/I/41bXOXEav9L._SL500_.jpg" alt="Product Image"></a><p>ArtBin KW903 Brush Box with Foam Inserts, Fine Art Portable Paint Brush Organizer, Plastic, Clear, 1.0 Count</p><p> -20% 0FF </p><p>$15.97</p><a href="https://www.amazon.com/dp/B000GJ76SE?tag=eloabder-20&linkCode=osi&th=1&psc=1">View Product</a></div><div class="product"><a href="https://www.amazon.com/dp/B0D476RJ27?tag=eloabder-20&linkCode=osi&th=1&psc=1"><img src="https://m.media-amazon.com/images/I/513n7TQ7WhL._SL500_.jpg" alt="Product Image"></a><p>SBYURE Wooden Paint Brush Holder Artist Brush Holder 67 Hole Paintbrush Holder Organizer Wood Paint Brush Rack for Pens Pencils and Art Tools</p><p> -17% 0FF </p><p>$9.99</p><a href="https://www.amazon.com/dp/B0D476RJ27?tag=eloabder-20&linkCode=osi&th=1&psc=1">View Product</a></div>
<div class="product"><a href="https://www.amazon.com/dp/B000THNGVO?tag=eloabder-20&linkCode=osi&th=1&psc=1"><img src="https://m.media-amazon.com/images/I/416vczORVSL._SL500_.jpg" alt="Product Image"></a><p>Pentel Fude Brush Pen, Medium (XFL2L)</p><p> -44% 0FF </p><p>$5.59</p><a href="https://www.amazon.com/dp/B000THNGVO?tag=eloabder-20&linkCode=osi&th=1&psc=1">View Product</a></div><div class="product"><a href="https://www.amazon.com/dp/B07DQ4292Y?tag=eloabder-20&linkCode=osi&th=1&psc=1"><img src="https://m.media-amazon.com/images/I/41-kgHpaPvL._SL500_.jpg" alt="Product Image"></a><p>Tombow 62039 Fudenosuke Brush Pens, 3-Pack. Soft, Hard, and Twin Tip Markers for Calligraphy and Art Drawings</p><p> -41% 0FF </p><p>$7.29 ($2.43 / Count)</p><a href="https://www.amazon.com/dp/B07DQ4292Y?tag=eloabder-20&linkCode=osi&th=1&psc=1">View Product</a></div><div class="product"><a href="https://www.amazon.com/dp/B08FCZC2R3?tag=eloabder-20&linkCode=osi&th=1&psc=1"><img src="https://m.media-amazon.com/images/I/51TWqPlqpfL._SL500_.jpg" alt="Product Image"></a><p>Craft 'n' Beyond Calligraphy Brush Pens Pack of 3 Small, Medium and Large Markers for Hand Lettering, Art Drawing, Sketching, Scrapbooking, Journaling - Beginner Kit with Fadeproof Black Ink</p><p> -20% 0FF </p><p>$5.99</p><a href="https://www.amazon.com/dp/B08FCZC2R3?tag=eloabder-20&linkCode=osi&th=1&psc=1">View Product</a></div><div class="product"><a href="https://www.amazon.com/dp/B0752Q39TF?tag=eloabder-20&linkCode=osi&th=1&psc=1"><img src="https://m.media-amazon.com/images/I/318NZq+SxqL._SL500_.jpg" alt="Product Image"></a><p>Zebra Pen Zensations Brush Pen, Brush Tip, Black Water-Resistant Ink, 1-Pack</p><p> -40% 0FF </p><p>$1.71</p><a href="https://www.amazon.com/dp/B0752Q39TF?tag=eloabder-20&linkCode=osi&th=1&psc=1">View Product</a></div><div class="product"><a href="https://www.amazon.com/dp/B01MS96OLD?tag=eloabder-20&linkCode=osi&th=1&psc=1"><img src="https://m.media-amazon.com/images/I/31bfqw+ZWDL._SL500_.jpg" alt="Product Image"></a><p>Tombow Abt Dual Brush Pen N15 Black Pack of 2</p><p> -10% 0FF </p><p>$6.23 ($3.12 / Count)</p><a href="https://www.amazon.com/dp/B01MS96OLD?tag=eloabder-20&linkCode=osi&th=1&psc=1">View Product</a></div>
<div class="product"><a href="https://www.amazon.com/dp/B09KNVGJLG?tag=eloabder-20&linkCode=osi&th=1&psc=1"><img src="https://m.media-amazon.com/images/I/51M8YXIl+HL._SL500_.jpg" alt="Product Image"></a><p>U.S. Art Supply 16 Hole Multi-Function Paint Brush Washer, Cleaner and Holder, 18 Palette Wells, Lid Plastic - Clean, Dry, Rest, Store, Hold Artist Brushes - Cleaning Acrylic, Watercolor, Oil Painting</p><p> -29% 0FF </p><p>$9.99</p><a href="https://www.amazon.com/dp/B09KNVGJLG?tag=eloabder-20&linkCode=osi&th=1&psc=1">View Product</a></div><div class="product"><a href="https://www.amazon.com/dp/B0CF959SCV?tag=eloabder-20&linkCode=osi&th=1&psc=1"><img src="https://m.media-amazon.com/images/I/41ab3WRFu8L._SL500_.jpg" alt="Product Image"></a><p>NIUCOO 2024 Upgraded Paint Brush Cleaner Brush Rinser: Paintbrush Cleaners Painting Station Paint Brush Rinse Paint Brush Washer Estacion De Pintura Flush My Brush Washing</p><p> -17% 0FF </p><p>$9.98</p><a href="https://www.amazon.com/dp/B0CF959SCV?tag=eloabder-20&linkCode=osi&th=1&psc=1">View Product</a></div><div class="product"><a href="https://www.amazon.com/dp/B0017880ME?tag=eloabder-20&linkCode=osi&th=1&psc=1"><img src="https://m.media-amazon.com/images/I/41qGjgJEnsL._SL500_.jpg" alt="Product Image"></a><p>Masterson Fresh Water Rinse Well Brush Cleaner for Cleaning Paintbrushes, Cleaning System for Acrylic, Watercolor, and Water-Based Paints, Great for Studio, Classroom, and Face Painting, Made in USA</p><p> -5% 0FF </p><p>$22.29</p><a href="https://www.amazon.com/dp/B0017880ME?tag=eloabder-20&linkCode=osi&th=1&psc=1">View Product</a></div>
<div class="product"><a href="https://www.amazon.com/dp/B07GH7WGC3?tag=eloabder-20&linkCode=osi&th=1&psc=1"><img src="https://m.media-amazon.com/images/I/51vzX1OZI6L._SL500_.jpg" alt="Product Image"></a><p>BOSOBO Paint Brushes Set, 2 Pack 20 Pcs Round-Pointed Tip Paintbrushes Nylon Hair Artist Acrylic Paint Brushes for Acrylic Oil Watercolor, Face Nail Art, Miniature Detailing & Rock Painting, Blue</p><p> -54% 0FF </p><p>$5.99 ($0.30 / Count)</p><a href="https://www.amazon.com/dp/B07GH7WGC3?tag=eloabder-20&linkCode=osi&th=1&psc=1">View Product</a></div><div class="product"><a href="https://www.amazon.com/dp/B09HH97QTK?tag=eloabder-20&linkCode=osi&th=1&psc=1"><img src="https://m.media-amazon.com/images/I/51LLw4EEEBL._SL500_.jpg" alt="Product Image"></a><p>20 Pcs Paint Brush Set for Acrylic Painting, Watercolor, Miniature Detailing, and Rock Painting</p><p> -50% 0FF </p><p>$4.99</p><a href="https://www.amazon.com/dp/B09HH97QTK?tag=eloabder-20&linkCode=osi&th=1&psc=1">View Product</a></div><div class="product"><a href="https://www.amazon.com/dp/B095M9LKPN?tag=eloabder-20&linkCode=osi&th=1&psc=1"><img src="https://m.media-amazon.com/images/I/51V-4Zpr+iS._SL500_.jpg" alt="Product Image"></a><p>Paint Brushes Set of 24 Pieces Wooden Handles Brushes with Canvas Brush Case, Professional for Oil, Acrylic and Watercolor Painting</p><p> -33% 0FF </p><p>$11.99</p><a href="https://www.amazon.com/dp/B095M9LKPN?tag=eloabder-20&linkCode=osi&th=1&psc=1">View Product</a></div><div class="product"><a href="https://www.amazon.com/dp/B078XJ2DCJ?tag=eloabder-20&linkCode=osi&th=1&psc=1"><img src="https://m.media-amazon.com/images/I/616oHEXPN1S._SL500_.jpg" alt="Product Image"></a><p>Pro Grade - Chip Paint Brushes - 36-Pack - 2 Inch Chip Brush for Paints, Stains, Varnishes, Glues, & Gesso</p><p> -28% 0FF </p><p>$17.99</p><a href="https://www.amazon.com/dp/B078XJ2DCJ?tag=eloabder-20&linkCode=osi&th=1&psc=1">View Product</a></div><div class="product"><a href="https://www.amazon.com/dp/B0878MN2VR?tag=eloabder-20&linkCode=osi&th=1&psc=1"><img src="https://m.media-amazon.com/images/I/51NycGy8AYL._SL500_.jpg" alt="Product Image"></a><p>Acrylic Paint Brush Set, 1 Packs / 10 pcs Watercolor Brushes Painting Brush Nylon Hair Brushes for All Purpose Oil Watercolor Painting Artist Professional Kits.</p><p> -56% 0FF </p><p>$3.99</p><a href="https://www.amazon.com/dp/B0878MN2VR?tag=eloabder-20&linkCode=osi&th=1&psc=1">View Product</a></div><div class="product"><a href="https://www.amazon.com/dp/B07X9SRV4H?tag=eloabder-20&linkCode=osi&th=1&psc=1"><img src="https://m.media-amazon.com/images/I/41Tq91myMWL._SL500_.jpg" alt="Product Image"></a><p>UPINS 30 Pcs Flat Paint Brushes, Small Brush Bulk for Detail Painting</p><p> -56% 0FF </p><p>$6.59 ($0.22 / Count)</p><a href="https://www.amazon.com/dp/B07X9SRV4H?tag=eloabder-20&linkCode=osi&th=1&psc=1">View Product</a></div><div class="product"><a href="https://www.amazon.com/dp/B08CY551NH?tag=eloabder-20&linkCode=osi&th=1&psc=1"><img src="https://m.media-amazon.com/images/I/514-YFHUt2L._SL500_.jpg" alt="Product Image"></a><p>Paint Brushes Set for Acrylic Painting, 20 Pcs Oil Watercolor Acrylic Paint Brush, Artist Paintbrushes for Body Face Rock Canvas, Kids Adult Drawing Arts Crafts Supplies, Blue</p><p> -11% 0FF </p><p>$7.99 ($0.40 / Count)</p><a href="https://www.amazon.com/dp/B08CY551NH?tag=eloabder-20&linkCode=osi&th=1&psc=1">View Product</a></div><div class="product"><a href="https://www.amazon.com/dp/B078XK6XRH?tag=eloabder-20&linkCode=osi&th=1&psc=1"><img src="https://m.media-amazon.com/images/I/51pi8RvmeJL._SL500_.jpg" alt="Product Image"></a><p>Pro Grade - Chip Paint Brushes - 96 Ea 2 Inch Chip Brush for Paints, Stains, Varnishes, Glues, & Gesso</p><p> -24% 0FF </p><p>$33.99</p><a href="https://www.amazon.com/dp/B078XK6XRH?tag=eloabder-20&linkCode=osi&th=1&psc=1">View Product</a></div>
<div class="product"><a href="https://www.amazon.com/dp/B081J66MVD?tag=eloabder-20&linkCode=osi&th=1&psc=1"><img src="https://m.media-amazon.com/images/I/61lZh1TW74L._SL500_.jpg" alt="Product Image"></a><p>Greentime 1500 pcs Round Resin Buttons Mixed Color Assorted Sizes for Crafts Sewing DIY Manual Button Painting DIY Handmade Ornament Buttons, 2 Holes and 4 Holes</p><p> -47% 0FF </p><p>$12.99</p><a href="https://www.amazon.com/dp/B081J66MVD?tag=eloabder-20&linkCode=osi&th=1&psc=1">View Product</a></div><div class="product"><a href="https://www.amazon.com/dp/B076FLR6X1?tag=eloabder-20&linkCode=osi&th=1&psc=1"><img src="https://m.media-amazon.com/images/I/51FdE2YnRTL._SL500_.jpg" alt="Product Image"></a><p>500-700 PCS Assorted Mixed Color Resin Buttons 2 and 4 Holes Round Craft for Sewing DIY Crafts Children's Manual Button Painting,DIY Handmade Ornament</p><p> -13% 0FF </p><p>$6.99</p><a href="https://www.amazon.com/dp/B076FLR6X1?tag=eloabder-20&linkCode=osi&th=1&psc=1">View Product</a></div>
<div class="product"><a href="https://www.amazon.com/dp/B0026SBYUE?tag=eloabder-20&linkCode=osi&th=1&psc=1"><img src="https://m.media-amazon.com/images/I/412Ga9k1q8L._SL500_.jpg" alt="Product Image"></a><p>Higgins Black Calligraphy Ink, 2.5 Ounce Bottle (44314)</p><p> -14% 0FF </p><p>$5.99</p><a href="https://www.amazon.com/dp/B0026SBYUE?tag=eloabder-20&linkCode=osi&th=1&psc=1">View Product</a></div><div class="product"><a href="https://www.amazon.com/dp/B0863983QL?tag=eloabder-20&linkCode=osi&th=1&psc=1"><img src="https://m.media-amazon.com/images/I/51z4eQeSGIL._SL500_.jpg" alt="Product Image"></a><p>SVBAQUUY Calligraphy Ink,12 Colors Dip Calligraphy Pen Inks Set for Art,Writing,Signatures,Calligraphy, Decoration,Gift (15ml)</p><p> -8% 0FF </p><p>$21.99</p><a href="https://www.amazon.com/dp/B0863983QL?tag=eloabder-20&linkCode=osi&th=1&psc=1">View Product</a></div><div class="product"><a href="https://www.amazon.com/dp/B0012F3HHU?tag=eloabder-20&linkCode=osi&th=1&psc=1"><img src="https://m.media-amazon.com/images/I/41pJiFMJ5NL._SL500_.jpg" alt="Product Image"></a><p>Winsor & Newton Calligraphy 6-Jar Ink Set, 30ml</p><p> -38% 0FF </p><p>$24.99 ($4.11 / Fl Oz)</p><a href="https://www.amazon.com/dp/B0012F3HHU?tag=eloabder-20&linkCode=osi&th=1&psc=1">View Product</a></div>
<div class="product"><a href="https://www.amazon.com/dp/B0007ZJ8QU?tag=eloabder-20&linkCode=osi&th=1&psc=1"><img src="https://m.media-amazon.com/images/I/41vTwN7L9NL._SL500_.jpg" alt="Product Image"></a><p>Speedball C-Series Lettering Pen Set - 1 Penholder w/ 6 Nibs</p><p> -8% 0FF </p><p>$11.99</p><a href="https://www.amazon.com/dp/B0007ZJ8QU?tag=eloabder-20&linkCode=osi&th=1&psc=1">View Product</a></div>
<div class="product"><a href="https://www.amazon.com/dp/B000KNNVX0?tag=eloabder-20&linkCode=osi&th=1&psc=1"><img src="https://m.media-amazon.com/images/I/51RAGoN6UsL._SL500_.jpg" alt="Product Image"></a><p>Strathmore STR- 50 Sheet Tape Bound Calligraphy Pad, 8.5 by 11", White</p><p> -26% 0FF </p><p>$6.90</p><a href="https://www.amazon.com/dp/B000KNNVX0?tag=eloabder-20&linkCode=osi&th=1&psc=1">View Product</a></div><div class="product"><a href="https://www.amazon.com/dp/B08X6CSGMK?tag=eloabder-20&linkCode=osi&th=1&psc=1"><img src="https://m.media-amazon.com/images/I/41cuzxFTUkL._SL500_.jpg" alt="Product Image"></a><p>Cotton Deckle Edge Paper Loose Leaf Sheets for Writing Calligraphy, Printing, Scrapbook Crafts, Map, Certificate, Invitation 150 GSM Ivory White-501-5x7-20</p><p> -35% 0FF </p><p>$12.99</p><a href="https://www.amazon.com/dp/B08X6CSGMK?tag=eloabder-20&linkCode=osi&th=1&psc=1">View Product</a></div>
<div class="product"><a href="https://www.amazon.com/dp/B001DKJLEC?tag=eloabder-20&linkCode=osi&th=1&psc=1"><img src="https://m.media-amazon.com/images/I/41T7Ur1AtUL._SL500_.jpg" alt="Product Image"></a><p>Speedball Elegant Writer Calligraphy 4 Marker Set, Black, 2.0 mm, 2.5 mm & 3.0 mm Chisel Nib Tip Pens for Drawing, Journaling, and Scrapbooking</p><p> -17% 0FF </p><p>$9.99 ($2.50 / Count)</p><a href="https://www.amazon.com/dp/B001DKJLEC?tag=eloabder-20&linkCode=osi&th=1&psc=1">View Product</a></div><div class="product"><a href="https://www.amazon.com/dp/B07RF533S7?tag=eloabder-20&linkCode=osi&th=1&psc=1"><img src="https://m.media-amazon.com/images/I/51JgvR-kW9L._SL500_.jpg" alt="Product Image"></a><p>Faber-Castell Calligraphy Pitt Artist Pen Set - 6 Multi Colored Calligraphy Pens</p><p> -41% 0FF </p><p>$14.19</p><a href="https://www.amazon.com/dp/B07RF533S7?tag=eloabder-20&linkCode=osi&th=1&psc=1">View Product</a></div><div class="product"><a href="https://www.amazon.com/dp/B08RYWH185?tag=eloabder-20&linkCode=osi&th=1&psc=1"><img src="https://m.media-amazon.com/images/I/51GFkyfC3iL._SL500_.jpg" alt="Product Image"></a><p>Piochoo Calligraphy Pens,8 Size Calligraphy Pens for Writing,Brush Pens Calligraphy Set for Beginners, Hand Lettering Pens</p><p> -24% 0FF </p><p>$12.99</p><a href="https://www.amazon.com/dp/B08RYWH185?tag=eloabder-20&linkCode=osi&th=1&psc=1">View Product</a></div>
<div class="product"><a href="https://www.amazon.com/dp/B01N5NKSQ3?tag=eloabder-20&linkCode=osi&th=1&psc=1"><img src="https://m.media-amazon.com/images/I/51HdJ6WBmEL._SL500_.jpg" alt="Product Image"></a><p>Mont Marte Calligraphy Set, 32 Piece. Includes Calligraphy Pens, Calligraphy Nibs, Ink Cartridges, Introduction Booklet and Exercise Booklet, Packaging May Vary</p><p> -13% 0FF </p><p>$23.42</p><a href="https://www.amazon.com/dp/B01N5NKSQ3?tag=eloabder-20&linkCode=osi&th=1&psc=1">View Product</a></div><div class="product"><a href="https://www.amazon.com/dp/B093TGXLLD?tag=eloabder-20&linkCode=osi&th=1&psc=1"><img src="https://m.media-amazon.com/images/I/61ZllSpD4FS._SL500_.jpg" alt="Product Image"></a><p>GC QUILL Calligraphy Fountain Pen Set- 7 with Different Nibs and 40 Ink Cartridges for Beginners- MU-09</p><p> -25% 0FF </p><p>$24.89</p><a href="https://www.amazon.com/dp/B093TGXLLD?tag=eloabder-20&linkCode=osi&th=1&psc=1">View Product</a></div><div class="product"><a href="https://www.amazon.com/dp/B0BCVDNPRJ?tag=eloabder-20&linkCode=osi&th=1&psc=1"><img src="https://m.media-amazon.com/images/I/51J-hFN4AeL._SL500_.jpg" alt="Product Image"></a><p>GC QUILL Calligraphy Pens Set 64pcs - Calligraphy Fountain Pen Set with 3 Fountain Pens, 7 Varied Nibs, 54 Ink Cartridges(10 Colors) - Writing, Drawing and Calligraphy Practice for beginner GC-F354</p><p> -35% 0FF </p><p>$23.99</p><a href="https://www.amazon.com/dp/B0BCVDNPRJ?tag=eloabder-20&linkCode=osi&th=1&psc=1">View Product</a></div>
<div class="product"><a href="https://www.amazon.com/dp/B00RK5HERU?tag=eloabder-20&linkCode=osi&th=1&psc=1"><img src="https://m.media-amazon.com/images/I/31XKJDOBVRL._SL500_.jpg" alt="Product Image"></a><p>Pacific Arc Ames Lettering Guide for Lettering, Writing, Architecture, and Drawing</p><p> -26% 0FF </p><p>$5.15</p><a href="https://www.amazon.com/dp/B00RK5HERU?tag=eloabder-20&linkCode=osi&th=1&psc=1">View Product</a></div><div class="product"><a href="https://www.amazon.com/dp/B01M0ERS1V?tag=eloabder-20&linkCode=osi&th=1&psc=1"><img src="https://m.media-amazon.com/images/I/41RPeg4SP7L._SL500_.jpg" alt="Product Image"></a><p>Tombow 56190 Beginner Lettering Set. Includes Essential Tools to Start Hand Lettering</p><p> -51% 0FF </p><p>$7.81</p><a href="https://www.amazon.com/dp/B01M0ERS1V?tag=eloabder-20&linkCode=osi&th=1&psc=1">View Product</a></div>
<div class="product"><a href="https://www.amazon.com/dp/B06Y3T5RV4?tag=eloabder-20&linkCode=osi&th=1&psc=1"><img src="https://m.media-amazon.com/images/I/61yZyP8eZTL._SL500_.jpg" alt="Product Image"></a><p>Candle Dyes for Soy Candle Making - Wax Сolor Dye Color Chips for Soy Wax - 16 Popular Colors Wax Dye Flakes</p><p> -30% 0FF </p><p>$13.99 ($8.74 / Ounce)</p><a href="https://www.amazon.com/dp/B06Y3T5RV4?tag=eloabder-20&linkCode=osi&th=1&psc=1">View Product</a></div><div class="product"><a href="https://www.amazon.com/dp/B08J1D4CN2?tag=eloabder-20&linkCode=osi&th=1&psc=1"><img src="https://m.media-amazon.com/images/I/51xAau3LTLL._SL500_.jpg" alt="Product Image"></a><p>Hearth & Harbor Candle Dye for Soy Candle Making – Candle Color Dye for Soy Wax, 24 Popular Colors Candle Wax Dye Blocks, Nontoxic Candle Dyes for Candle Making, Candle Making Supplies for DIY Candles</p><p> -43% 0FF </p><p>$11.87 ($1.75 / Ounce)</p><a href="https://www.amazon.com/dp/B08J1D4CN2?tag=eloabder-20&linkCode=osi&th=1&psc=1">View Product</a></div><div class="product"><a href="https://www.amazon.com/dp/B0CMCPGLQZ?tag=eloabder-20&linkCode=osi&th=1&psc=1"><img src="https://m.media-amazon.com/images/I/51G9e-Epa0L._SL500_.jpg" alt="Product Image"></a><p>Candle Dye - 12 Colors Wax Melt Dye for Candle Making, Oil-Based Dye for Wax, Highly Concentrate Liquid Candle Color Dye</p><p> -11% 0FF </p><p>$7.99</p><a href="https://www.amazon.com/dp/B0CMCPGLQZ?tag=eloabder-20&linkCode=osi&th=1&psc=1">View Product</a></div>
<div class="product"><a href="https://www.amazon.com/dp/B09ZG8P7ZB?tag=eloabder-20&linkCode=osi&th=1&psc=1"><img src="https://m.media-amazon.com/images/I/51o+EjUxogL._SL500_.jpg" alt="Product Image"></a><p>Hearth & Harbor Soy Candle Wax for Candle Making 10 lb Bag, Premium Natural Soy Wax Flakes, 100 Cotton Candle Wicks, 100 Wick Stickers, & 2 Centering Devices</p><p> -8% 0FF </p><p>$36.99</p><a href="https://www.amazon.com/dp/B09ZG8P7ZB?tag=eloabder-20&linkCode=osi&th=1&psc=1">View Product</a></div><div class="product"><a href="https://www.amazon.com/dp/B0BX2NXZCN?tag=eloabder-20&linkCode=osi&th=1&psc=1"><img src="https://m.media-amazon.com/images/I/51nxdXNpRYL._SL500_.jpg" alt="Product Image"></a><p>Complete Candle Making Kits for Adults Beginners,DIY Candle Making Supplies Include Soy Wax,Wax Melter,Scents,Dyes,Wicks,Wicks Sticker,Candle Tins & More-Full Candle Making Set - Arts & Crafts Kits</p><p> -43% 0FF </p><p>$22.99</p><a href="https://www.amazon.com/dp/B0BX2NXZCN?tag=eloabder-20&linkCode=osi&th=1&psc=1">View Product</a></div><div class="product"><a href="https://www.amazon.com/dp/B09KG8CXJV?tag=eloabder-20&linkCode=osi&th=1&psc=1"><img src="https://m.media-amazon.com/images/I/518SqpeIjbL._SL500_.jpg" alt="Product Image"></a><p>SAEUYVB Candle Making Kit for Adults with Hot Plate, DIY Starter Soy Candle Making Supplies/Kit - Perfect as Home Decorations（Black）</p><p> -13% 0FF </p><p>$54.99</p><a href="https://www.amazon.com/dp/B09KG8CXJV?tag=eloabder-20&linkCode=osi&th=1&psc=1">View Product</a></div><div class="product"><a href="https://www.amazon.com/dp/B09RX3HR32?tag=eloabder-20&linkCode=osi&th=1&psc=1"><img src="https://m.media-amazon.com/images/I/51yOqj55w3L._SL500_.jpg" alt="Product Image"></a><p>FAIRYELF Candle Making Kit with Wax Melter, Complete Candle Making Supplies, Soy Candle Wax Kit for Kids, Beginners, Adults, Including Electronic Stove, Soy Wax, Melting Pot, Rich Scents and Dyes</p><p> -17% 0FF </p><p>$49.99</p><a href="https://www.amazon.com/dp/B09RX3HR32?tag=eloabder-20&linkCode=osi&th=1&psc=1">View Product</a></div>
<div class="product"><a href="https://www.amazon.com/dp/B0CH67W758?tag=eloabder-20&linkCode=osi&th=1&psc=1"><img src="https://m.media-amazon.com/images/I/41jiPzWJO4L._SL500_.jpg" alt="Product Image"></a><p>Diamond Ball Mold Ball Candle Mold Diamond Shape Resin Casting Mold Resin Making Molds Silicone Mold for Candle Home Decorate Mold Candle Making Mold 3D Animal Mold</p><p> -17% 0FF </p><p>$9.99</p><a href="https://www.amazon.com/dp/B0CH67W758?tag=eloabder-20&linkCode=osi&th=1&psc=1">View Product</a></div><div class="product"><a href="https://www.amazon.com/dp/B09P9RFKJF?tag=eloabder-20&linkCode=osi&th=1&psc=1"><img src="https://m.media-amazon.com/images/I/41r1hyLKb7L._SL500_.jpg" alt="Product Image"></a><p>Silicone Candle Molds Set, 4PCS Bubble Candle Molds, Candle Molds for Candle Making, Epoxy Mold for Decor, Soap Making Resin Mold for Handmade Chocolate, Pudding, Clay, Ornament</p><p> -50% 0FF </p><p>$5.99</p><a href="https://www.amazon.com/dp/B09P9RFKJF?tag=eloabder-20&linkCode=osi&th=1&psc=1">View Product</a></div>
<div class="product"><a href="https://www.amazon.com/dp/B015W8DWUO?tag=eloabder-20&linkCode=osi&th=1&psc=1"><img src="https://m.media-amazon.com/images/I/41umHqV4zhL._SL500_.jpg" alt="Product Image"></a><p>EricX Light 100 Piece Cotton Candle Wick 6" Pre-Waxed for Candle Making,Candle DIY</p><p> -34% 0FF </p><p>$5.25</p><a href="https://www.amazon.com/dp/B015W8DWUO?tag=eloabder-20&linkCode=osi&th=1&psc=1">View Product</a></div><div class="product"><a href="https://www.amazon.com/dp/B097D7S6KB?tag=eloabder-20&linkCode=osi&th=1&psc=1"><img src="https://m.media-amazon.com/images/I/41jpnnrDAjL._SL500_.jpg" alt="Product Image"></a><p>CandMak Candle Wick Kit, 60 Cotton Candle Wicks with Candle Making Tools for Candle Making (Thick 4"+6"+8")</p><p> -30% 0FF </p><p>$6.99</p><a href="https://www.amazon.com/dp/B097D7S6KB?tag=eloabder-20&linkCode=osi&th=1&psc=1">View Product</a></div><div class="product"><a href="https://www.amazon.com/dp/B084ZSZQ4T?tag=eloabder-20&linkCode=osi&th=1&psc=1"><img src="https://m.media-amazon.com/images/I/41vLRbXIHhL._SL500_.jpg" alt="Product Image"></a><p>Candle Wick,100 Piece Candle Wicks for Candle Making DIY, 6 Inch Pre-Waxed Cotton Wick with Tabs</p><p> -40% 0FF </p><p>$4.79</p><a href="https://www.amazon.com/dp/B084ZSZQ4T?tag=eloabder-20&linkCode=osi&th=1&psc=1">View Product</a></div><div class="product"><a href="https://www.amazon.com/dp/B08Z334W66?tag=eloabder-20&linkCode=osi&th=1&psc=1"><img src="https://m.media-amazon.com/images/I/51nsfCzAwwL._SL500_.jpg" alt="Product Image"></a><p>DINGPAI 100pcs Cotton Candle Wicks, 6 inches Low Smoke Pre-Waxed Candle Wicks for Candle Making, Candle DIY</p><p> -41% 0FF </p><p>$4.99</p><a href="https://www.amazon.com/dp/B08Z334W66?tag=eloabder-20&linkCode=osi&th=1&psc=1">View Product</a></div>
<div class="product"><a href="https://www.amazon.com/dp/B087CPQ9GW?tag=eloabder-20&linkCode=osi&th=1&psc=1"><img src="https://m.media-amazon.com/images/I/41TL1NEX1NL._SL500_.jpg" alt="Product Image"></a><p>Simetufy Canvas Boards for Painting 52 Pack 8 x 10 Inch Blank Canvas Panels 100% Cotton Canvases Pre-Primed for Acrylic & Oil Paint</p><p> -29% 0FF </p><p>$35.99</p><a href="https://www.amazon.com/dp/B087CPQ9GW?tag=eloabder-20&linkCode=osi&th=1&psc=1">View Product</a></div><div class="product"><a href="https://www.amazon.com/dp/B087F4F5DK?tag=eloabder-20&linkCode=osi&th=1&psc=1"><img src="https://m.media-amazon.com/images/I/41zXOPu42qL._SL500_.jpg" alt="Product Image"></a><p>Simetufy 11 x 14 Inch Canvas Boards for Painting 32 Pack, Pre-Primed Blank Canvases for Painting 100% Cotton Paint Canvas for Acrylic, Oil</p><p> -25% 0FF </p><p>$37.99</p><a href="https://www.amazon.com/dp/B087F4F5DK?tag=eloabder-20&linkCode=osi&th=1&psc=1">View Product</a></div><div class="product"><a href="https://www.amazon.com/dp/B0CFV54VSS?tag=eloabder-20&linkCode=osi&th=1&psc=1"><img src="https://m.media-amazon.com/images/I/518YbprzAiL._SL500_.jpg" alt="Product Image"></a><p>Simetufy 8 Pack 8x10 Inch Canvas Boards for Painting Canvas Panels Painting Canvas-Gesso Primed Acid-Free 100% Cotton Canvases for Acrylics Oil Watercolor Tempera Paints</p><p> -5% 0FF </p><p>$8.99</p><a href="https://www.amazon.com/dp/B0CFV54VSS?tag=eloabder-20&linkCode=osi&th=1&psc=1">View Product</a></div><div class="product"><a href="https://www.amazon.com/dp/B07RT3865J?tag=eloabder-20&linkCode=osi&th=1&psc=1"><img src="https://m.media-amazon.com/images/I/51N9Bt-h3PL._SL500_.jpg" alt="Product Image"></a><p>FIXSMITH Canvas Boards for Painting 5x7 Inch, Super Value 24 Pack Mini Canvases, White Blank Canvas Panels, 100% Cotton Primed, Painting Art Supplies</p><p> -16% 0FF </p><p>$15.99</p><a href="https://www.amazon.com/dp/B07RT3865J?tag=eloabder-20&linkCode=osi&th=1&psc=1">View Product</a></div>
<div class="product"><a href="https://www.amazon.com/dp/B09MCHDSPR?tag=eloabder-20&linkCode=osi&th=1&psc=1"><img src="https://m.media-amazon.com/images/I/41S+37Lx2wL._SL500_.jpg" alt="Product Image"></a><p>100% Natural Cotton 7 oz Canvas Fabric (Duck), 63 Inches Wide X 3 Yards Long</p><p> -23% 0FF </p><p>$29.95</p><a href="https://www.amazon.com/dp/B09MCHDSPR?tag=eloabder-20&linkCode=osi&th=1&psc=1">View Product</a></div>
<div class="product"><a href="https://www.amazon.com/dp/B07D4YF3K4?tag=eloabder-20&linkCode=osi&th=1&psc=1"><img src="https://m.media-amazon.com/images/I/41ffykOOE7L._SL500_.jpg" alt="Product Image"></a><p>Neenah Index Cardstock, 8.5" x 11", 90 lb/163 gsm, White, Lightweight, 94 Brightness, 300 Sheets (91437)</p><p> -34% 0FF </p><p>$12.99</p><a href="https://www.amazon.com/dp/B07D4YF3K4?tag=eloabder-20&linkCode=osi&th=1&psc=1">View Product</a></div><div class="product"><a href="https://www.amazon.com/dp/B00006IDRW?tag=eloabder-20&linkCode=osi&th=1&psc=1"><img src="https://m.media-amazon.com/images/I/412xLv5ae7L._SL500_.jpg" alt="Product Image"></a><p>Neenah Premium Cardstock, 8.5" x 11", 65 lb/176 gsm, Bright White, 250 Sheets (91904)</p><p> -5% 0FF </p><p>$14.29</p><a href="https://www.amazon.com/dp/B00006IDRW?tag=eloabder-20&linkCode=osi&th=1&psc=1">View Product</a></div><div class="product"><a href="https://www.amazon.com/dp/B0CYPPHFV9?tag=eloabder-20&linkCode=osi&th=1&psc=1"><img src="https://m.media-amazon.com/images/I/51IQR4E5R1L._SL500_.jpg" alt="Product Image"></a><p>96 Sheets Colored Cardstock 24 Colors, 8.5x11 Color Cardstock Bulk, 200gsm/75lb Assorted Colors Construction Paper for Printing, Card Making, Die Cutting, Crafts, Scrapbooking, Party Decorations</p><p> -7% 0FF </p><p>$12.99</p><a href="https://www.amazon.com/dp/B0CYPPHFV9?tag=eloabder-20&linkCode=osi&th=1&psc=1">View Product</a></div><div class="product"><a href="https://www.amazon.com/dp/B08DCF5B4P?tag=eloabder-20&linkCode=osi&th=1&psc=1"><img src="https://m.media-amazon.com/images/I/41GRzmuulDL._SL500_.jpg" alt="Product Image"></a><p>Hammermill White Cardstock, 110 Lb, 8.5 x 11 Colored Cardstock, 1 Pack (200 Sheets) - Thick Card Stock, Made in the USA, 168380R</p><p> -38% 0FF </p><p>$13.32</p><a href="https://www.amazon.com/dp/B08DCF5B4P?tag=eloabder-20&linkCode=osi&th=1&psc=1">View Product</a></div><div class="product"><a href="https://www.amazon.com/dp/B0CNVRRWT1?tag=eloabder-20&linkCode=osi&th=1&psc=1"><img src="https://m.media-amazon.com/images/I/31WHKeB3LrL._SL500_.jpg" alt="Product Image"></a><p>BigOtters 27Sheets Black Cardstock Paper 8.5” x 11”, Craft Cardstock Construction Card Stock for Card Making Kids Art Crafts Scrapbooking, School Supplies, 92lb/250gsm</p><p> -43% 0FF </p><p>$3.99</p><a href="https://www.amazon.com/dp/B0CNVRRWT1?tag=eloabder-20&linkCode=osi&th=1&psc=1">View Product</a></div><div class="product"><a href="https://www.amazon.com/dp/B07QNMF4ZP?tag=eloabder-20&linkCode=osi&th=1&psc=1"><img src="https://m.media-amazon.com/images/I/41k97BuiQeL._SL500_.jpg" alt="Product Image"></a><p>Printworks White Cardstock, Standard, 67 lb. Vellum, 92 Bright, 250 sheets, 8.5 x 11, For Office, Home & School Printing, Craft Projects (00564)</p><p> -11% 0FF </p><p>$13.35</p><a href="https://www.amazon.com/dp/B07QNMF4ZP?tag=eloabder-20&linkCode=osi&th=1&psc=1">View Product</a></div>
<div class="product"><a href="https://www.amazon.com/dp/B0CW1LC631?tag=eloabder-20&linkCode=osi&th=1&psc=1"><img src="https://m.media-amazon.com/images/I/51wPMkRVlrL._SL500_.jpg" alt="Product Image"></a><p>Dragon Creek Wood Whittling Kit Complete Whittling Knife Wood Carving Tools Set Wood Carving Knives Kit for Kids Adults Beginners</p><p> -50% 0FF </p><p>$19.49</p><a href="https://www.amazon.com/dp/B0CW1LC631?tag=eloabder-20&linkCode=osi&th=1&psc=1">View Product</a></div>
<div class="product"><a href="https://www.amazon.com/dp/B07TVWD15T?tag=eloabder-20&linkCode=osi&th=1&psc=1"><img src="https://m.media-amazon.com/images/I/51fGMe-HqPL._SL500_.jpg" alt="Product Image"></a><p>AUGSUN Wood Carving Knife Set - 20 PCS Hand Carving Tool Set for DIY Sculpture Carpenter Experts & Beginners</p><p> -6% 0FF </p><p>$14.99</p><a href="https://www.amazon.com/dp/B07TVWD15T?tag=eloabder-20&linkCode=osi&th=1&psc=1">View Product</a></div><div class="product"><a href="https://www.amazon.com/dp/B001UYUVL8?tag=eloabder-20&linkCode=osi&th=1&psc=1"><img src="https://m.media-amazon.com/images/I/51Idf3mdhXL._SL500_.jpg" alt="Product Image"></a><p>FLEXCUT Carving Tools, Micro Palm Craving Set, Set of 4 (FR804)</p><p> -7% 0FF </p><p>$68.94</p><a href="https://www.amazon.com/dp/B001UYUVL8?tag=eloabder-20&linkCode=osi&th=1&psc=1">View Product</a></div><div class="product"><a href="https://www.amazon.com/dp/B0BZ7GMCST?tag=eloabder-20&linkCode=osi&th=1&psc=1"><img src="https://m.media-amazon.com/images/I/413mIJ+ZgrL._SL500_.jpg" alt="Product Image"></a><p>Blisstime 18PCS Clay Sculpting Tools, Basic Clay Pottery Carving Tool Kit with Wooden Handles and Tool Bag</p><p> -40% 0FF </p><p>$11.99</p><a href="https://www.amazon.com/dp/B0BZ7GMCST?tag=eloabder-20&linkCode=osi&th=1&psc=1">View Product</a></div>
<div class="product"><a href="https://www.amazon.com/dp/B09Q612DBG?tag=eloabder-20&linkCode=osi&th=1&psc=1"><img src="https://m.media-amazon.com/images/I/511LJ44qugL._SL500_.jpg" alt="Product Image"></a><p>Teexpert Epoxy Resin Crystal Clear: 64OZ Epoxy Resin kit Fast Curing Heat Resistant for Casting Coating Art DIY Craft Jewelry Wood Table Top Flower Preservation- 2 Part(32OZ Resin and 32OZ Hardener)</p><p> -10% 0FF </p><p>$22.49 ($0.35 / Fl Oz)</p><a href="https://www.amazon.com/dp/B09Q612DBG?tag=eloabder-20&linkCode=osi&th=1&psc=1">View Product</a></div><div class="product"><a href="https://www.amazon.com/dp/B0B2K12XQ8?tag=eloabder-20&linkCode=osi&th=1&psc=1"><img src="https://m.media-amazon.com/images/I/51qEL8qPgCL._SL500_.jpg" alt="Product Image"></a><p>LET'S RESIN 80oz Crystal Clear Casting Resin Kit,Bubbles Free Epoxy Resin Supplies,Clear Resin for Craft,Tumblers,Molds,Jewelry,Resin and Hardener with 6 Mica Powders,Large Silicone Cup</p><p> -42% 0FF </p><p>$36.79 ($0.46 / Ounce)</p><a href="https://www.amazon.com/dp/B0B2K12XQ8?tag=eloabder-20&linkCode=osi&th=1&psc=1">View Product</a></div><div class="product"><a href="https://www.amazon.com/dp/B086L1CDMT?tag=eloabder-20&linkCode=osi&th=1&psc=1"><img src="https://m.media-amazon.com/images/I/41icNRW2NRL._SL500_.jpg" alt="Product Image"></a><p>Epoxy Resin, 32OZ Resin Kit, Epoxy Resin Crystal Clear-Not Yellowing and No Bubble Self Leveling Easy Mix 1:1 Casting & Coating for DIY Jewelry Making of The Art Resin & Epoxy Resin (32oz)</p><p> -10% 0FF </p><p>$15.29</p><a href="https://www.amazon.com/dp/B086L1CDMT?tag=eloabder-20&linkCode=osi&th=1&psc=1">View Product</a></div><div class="product"><a href="https://www.amazon.com/dp/B0BY2PFY62?tag=eloabder-20&linkCode=osi&th=1&psc=1"><img src="https://m.media-amazon.com/images/I/51jY4DbLEVL._SL500_.jpg" alt="Product Image"></a><p>LET'S RESIN Polyurethane Resin, 60oz 2 Part Casting Resin, Fast Cured Resin within 10 Minutes, Ultra Low Viscosity & Low Odor Pourable Liquid Plastic for Casting Models, Prototypes & Other Resin Craft</p><p> -5% 0FF </p><p>$40.99 ($0.68 / Ounce)</p><a href="https://www.amazon.com/dp/B0BY2PFY62?tag=eloabder-20&linkCode=osi&th=1&psc=1">View Product</a></div><div class="product"><a href="https://www.amazon.com/dp/B0CPVCRD93?tag=eloabder-20&linkCode=osi&th=1&psc=1"><img src="https://m.media-amazon.com/images/I/51mBmD2NCqL._SL500_.jpg" alt="Product Image"></a><p>Puduo Epoxy Resin Kit 72OZ，Newly Formulated Crystal Clear Epoxy Resin，Strong, Bubble-Free, Anti-Yellowing Art Resin That，Suitable for Casting, DIY, Resin Art, Molds, Jewelry, Easy to Mix 1:1 Ratio</p><p> -21% 0FF </p><p>$36.99 ($0.51 / Ounce)</p><a href="https://www.amazon.com/dp/B0CPVCRD93?tag=eloabder-20&linkCode=osi&th=1&psc=1">View Product</a></div><div class="product"><a href="https://www.amazon.com/dp/B0B7DZ4YPN?tag=eloabder-20&linkCode=osi&th=1&psc=1"><img src="https://m.media-amazon.com/images/I/51NIBuS801L._SL500_.jpg" alt="Product Image"></a><p>Epoxy Resin 64OZ - Crystal Clear Epoxy Resin Kit - No Yellowing No Bubble Art Resin Casting Resin for Art Crafts, Jewelry Making, Wood & Resin Molds(32OZ x 2)</p><p> -32% 0FF </p><p>$29.99 ($0.47 / Ounce)</p><a href="https://www.amazon.com/dp/B0B7DZ4YPN?tag=eloabder-20&linkCode=osi&th=1&psc=1">View Product</a></div><div class="product"><a href="https://www.amazon.com/dp/B0C1FL6QR3?tag=eloabder-20&linkCode=osi&th=1&psc=1"><img src="https://m.media-amazon.com/images/I/51Lv4KyEb4L._SL500_.jpg" alt="Product Image"></a><p>LET'S RESIN 1 Gallon Casting Epoxy Resin with Pumps, Crystal Clear Epoxy Resin Kit for Beginners, with Ocean White Paste, Color Pigment, for DIY Art, Craft,Jewelry,River Table</p><p> -5% 0FF </p><p>$74.99</p><a href="https://www.amazon.com/dp/B0C1FL6QR3?tag=eloabder-20&linkCode=osi&th=1&psc=1">View Product</a></div><div class="product"><a href="https://www.amazon.com/dp/B08SJ58YBG?tag=eloabder-20&linkCode=osi&th=1&psc=1"><img src="https://m.media-amazon.com/images/I/51vDNE5fyxL._SL500_.jpg" alt="Product Image"></a><p>JDiction Epoxy Resin Clear High Gloss Epoxy Resin, Maximum 1.5 Inch Deep Pour 1 Gallon Casting Resin for Jewelry Making, Table Top, Wood and Mold Crafts</p><p> -35% 0FF </p><p>$47.99 ($0.37 / Fl Oz)</p><a href="https://www.amazon.com/dp/B08SJ58YBG?tag=eloabder-20&linkCode=osi&th=1&psc=1">View Product</a></div>
<div class="product"><a href="https://www.amazon.com/dp/B0021IK626?tag=eloabder-20&linkCode=osi&th=1&psc=1"><img src="https://m.media-amazon.com/images/I/317wgA0GITL._SL500_.jpg" alt="Product Image"></a><p>Winsor & Newton Artist Vine Charcoal Sticks, Soft, Box of 12 Sticks</p><p> -12% 0FF </p><p>$10.56</p><a href="https://www.amazon.com/dp/B0021IK626?tag=eloabder-20&linkCode=osi&th=1&psc=1">View Product</a></div><div class="product"><a href="https://www.amazon.com/dp/B004O7FFR8?tag=eloabder-20&linkCode=osi&th=1&psc=1"><img src="https://m.media-amazon.com/images/I/51JJnYm-n2L._SL500_.jpg" alt="Product Image"></a><p>Strathmore 300 Series Charcoal Paper Pad, Top Wire Bound, 9x12 inches, 32 Sheets (64lb/95g) - Artist Paper for Adults and Students - Charcoal and Pastel</p><p> -28% 0FF </p><p>$7.82</p><a href="https://www.amazon.com/dp/B004O7FFR8?tag=eloabder-20&linkCode=osi&th=1&psc=1">View Product</a></div><div class="product"><a href="https://www.amazon.com/dp/B004XMELLA?tag=eloabder-20&linkCode=osi&th=1&psc=1"><img src="https://m.media-amazon.com/images/I/41wklAOeEwS._SL500_.jpg" alt="Product Image"></a><p>CRETACOLOR Charcoal Powder, 175 gram</p><p> -17% 0FF </p><p>$19.99</p><a href="https://www.amazon.com/dp/B004XMELLA?tag=eloabder-20&linkCode=osi&th=1&psc=1">View Product</a></div>
<div class="product"><a href="https://www.amazon.com/dp/B08MFWBCKT?tag=eloabder-20&linkCode=osi&th=1&psc=1"><img src="https://m.media-amazon.com/images/I/41I3tDQXv9L._SL500_.jpg" alt="Product Image"></a><p>Winsor & Newton Studio Collection, 6 Count, Charcoal Pencils</p><p> -29% 0FF </p><p>$9.99</p><a href="https://www.amazon.com/dp/B08MFWBCKT?tag=eloabder-20&linkCode=osi&th=1&psc=1">View Product</a></div>
<div class="product"><a href="https://www.amazon.com/dp/B001BYK7RA?tag=eloabder-20&linkCode=osi&th=1&psc=1"><img src="https://m.media-amazon.com/images/I/316EZYjc1XL._SL500_.jpg" alt="Product Image"></a><p>Winsor & Newton Artist Vine Charcoal Sticks, Soft, Box of 3 Sticks</p><p> -27% 0FF </p><p>$2.99 ($1.00 / Count)</p><a href="https://www.amazon.com/dp/B001BYK7RA?tag=eloabder-20&linkCode=osi&th=1&psc=1">View Product</a></div><div class="product"><a href="https://www.amazon.com/dp/B08L8JKP72?tag=eloabder-20&linkCode=osi&th=1&psc=1"><img src="https://m.media-amazon.com/images/I/41pXzOgpC8L._SL500_.jpg" alt="Product Image"></a><p>Pacific Arc Compressed Charcoal Sticks Soft 12 Pack for Drawing, Sketching, and Shading</p><p> -24% 0FF </p><p>$9.17</p><a href="https://www.amazon.com/dp/B08L8JKP72?tag=eloabder-20&linkCode=osi&th=1&psc=1">View Product</a></div>
<div class="product"><a href="https://www.amazon.com/dp/B07BYVFMB1?tag=eloabder-20&linkCode=osi&th=1&psc=1"><img src="https://m.media-amazon.com/images/I/31rrg6weNlL._SL500_.jpg" alt="Product Image"></a><p>50 Chipboard Sheets 8.5 x 11 inch - 50pt (point) Heavy Weight Brown Kraft Cardboard for Scrapbooking & Picture Frame Backing (.050 Caliper Thick) Paper Board | MagicWater Supply</p><p> -42% 0FF </p><p>$24.99</p><a href="https://www.amazon.com/dp/B07BYVFMB1?tag=eloabder-20&linkCode=osi&th=1&psc=1">View Product</a></div><div class="product"><a href="https://www.amazon.com/dp/B00161W6L8?tag=eloabder-20&linkCode=osi&th=1&psc=1"><img src="https://m.media-amazon.com/images/I/41MflHlo3JL._SL500_.jpg" alt="Product Image"></a><p>GRAFIX Natural Medium Weight Chipboard Sheets 8.5"X11" 25/Pkg, 8.5"x11"x0.057", Count</p><p> -27% 0FF </p><p>$18.26 ($0.73 / Count)</p><a href="https://www.amazon.com/dp/B00161W6L8?tag=eloabder-20&linkCode=osi&th=1&psc=1">View Product</a></div>
<div class="product"><a href="https://www.amazon.com/dp/B0CG82NVDX?tag=eloabder-20&linkCode=osi&th=1&psc=1"><img src="https://m.media-amazon.com/images/I/41LZLhnqZ2L._SL500_.jpg" alt="Product Image"></a><p>4 Piece Wood Chisel Sets Woodworking Tools Set, Wood Chisels for Woodworking with Steel Hammer End, Wood Tools Chisel Set Woodworking with Ergonomic Plastic Handle, 6mm, 12mm, 18mm, 24mm</p><p> -8% 0FF </p><p>$9.18</p><a href="https://www.amazon.com/dp/B0CG82NVDX?tag=eloabder-20&linkCode=osi&th=1&psc=1">View Product</a></div><div class="product"><a href="https://www.amazon.com/dp/B07GGYNHSQ?tag=eloabder-20&linkCode=osi&th=1&psc=1"><img src="https://m.media-amazon.com/images/I/41jGbSe1quL._SL500_.jpg" alt="Product Image"></a><p>HURRICANE 4 Piece Wood Chisel Set for Woodworking, CR-V Steel Beveled Edge Blade, Durable PVC High Impact Handle Wood Chisel</p><p> -30% 0FF </p><p>$13.99</p><a href="https://www.amazon.com/dp/B07GGYNHSQ?tag=eloabder-20&linkCode=osi&th=1&psc=1">View Product</a></div><div class="product"><a href="https://www.amazon.com/dp/B07WPHDX7L?tag=eloabder-20&linkCode=osi&th=1&psc=1"><img src="https://m.media-amazon.com/images/I/51dts-90AqL._SL500_.jpg" alt="Product Image"></a><p>GREBSTK 9.5in Wood Chisel Set for Woodworking, 4pcs Chrome Vanadium Steel Bevel-Edge Bench Chisels with Cap, Comfortable Beech High Impact Handle, with Oxford Bag</p><p> -25% 0FF </p><p>$14.99</p><a href="https://www.amazon.com/dp/B07WPHDX7L?tag=eloabder-20&linkCode=osi&th=1&psc=1">View Product</a></div>
<div class="product"><a href="https://www.amazon.com/dp/B07DMGLTVZ?tag=eloabder-20&linkCode=osi&th=1&psc=1"><img src="https://m.media-amazon.com/images/I/41UaGK9mQ+L._SL500_.jpg" alt="Product Image"></a><p>Darnell Nehemiah Metal Alloy Sugar Paste Extruder Craft Gun with 20 Tips Sugar Craft Fondant Cake Sculpture Polymer Clay Tool Perfect (Green)</p><p> -14% 0FF </p><p>$5.99</p><a href="https://www.amazon.com/dp/B07DMGLTVZ?tag=eloabder-20&linkCode=osi&th=1&psc=1">View Product</a></div><div class="product"><a href="https://www.amazon.com/dp/B0DDCDZCCV?tag=eloabder-20&linkCode=osi&th=1&psc=1"><img src="https://m.media-amazon.com/images/I/410i1A+6UmL._SL500_.jpg" alt="Product Image"></a><p>ORIISIN Automatic Clay Extruder, Electric Extruder for Polymer Clay & Fondant, Clay Extruder for Pottery, Polymer Clay Extruder with Multiple Disks</p><p> -20% 0FF </p><p>$19.99</p><a href="https://www.amazon.com/dp/B0DDCDZCCV?tag=eloabder-20&linkCode=osi&th=1&psc=1">View Product</a></div><div class="product"><a href="https://www.amazon.com/dp/B0CNH2G6PB?tag=eloabder-20&linkCode=osi&th=1&psc=1"><img src="https://m.media-amazon.com/images/I/51l5sO0abDL._SL500_.jpg" alt="Product Image"></a><p>FVIEXE 2PCS Clay Extruder Tool, Polymer Clay Extruder Kit with 40 Extruder Discs and 40 Clay Cutters, Sugar Paste Fondant Extruder Tool Gun Cake Fondant Decorating Tool Set for Making Craft Border</p><p> -6% 0FF </p><p>$15.99</p><a href="https://www.amazon.com/dp/B0CNH2G6PB?tag=eloabder-20&linkCode=osi&th=1&psc=1">View Product</a></div>
<div class="product"><a href="https://www.amazon.com/dp/B0776SN7Y5?tag=eloabder-20&linkCode=osi&th=1&psc=1"><img src="https://m.media-amazon.com/images/I/41qik78i76L._SL500_.jpg" alt="Product Image"></a><p>RUBFAC Polymer Clay Tools, Clay Tools Kit, 24pcs Clay Sculpting Tools Set with Stylus and Rock Painting Kit - Air Dry Clay Modeling Tools for Pottery and Sculpture</p><p> -25% 0FF </p><p>$8.99</p><a href="https://www.amazon.com/dp/B0776SN7Y5?tag=eloabder-20&linkCode=osi&th=1&psc=1">View Product</a></div>
<div class="product"><a href="https://www.amazon.com/dp/B00T5LIRFU?tag=eloabder-20&linkCode=osi&th=1&psc=1"><img src="https://m.media-amazon.com/images/I/41HLrbxWYNL._SL500_.jpg" alt="Product Image"></a><p>Sculpey Tools Clay Conditioning Pasta Machine, polymer oven-bake clay tool, 9 thickness settings, includes clamp and hand crank, great for all skill levels and craft projects</p><p> -23% 0FF </p><p>$39.44</p><a href="https://www.amazon.com/dp/B00T5LIRFU?tag=eloabder-20&linkCode=osi&th=1&psc=1">View Product</a></div>
<div class="product"><a href="https://www.amazon.com/dp/B0D473MKHZ?tag=eloabder-20&linkCode=osi&th=1&psc=1"><img src="https://m.media-amazon.com/images/I/41GZeErV9FL._SL500_.jpg" alt="Product Image"></a><p>JRKOO Clay Tools Kit,28 PCS Pottery Tools,Polymer Clay Tools,Air Dry Clay Tools Set for Kids, Adults,Pottery Craft,Drawing,Dotting,Carving,Molding,Baking,Modeling,Shaping</p><p> -25% 0FF </p><p>$7.49</p><a href="https://www.amazon.com/dp/B0D473MKHZ?tag=eloabder-20&linkCode=osi&th=1&psc=1">View Product</a></div>
<div class="product"><a href="https://www.amazon.com/dp/B06XG9XHCG?tag=eloabder-20&linkCode=osi&th=1&psc=1"><img src="https://m.media-amazon.com/images/I/51deqHG5MFL._SL500_.jpg" alt="Product Image"></a><p>ARTEZA Pottery & Polymer Clay Tools, 42-Piece Sculpting Set, Steel Tip Pottery Tools with Wooden Handles, Craft Kit for Pottery Modeling, Carving</p><p> -34% 0FF </p><p>$29.39 ($0.70 / Count)</p><a href="https://www.amazon.com/dp/B06XG9XHCG?tag=eloabder-20&linkCode=osi&th=1&psc=1">View Product</a></div>
<div class="product"><a href="https://www.amazon.com/dp/B07KBZQN2F?tag=eloabder-20&linkCode=osi&th=1&psc=1"><img src="https://m.media-amazon.com/images/I/41Or4t3NbSL._SL500_.jpg" alt="Product Image"></a><p>Artlicious Drawing Board - 13 x 17 Sketch Boards with Handle for Drafting Art - Portable Wooden Clipboard for Class or Studio Fit in Artists Tote</p><p> -12% 0FF </p><p>$16.25</p><a href="https://www.amazon.com/dp/B07KBZQN2F?tag=eloabder-20&linkCode=osi&th=1&psc=1">View Product</a></div><div class="product"><a href="https://www.amazon.com/dp/B096DGLQRK?tag=eloabder-20&linkCode=osi&th=1&psc=1"><img src="https://m.media-amazon.com/images/I/31tsJJ2gVUL._SL500_.jpg" alt="Product Image"></a><p>2-Pack Artist's Drawing Sketch Boards, Large Art Clipboards with Left-Side Handle Holes and Paper Retaining Rubber Bands, Portable Drafting Boards for Home, Office, Studio, and Field (13x17 in)</p><p> -30% 0FF </p><p>$13.99</p><a href="https://www.amazon.com/dp/B096DGLQRK?tag=eloabder-20&linkCode=osi&th=1&psc=1">View Product</a></div><div class="product"><a href="https://www.amazon.com/dp/B0027AAMSG?tag=eloabder-20&linkCode=osi&th=1&psc=1"><img src="https://m.media-amazon.com/images/I/31fE-qZkGQL._SL500_.jpg" alt="Product Image"></a><p>Art Advantage Artist Sketch Tote Board 23x26, Drawing Board, Art Board, Painting Board, Masonite Board, Hardboard, Paint Board, Sketch Board, Drawing Boards for Artists</p><p> -11% 0FF </p><p>$26.69</p><a href="https://www.amazon.com/dp/B0027AAMSG?tag=eloabder-20&linkCode=osi&th=1&psc=1">View Product</a></div><div class="product"><a href="https://www.amazon.com/dp/B08PBD8JZH?tag=eloabder-20&linkCode=osi&th=1&psc=1"><img src="https://m.media-amazon.com/images/I/411Zn2OP2YL._SL500_.jpg" alt="Product Image"></a><p>Artist Sketch Board, 8K Wooden Water Proof Sketching Clipboard Student Travel Art Drawing Writing Board with Metal Clip for Classroom Studio or Field Use</p><p> -5% 0FF </p><p>$13.10</p><a href="https://www.amazon.com/dp/B08PBD8JZH?tag=eloabder-20&linkCode=osi&th=1&psc=1">View Product</a></div><div class="product"><a href="https://www.amazon.com/dp/B096DNF5LW?tag=eloabder-20&linkCode=osi&th=1&psc=1"><img src="https://m.media-amazon.com/images/I/41WTiS7xFZL._SL500_.jpg" alt="Product Image"></a><p>Bright Creations 2-Pack Artist's Drawing Sketch Boards, Large Art Clipboard with Left-Side Handle Holes & Paper Holding Rubber Bands, Portable Drafting Boards for Home, Office, Studio, Field(18x18")</p><p> -16% 0FF </p><p>$26.99</p><a href="https://www.amazon.com/dp/B096DNF5LW?tag=eloabder-20&linkCode=osi&th=1&psc=1">View Product</a></div>
<div class="product"><a href="https://www.amazon.com/dp/B07H6JWKCK?tag=eloabder-20&linkCode=osi&th=1&psc=1"><img src="https://m.media-amazon.com/images/I/41o0NPLKJtL._SL500_.jpg" alt="Product Image"></a><p>LWR CRAFTS Jute Cord Twine 1.5mm 90ft Natural for Mini Clothespins</p><p> -13% 0FF </p><p>$3.49 ($0.04 / Foot)</p><a href="https://www.amazon.com/dp/B07H6JWKCK?tag=eloabder-20&linkCode=osi&th=1&psc=1">View Product</a></div><div class="product"><a href="https://www.amazon.com/dp/B08GM954K3?tag=eloabder-20&linkCode=osi&th=1&psc=1"><img src="https://m.media-amazon.com/images/I/51HzWiyDe7L._SL500_.jpg" alt="Product Image"></a><p>Wenrook 300 Pack Safety Pins Assorted, 4 Different Sizes, Strong Nickel Plated Steel, Safety Pins for Clothes, Crafts, Pinning and More</p><p> -28% 0FF </p><p>$5.79 ($0.02 / Count)</p><a href="https://www.amazon.com/dp/B08GM954K3?tag=eloabder-20&linkCode=osi&th=1&psc=1">View Product</a></div><div class="product"><a href="https://www.amazon.com/dp/B0BHVGYVJJ?tag=eloabder-20&linkCode=osi&th=1&psc=1"><img src="https://m.media-amazon.com/images/I/4169Jf5yW0L._SL500_.jpg" alt="Product Image"></a><p>Sewing clips for fabric and quilting,WENICE 40pcs embroidery clips of sewing products for sewing supplies and accessories</p><p> -36% 0FF </p><p>$4.49</p><a href="https://www.amazon.com/dp/B0BHVGYVJJ?tag=eloabder-20&linkCode=osi&th=1&psc=1">View Product</a></div>
<div class="product"><a href="https://www.amazon.com/dp/B0BHYGM2XG?tag=eloabder-20&linkCode=osi&th=1&psc=1"><img src="https://m.media-amazon.com/images/I/51D88wLFFAL._SL500_.jpg" alt="Product Image"></a><p>KALOUR 72 Count Colored Pencils for Adult Coloring Books, Soft Core,Ideal for Drawing Blending Shading,Color Pencils Set Gift for Adults Kids Beginners</p><p> -40% 0FF </p><p>$11.99</p><a href="https://www.amazon.com/dp/B0BHYGM2XG?tag=eloabder-20&linkCode=osi&th=1&psc=1">View Product</a></div><div class="product"><a href="https://www.amazon.com/dp/B0CCJ8K7BG?tag=eloabder-20&linkCode=osi&th=1&psc=1"><img src="https://m.media-amazon.com/images/I/51+YRjtIYnL._SL500_.jpg" alt="Product Image"></a><p>HIFORNY 125 Pack Colored Pencils Set for Adult Coloring,120 Colors Coloring Pencils with Extras,Drawing Pencils Art Craft Supplies for Adults Beginners</p><p> -26% 0FF </p><p>$13.29</p><a href="https://www.amazon.com/dp/B0CCJ8K7BG?tag=eloabder-20&linkCode=osi&th=1&psc=1">View Product</a></div><div class="product"><a href="https://www.amazon.com/dp/B09FJN5R5C?tag=eloabder-20&linkCode=osi&th=1&psc=1"><img src="https://m.media-amazon.com/images/I/51HNg7VkaPL._SL500_.jpg" alt="Product Image"></a><p>PRINA Art Supplies 120 Colors Colored Pencils Set for Adults Coloring Books with Sketchbook, Professional Vibrant Artists Coloring Pencils for Drawing Sketching Blending Shading, Soft Core Oil Based</p><p> -10% 0FF </p><p>$27.99</p><a href="https://www.amazon.com/dp/B09FJN5R5C?tag=eloabder-20&linkCode=osi&th=1&psc=1">View Product</a></div><div class="product"><a href="https://www.amazon.com/dp/B0B8MFGW36?tag=eloabder-20&linkCode=osi&th=1&psc=1"><img src="https://m.media-amazon.com/images/I/51umBJsfZDL._SL500_.jpg" alt="Product Image"></a><p>KALOUR Premium Colored Pencils,Set of 120 Colors,Artists Soft Core with Vibrant Color,Ideal for Drawing Sketching Shading,Coloring Pencils for Adults Beginners kids</p><p> -17% 0FF </p><p>$24.99</p><a href="https://www.amazon.com/dp/B0B8MFGW36?tag=eloabder-20&linkCode=osi&th=1&psc=1">View Product</a></div><div class="product"><a href="https://www.amazon.com/dp/B06ZZNF7GS?tag=eloabder-20&linkCode=osi&th=1&psc=1"><img src="https://m.media-amazon.com/images/I/51yeXw2QRdL._SL500_.jpg" alt="Product Image"></a><p>Castle Art Supplies 72 Colored Pencils Set | Quality Soft Core Colored Leads for Adult Artists, Professionals and Colorists | Protected and Organized in Presentation Tin Box</p><p> -35% 0FF </p><p>$36.98</p><a href="https://www.amazon.com/dp/B06ZZNF7GS?tag=eloabder-20&linkCode=osi&th=1&psc=1">View Product</a></div><div class="product"><a href="https://www.amazon.com/dp/B005O2ZU68?tag=eloabder-20&linkCode=osi&th=1&psc=1"><img src="https://m.media-amazon.com/images/I/51iZ-dj8GBL._SL500_.jpg" alt="Product Image"></a><p>Prismacolor Premier Colored Pencils, Soft Core, 150 Count, Lightfast, Ultra-smooth, Adult Coloring Books</p><p> -7% 0FF </p><p>$139.99</p><a href="https://www.amazon.com/dp/B005O2ZU68?tag=eloabder-20&linkCode=osi&th=1&psc=1">View Product</a></div>
<div class="product"><a href="https://www.amazon.com/dp/B004BN9U30?tag=eloabder-20&linkCode=osi&th=1&psc=1"><img src="https://m.media-amazon.com/images/I/51r8f-9WzoL._SL500_.jpg" alt="Product Image"></a><p>ACTIVA Decor Sand, 5-Pound, Light Blue,4555</p><p> -13% 0FF </p><p>$20.30 ($0.25 / Ounce)</p><a href="https://www.amazon.com/dp/B004BN9U30?tag=eloabder-20&linkCode=osi&th=1&psc=1">View Product</a></div>
<div class="product"><a href="https://www.amazon.com/dp/B076TT3TYN?tag=eloabder-20&linkCode=osi&th=1&psc=1"><img src="https://m.media-amazon.com/images/I/614S+VRElYL._SL500_.jpg" alt="Product Image"></a><p>Embroidery Floss Rainbow Color 50 Skeins Per Pack Cross Stitch Threads Friendship Bracelets Floss Crafts Floss</p><p> -60% 0FF </p><p>$5.97 ($0.00 / Foot)</p><a href="https://www.amazon.com/dp/B076TT3TYN?tag=eloabder-20&linkCode=osi&th=1&psc=1">View Product</a></div><div class="product"><a href="https://www.amazon.com/dp/B06XRF1LCM?tag=eloabder-20&linkCode=osi&th=1&psc=1"><img src="https://m.media-amazon.com/images/I/51HOGqvHonS._SL500_.jpg" alt="Product Image"></a><p>CiaraQ Sewing Threads Kits, 30 Colors Polyester 250 Yards Per Spools for Hand Sewing & Embroidery</p><p> -47% 0FF </p><p>$8.99 ($0.00 / Foot)</p><a href="https://www.amazon.com/dp/B06XRF1LCM?tag=eloabder-20&linkCode=osi&th=1&psc=1">View Product</a></div><div class="product"><a href="https://www.amazon.com/dp/B002KASKRS?tag=eloabder-20&linkCode=osi&th=1&psc=1"><img src="https://m.media-amazon.com/images/I/51GVfmIT-kL._SL500_.jpg" alt="Product Image"></a><p>Singer 264 Polyester Thread, Assorted Colors, 24 Spools</p><p> -31% 0FF </p><p>$2.69 ($0.00 / Foot)</p><a href="https://www.amazon.com/dp/B002KASKRS?tag=eloabder-20&linkCode=osi&th=1&psc=1">View Product</a></div>
<div class="product"><a href="https://www.amazon.com/dp/B0868M9MFP?tag=eloabder-20&linkCode=osi&th=1&psc=1"><img src="https://m.media-amazon.com/images/I/41MathwPKuL._SL500_.jpg" alt="Product Image"></a><p>Simetufy 360 Sheets 36 Multicolor Tissue Paper Bulk Gift Wrapping Tissue Paper Decorative Art Rainbow Tissue Paper 11.5in x 8in for Art Craft Floral Birthday Party Festival Tissue Paper Pom Pom</p><p> -38% 0FF </p><p>$7.99 ($0.02 / Count)</p><a href="https://www.amazon.com/dp/B0868M9MFP?tag=eloabder-20&linkCode=osi&th=1&psc=1">View Product</a></div><div class="product"><a href="https://www.amazon.com/dp/B0B9SF3Y4D?tag=eloabder-20&linkCode=osi&th=1&psc=1"><img src="https://m.media-amazon.com/images/I/419aeFWjtAL._SL500_.jpg" alt="Product Image"></a><p>Simetufy 60 Sheets Tissue Paper for Gift Bags, 10 Bold Colored Tissue Paper for Crafts, Art Tissue Paper Bulk, Gift Tissue Paper 20 x 20 Inch</p><p> -7% 0FF </p><p>$6.49 ($0.65 / Count)</p><a href="https://www.amazon.com/dp/B0B9SF3Y4D?tag=eloabder-20&linkCode=osi&th=1&psc=1">View Product</a></div><div class="product"><a href="https://www.amazon.com/dp/B0C8SYQJS1?tag=eloabder-20&linkCode=osi&th=1&psc=1"><img src="https://m.media-amazon.com/images/I/41gbdOrx9cL._SL500_.jpg" alt="Product Image"></a><p>VGOODALL 450 Sheets Multicolor Tissue Paper, Gift Wrapping Paper 11.5x8 Inch Craft Tissue Paper for Holiday Birthday Gift Wrapping DIY Project 40 Assorted Colors</p><p> -44% 0FF </p><p>$4.99 ($0.01 / Count)</p><a href="https://www.amazon.com/dp/B0C8SYQJS1?tag=eloabder-20&linkCode=osi&th=1&psc=1">View Product</a></div><div class="product"><a href="https://www.amazon.com/dp/B0CSG6Q67Y?tag=eloabder-20&linkCode=osi&th=1&psc=1"><img src="https://m.media-amazon.com/images/I/417iKgFw8BL._SL500_.jpg" alt="Product Image"></a><p>Longerse Colored Tissue Paper for Gift Bags,60 Sheets Art Tissue Paper Bulk,20”x20” Tissue Paper for Gift Wrapping,Gift Decoration,Art and DIY (Colorful)</p><p> -60% 0FF </p><p>$3.99 ($0.07 / Count)</p><a href="https://www.amazon.com/dp/B0CSG6Q67Y?tag=eloabder-20&linkCode=osi&th=1&psc=1">View Product</a></div><div class="product"><a href="https://www.amazon.com/dp/B08PP63JVH?tag=eloabder-20&linkCode=osi&th=1&psc=1"><img src="https://m.media-amazon.com/images/I/51Z1SH4GpyL._SL500_.jpg" alt="Product Image"></a><p>KESOTE Colored Tissue Paper for Gift Bags Crafts, 14" x 20" Tissue Paper Bulk 100 Sheets Gift Paper Tissue for Packaging - 20 Colors</p><p> -11% 0FF </p><p>$7.99 ($0.08 / Count)</p><a href="https://www.amazon.com/dp/B08PP63JVH?tag=eloabder-20&linkCode=osi&th=1&psc=1">View Product</a></div>
<div class="product"><a href="https://www.amazon.com/dp/B0CGR8W9QL?tag=eloabder-20&linkCode=osi&th=1&psc=1"><img src="https://m.media-amazon.com/images/I/51Zzm+7K6CL._SL500_.jpg" alt="Product Image"></a><p>Beautiful Adult Coloring Book Set of 2 for Relaxation - Gratitude and Mindfulness Books with Inspirational Quotes Making it a Great Gift - Perfect Stress-Relieving Books Fun to Color for Women</p><p> -10% 0FF </p><p>$11.69 ($5.84 / Count)</p><a href="https://www.amazon.com/dp/B0CGR8W9QL?tag=eloabder-20&linkCode=osi&th=1&psc=1">View Product</a></div><div class="product"><a href="https://www.amazon.com/dp/B01ELWWX98?tag=eloabder-20&linkCode=osi&th=1&psc=1"><img src="https://m.media-amazon.com/images/I/51g67GhksOL._SL500_.jpg" alt="Product Image"></a><p>Maybe Swearing Will Help Adult Coloring Book Set - for Adults Relaxation with Markers in a Case - Motivational Swear Word Anxiety Relief - Color Cuss & Laugh Your Way to Less Stress</p><p> -13% 0FF </p><p>$24.99</p><a href="https://www.amazon.com/dp/B01ELWWX98?tag=eloabder-20&linkCode=osi&th=1&psc=1">View Product</a></div><div class="product"><a href="https://www.amazon.com/dp/B0828BM6PW?tag=eloabder-20&linkCode=osi&th=1&psc=1"><img src="https://m.media-amazon.com/images/I/61rJ0ivLQ0L._SL500_.jpg" alt="Product Image"></a><p>ARTEZA Adult Coloring Book, Doodle Designs, 72 Sheets, 6.4x6.4 Inches Coloring Pages, 100 lb Paper</p><p> -43% 0FF </p><p>$7.40</p><a href="https://www.amazon.com/dp/B0828BM6PW?tag=eloabder-20&linkCode=osi&th=1&psc=1">View Product</a></div><div class="product"><a href="https://www.amazon.com/dp/B09NB2GZTD?tag=eloabder-20&linkCode=osi&th=1&psc=1"><img src="https://m.media-amazon.com/images/I/51FROdttEnL._SL500_.jpg" alt="Product Image"></a><p>RYVE Adult Coloring Book for Women - Mindfulness Coloring Book with Personal Growth Prompts - Coloring Book for Adults Relaxation, Coloring Book Adult, Mindfulness Gifts, Relaxation Gifts for Women</p><p> -35% 0FF </p><p>$12.95</p><a href="https://www.amazon.com/dp/B09NB2GZTD?tag=eloabder-20&linkCode=osi&th=1&psc=1">View Product</a></div><div class="product"><a href="https://www.amazon.com/dp/B07P57M4ZR?tag=eloabder-20&linkCode=osi&th=1&psc=1"><img src="https://m.media-amazon.com/images/I/6101oGV4dKL._SL500_.jpg" alt="Product Image"></a><p>Adult Coloring Book Bundle with 10 Deluxe Coloring Books for Adults and Teens (Over 250 Stress Relieving Patterns).</p><p> -6% 0FF </p><p>$16.96</p><a href="https://www.amazon.com/dp/B07P57M4ZR?tag=eloabder-20&linkCode=osi&th=1&psc=1">View Product</a></div>
<div class="product"><a href="https://www.amazon.com/dp/B0BWH7CWFW?tag=eloabder-20&linkCode=osi&th=1&psc=1"><img src="https://m.media-amazon.com/images/I/51jUg2AkDyL._SL500_.jpg" alt="Product Image"></a><p>AnyMark 60 Colors Alcohol Markers, Markers Set, Dual Tip Alcohol Based Art Markers for Kids Adults Coloring Drawing, Chisel & Fine</p><p> -15% 0FF </p><p>$16.99 ($0.28 / Count)</p><a href="https://www.amazon.com/dp/B0BWH7CWFW?tag=eloabder-20&linkCode=osi&th=1&psc=1">View Product</a></div><div class="product"><a href="https://www.amazon.com/dp/B09SG83ZZG?tag=eloabder-20&linkCode=osi&th=1&psc=1"><img src="https://m.media-amazon.com/images/I/51Qb5KktWiL._SL500_.jpg" alt="Product Image"></a><p>Sunacme Art Supplier Dual Brush Markers Pens, 110 Artist Coloring Marker Set, Fineliner & Brush Tip Pen with Premium Case for Adults Coloring Books & Kids Journal, Drawing, Doodlin</p><p> -14% 0FF </p><p>$29.99</p><a href="https://www.amazon.com/dp/B09SG83ZZG?tag=eloabder-20&linkCode=osi&th=1&psc=1">View Product</a></div><div class="product"><a href="https://www.amazon.com/dp/B075WQPKNK?tag=eloabder-20&linkCode=osi&th=1&psc=1"><img src="https://m.media-amazon.com/images/I/51EOXvmdwnL._SL500_.jpg" alt="Product Image"></a><p>Dual Brush Marker Pens for Coloring Books, Tanmit Fine Tip Coloring Marker & Brush Pen Set for Journaling Note Taking Writing Planning Art Project</p><p> -29% 0FF </p><p>$9.97</p><a href="https://www.amazon.com/dp/B075WQPKNK?tag=eloabder-20&linkCode=osi&th=1&psc=1">View Product</a></div><div class="product"><a href="https://www.amazon.com/dp/B0CMLFSJ32?tag=eloabder-20&linkCode=osi&th=1&psc=1"><img src="https://m.media-amazon.com/images/I/51tOlopoSsL._SL500_.jpg" alt="Product Image"></a><p>TOSHARE Double Brush Marker Pens, 72 Colors Art Markers Set with Fine Tip and Brush Tip for Kids Adult Coloring Book Hand Lettering Calligraphy Drawing Art Supplies Kit</p><p> -43% 0FF </p><p>$16.99</p><a href="https://www.amazon.com/dp/B0CMLFSJ32?tag=eloabder-20&linkCode=osi&th=1&psc=1">View Product</a></div>
<div class="product"><a href="https://www.amazon.com/dp/B011KGGTYI?tag=eloabder-20&linkCode=osi&th=1&psc=1"><img src="https://m.media-amazon.com/images/I/5132ds0q8dL._SL500_.jpg" alt="Product Image"></a><p>Prang (Formerly Art Street) Construction Paper, 10 Assorted Colors, Standard Weight, 9" x 12", 500 Sheets</p><p> -39% 0FF </p><p>$11.88</p><a href="https://www.amazon.com/dp/B011KGGTYI?tag=eloabder-20&linkCode=osi&th=1&psc=1">View Product</a></div><div class="product"><a href="https://www.amazon.com/dp/B00JKHFR2K?tag=eloabder-20&linkCode=osi&th=1&psc=1"><img src="https://m.media-amazon.com/images/I/31-VtYKPhLL._SL500_.jpg" alt="Product Image"></a><p>Childcraft Construction Paper, 9 x 12 Inches, Assorted Colors, 500 Sheets - 1465886</p><p> -12% 0FF </p><p>$14.02 ($0.03 / Count)</p><a href="https://www.amazon.com/dp/B00JKHFR2K?tag=eloabder-20&linkCode=osi&th=1&psc=1">View Product</a></div><div class="product"><a href="https://www.amazon.com/dp/B0044O9S9M?tag=eloabder-20&linkCode=osi&th=1&psc=1"><img src="https://m.media-amazon.com/images/I/51LYJXeYUuL._SL500_.jpg" alt="Product Image"></a><p>Crayola 9" x 12" 8-Assorted Color Construction Paper - 96/Pack</p><p> -7% 0FF </p><p>$7.53 ($0.08 / Count)</p><a href="https://www.amazon.com/dp/B0044O9S9M?tag=eloabder-20&linkCode=osi&th=1&psc=1">View Product</a></div><div class="product"><a href="https://www.amazon.com/dp/B07RPBV5QV?tag=eloabder-20&linkCode=osi&th=1&psc=1"><img src="https://m.media-amazon.com/images/I/31NYvEA9UbL._SL500_.jpg" alt="Product Image"></a><p>Colorations Construction Paper, Classroom Art Supplies, 9" x 12" Craft Paper 2200 Sheet Pack, Heavyweight Construction Paper, Bulk Packs, Assorted Colors, Drawing, Coloring, Painting, School Supplies</p><p> -7% 0FF </p><p>$82.99 ($0.04 / Count)</p><a href="https://www.amazon.com/dp/B07RPBV5QV?tag=eloabder-20&linkCode=osi&th=1&psc=1">View Product</a></div><div class="product"><a href="https://www.amazon.com/dp/B0017OHG1O?tag=eloabder-20&linkCode=osi&th=1&psc=1"><img src="https://m.media-amazon.com/images/I/21ulYe3YW0L._SL500_.jpg" alt="Product Image"></a><p>Prang (Formerly SunWorks) Construction Paper, White, 9" x 12", 100 Sheets</p><p> -11% 0FF </p><p>$4.27</p><a href="https://www.amazon.com/dp/B0017OHG1O?tag=eloabder-20&linkCode=osi&th=1&psc=1">View Product</a></div>
<div class="product"><a href="https://www.amazon.com/dp/B07VPLN92N?tag=eloabder-20&linkCode=osi&th=1&psc=1"><img src="https://m.media-amazon.com/images/I/419sJC3gTyS._SL500_.jpg" alt="Product Image"></a><p>Colorations® Geo Shapes Dough Cutters and Rolling Pin, Set of 9, 8 different Shapes & the Roller, Use with Dough, Dough Cutter Shapes, Great Starter Set for using Dough, Learn About Shapes</p><p> -41% 0FF </p><p>$7.49</p><a href="https://www.amazon.com/dp/B07VPLN92N?tag=eloabder-20&linkCode=osi&th=1&psc=1">View Product</a></div><div class="product"><a href="https://www.amazon.com/dp/B07JG76SSJ?tag=eloabder-20&linkCode=osi&th=1&psc=1"><img src="https://m.media-amazon.com/images/I/41AXTn1lZjL._SL500_.jpg" alt="Product Image"></a><p>Wilton Plastic Cookie Cutters Gift Boxed 10/Pkg, Christmas</p><p> -23% 0FF </p><p>$9.99</p><a href="https://www.amazon.com/dp/B07JG76SSJ?tag=eloabder-20&linkCode=osi&th=1&psc=1">View Product</a></div><div class="product"><a href="https://www.amazon.com/dp/B0D95TVN4T?tag=eloabder-20&linkCode=osi&th=1&psc=1"><img src="https://m.media-amazon.com/images/I/51tcz-zfq1L._SL500_.jpg" alt="Product Image"></a><p>KEOKER Halloween Polymer Clay Cutters, 12 Shapes Polymer Clay Cutters Halloween, Halloween Clay Cutters for Polymer Clay Jewelry, Halloween Clay Cutters for Earrings, Polymer Clay Halloween Cutters</p><p> -6% 0FF </p><p>$15.99</p><a href="https://www.amazon.com/dp/B0D95TVN4T?tag=eloabder-20&linkCode=osi&th=1&psc=1">View Product</a></div>
<div class="product"><a href="https://www.amazon.com/dp/B01MR5DSCM?tag=eloabder-20&linkCode=osi&th=1&psc=1"><img src="https://m.media-amazon.com/images/I/41TXQrK84SL._SL500_.jpg" alt="Product Image"></a><p>Zehhe Copper Foil Tape with Double-Sided Conductive - EMI Shielding,Stained Glass,Soldering,Electrical Repairs,Paper Circuits,Grounding (1/4inch)</p><p> -16% 0FF </p><p>$5.88 ($0.09 / Foot)</p><a href="https://www.amazon.com/dp/B01MR5DSCM?tag=eloabder-20&linkCode=osi&th=1&psc=1">View Product</a></div><div class="product"><a href="https://www.amazon.com/dp/B00WVKO1LG?tag=eloabder-20&linkCode=osi&th=1&psc=1"><img src="https://m.media-amazon.com/images/I/31J15yH0QGL._SL500_.jpg" alt="Product Image"></a><p>K&S 6020 Metallic Copper Crafting Foil, 0.005" Thick x 12" Width x 30" Long, 1 Piece, Made in The USA</p><p> -22% 0FF </p><p>$14.89</p><a href="https://www.amazon.com/dp/B00WVKO1LG?tag=eloabder-20&linkCode=osi&th=1&psc=1">View Product</a></div><div class="product"><a href="https://www.amazon.com/dp/B01MPYH5EQ?tag=eloabder-20&linkCode=osi&th=1&psc=1"><img src="https://m.media-amazon.com/images/I/51DowmFlktL._SL500_.jpg" alt="Product Image"></a><p>7/32" Edco Silver Backed Foil - 1.0 Mil</p><p> -15% 0FF </p><p>$15.49</p><a href="https://www.amazon.com/dp/B01MPYH5EQ?tag=eloabder-20&linkCode=osi&th=1&psc=1">View Product</a></div><div class="product"><a href="https://www.amazon.com/dp/B000VGRVSC?tag=eloabder-20&linkCode=osi&th=1&psc=1"><img src="https://m.media-amazon.com/images/I/51fDxB9va0L._SL500_.jpg" alt="Product Image"></a><p>Studio Pro 7/32-Inch Black Lined Copper Foil</p><p> -27% 0FF </p><p>$10.99</p><a href="https://www.amazon.com/dp/B000VGRVSC?tag=eloabder-20&linkCode=osi&th=1&psc=1">View Product</a></div>
<div class="product"><a href="https://www.amazon.com/dp/B08ZMVBT4F?tag=eloabder-20&linkCode=osi&th=1&psc=1"><img src="https://m.media-amazon.com/images/I/51nhj8aUk3L._SL500_.jpg" alt="Product Image"></a><p>NOANTA Natural Macrame Cord 3mm x 109Yards, Beige Macrame Rope, Cotton Cord for Wall Hanging, Plant Hangers, Christmas Crafts, Knitting</p><p> -50% 0FF </p><p>$4.99 ($0.02 / Foot)</p><a href="https://www.amazon.com/dp/B08ZMVBT4F?tag=eloabder-20&linkCode=osi&th=1&psc=1">View Product</a></div><div class="product"><a href="https://www.amazon.com/dp/B08YJBQ7WZ?tag=eloabder-20&linkCode=osi&th=1&psc=1"><img src="https://m.media-amazon.com/images/I/51MPyR+wDWL._SL500_.jpg" alt="Product Image"></a><p>45 Color Options Macrame Cord 2mm/3mm/4mm/5mm/6mmx109 Yards Cotton Cord, 4 Ply Twisted Yarn, Natural Perfect Supplies DIY Crafts (Natural White)</p><p> -29% 0FF </p><p>$4.98 ($0.02 / Foot)</p><a href="https://www.amazon.com/dp/B08YJBQ7WZ?tag=eloabder-20&linkCode=osi&th=1&psc=1">View Product</a></div><div class="product"><a href="https://www.amazon.com/dp/B08PZ2VDPM?tag=eloabder-20&linkCode=osi&th=1&psc=1"><img src="https://m.media-amazon.com/images/I/51DQgq3cfXL._SL500_.jpg" alt="Product Image"></a><p>Tenn Well Nylon Satin Cord, 295 Feet 2mm Black Nylon String for Jewelry Making, Silky Rattail Cord for Bracelets, Necklaces, Macrame Keychains, Lanyards, Beading</p><p> -33% 0FF </p><p>$7.99 ($0.03 / Foot)</p><a href="https://www.amazon.com/dp/B08PZ2VDPM?tag=eloabder-20&linkCode=osi&th=1&psc=1">View Product</a></div><div class="product"><a href="https://www.amazon.com/dp/B08GXFQ2ZZ?tag=eloabder-20&linkCode=osi&th=1&psc=1"><img src="https://m.media-amazon.com/images/I/51ETQrmuWuL._SL500_.jpg" alt="Product Image"></a><p>NOANTA Natural Macrame Cord 2mm x 220yards, Colored Macrame Rope, 3 Strand Twisted Cotton Rope Macrame Yarn, Colorful Cotton Craft Cord for Wall Hanging, Plant Hangers, Crafts, Knitting</p><p> -29% 0FF </p><p>$4.99 ($0.01 / Foot)</p><a href="https://www.amazon.com/dp/B08GXFQ2ZZ?tag=eloabder-20&linkCode=osi&th=1&psc=1">View Product</a></div>
<div class="product"><a href="https://www.amazon.com/dp/B009MRH3R0?tag=eloabder-20&linkCode=osi&th=1&psc=1"><img src="https://m.media-amazon.com/images/I/51KvHbQ47aL._SL500_.jpg" alt="Product Image"></a><p>Hygloss Corrugated Cardboard Sheets, 8-Pack, 8 Pieces</p><p> -37% 0FF </p><p>$5.35 ($0.67 / Count)</p><a href="https://www.amazon.com/dp/B009MRH3R0?tag=eloabder-20&linkCode=osi&th=1&psc=1">View Product</a></div><div class="product"><a href="https://www.amazon.com/dp/B0013JR8QQ?tag=eloabder-20&linkCode=osi&th=1&psc=1"><img src="https://m.media-amazon.com/images/I/41xFj3BmirL._SL500_.jpg" alt="Product Image"></a><p>Uchida Corru-Gator Paper Crimper, 8-1/2-Inch, Straight</p><p> -37% 0FF </p><p>$13.79</p><a href="https://www.amazon.com/dp/B0013JR8QQ?tag=eloabder-20&linkCode=osi&th=1&psc=1">View Product</a></div>
<div class="product"><a href="https://www.amazon.com/dp/B07FFM3DPB?tag=eloabder-20&linkCode=osi&th=1&psc=1"><img src="https://m.media-amazon.com/images/I/51J4bxAVK3L._SL500_.jpg" alt="Product Image"></a><p>Caydo [400 pcs] - 300 Pieces 1 Inch Assorted Pompoms with 100pieces Wiggle Eyes Multicolor Arts and Crafts Pom Poms Balls for Kids DIY Art Creative Crafts Decorations</p><p> -15% 0FF </p><p>$7.64</p><a href="https://www.amazon.com/dp/B07FFM3DPB?tag=eloabder-20&linkCode=osi&th=1&psc=1">View Product</a></div><div class="product"><a href="https://www.amazon.com/dp/B000F8XACW?tag=eloabder-20&linkCode=osi&th=1&psc=1"><img src="https://m.media-amazon.com/images/I/41g1iHmB5ML._SL500_.jpg" alt="Product Image"></a><p>Creativity Street Cotton Decorated Craft Fluff Ball, Pink, Pack of 100,4 oz</p><p> -14% 0FF </p><p>$9.91</p><a href="https://www.amazon.com/dp/B000F8XACW?tag=eloabder-20&linkCode=osi&th=1&psc=1">View Product</a></div><div class="product"><a href="https://www.amazon.com/dp/B01MTOWHJH?tag=eloabder-20&linkCode=osi&th=1&psc=1"><img src="https://m.media-amazon.com/images/I/513R8zmLclL._SL500_.jpg" alt="Product Image"></a><p>HEHALI 1000pcs Multicolor Pom Pom Balls, Assorted Sizes & Colors Pompoms for Arts and Craft Making Decorations</p><p> -25% 0FF </p><p>$8.99</p><a href="https://www.amazon.com/dp/B01MTOWHJH?tag=eloabder-20&linkCode=osi&th=1&psc=1">View Product</a></div><div class="product"><a href="https://www.amazon.com/dp/B0BHSYPBH1?tag=eloabder-20&linkCode=osi&th=1&psc=1"><img src="https://m.media-amazon.com/images/I/51RUOSHbY5L._SL500_.jpg" alt="Product Image"></a><p>Iooleem Multi-Color Pom Poms, 1200pcs Assorted Size & Color, Pom Poms for Arts and Crafts, Pom Pom Balls with Wiggle Eyes in jar, Glitter Pom Poms, Craft Supplies.</p><p> -15% 0FF </p><p>$6.76</p><a href="https://www.amazon.com/dp/B0BHSYPBH1?tag=eloabder-20&linkCode=osi&th=1&psc=1">View Product</a></div>
<div class="product"><a href="https://www.amazon.com/dp/B0B1J8TYT1?tag=eloabder-20&linkCode=osi&th=1&psc=1"><img src="https://m.media-amazon.com/images/I/41NdyrANVlL._SL500_.jpg" alt="Product Image"></a><p>HOTGODEN Medium Weight 100% Cotton Muslin Fabric: 63 inch x 2,5,10 Yards Unbleached Muslin Linen Fabric Material for Sewing Material Apparel Cloth</p><p> -19% 0FF </p><p>$12.99</p><a href="https://www.amazon.com/dp/B0B1J8TYT1?tag=eloabder-20&linkCode=osi&th=1&psc=1">View Product</a></div><div class="product"><a href="https://www.amazon.com/dp/B08GJHYMGN?tag=eloabder-20&linkCode=osi&th=1&psc=1"><img src="https://m.media-amazon.com/images/I/51wD1FT1eeL._SL500_.jpg" alt="Product Image"></a><p>50pcs 8 x 8 inches Multicolor Cotton Fabric Bundle Squares for Quilting Sewing, Precut Fabric Squares for Craft Patchwork</p><p> -14% 0FF </p><p>$13.77</p><a href="https://www.amazon.com/dp/B08GJHYMGN?tag=eloabder-20&linkCode=osi&th=1&psc=1">View Product</a></div><div class="product"><a href="https://www.amazon.com/dp/B0CRBH5FZT?tag=eloabder-20&linkCode=osi&th=1&psc=1"><img src="https://m.media-amazon.com/images/I/41v-8KZCA5L._SL500_.jpg" alt="Product Image"></a><p>Singer Fabric, 100% Cotton, Pink Purple Sunset Solid 5Pc Bundle</p><p> -24% 0FF </p><p>$8.02 ($1.60 / Count)</p><a href="https://www.amazon.com/dp/B0CRBH5FZT?tag=eloabder-20&linkCode=osi&th=1&psc=1">View Product</a></div>
<div class="product"><a href="https://www.amazon.com/dp/B08GCSLV5T?tag=eloabder-20&linkCode=osi&th=1&psc=1"><img src="https://m.media-amazon.com/images/I/51qmNvhzRUS._SL500_.jpg" alt="Product Image"></a><p>Macrame Cord 4mm x 328Yards(984Feet),Natural Cotton Macrame Rope - 3 Strands Twisted Macrame Cotton Cord for Wall Hanging, Plant Hangers, Crafts, Gift Wrapping and Wedding Decorations</p><p> -15% 0FF </p><p>$16.99 ($0.02 / Foot)</p><a href="https://www.amazon.com/dp/B08GCSLV5T?tag=eloabder-20&linkCode=osi&th=1&psc=1">View Product</a></div><div class="product"><a href="https://www.amazon.com/dp/B07XFYVM62?tag=eloabder-20&linkCode=osi&th=1&psc=1"><img src="https://m.media-amazon.com/images/I/51u2PPpSoOL._SL500_.jpg" alt="Product Image"></a><p>Tenn Well 8mm Macrame Cord, 59 Feet 3Ply Twisted Craft Cotton Rope Thick Nautical Rope for Crafts, Wall Hangings, Plant Hangers, Knotting, Rope Basket Making (Beige)</p><p> -33% 0FF </p><p>$9.99 ($0.17 / Foot)</p><a href="https://www.amazon.com/dp/B07XFYVM62?tag=eloabder-20&linkCode=osi&th=1&psc=1">View Product</a></div><div class="product"><a href="https://www.amazon.com/dp/B07GX8B3PC?tag=eloabder-20&linkCode=osi&th=1&psc=1"><img src="https://m.media-amazon.com/images/I/416oClGC4ZL._SL500_.jpg" alt="Product Image"></a><p>Tenn Well 5mm Macrame Cord, 165Feet Braided Cotton Rope Thick Craft Twine for Macrame Plant Hangers, Wall Hangings, Drawstrings, Clothes Lines, DIY Crafts (Beige)</p><p> -31% 0FF </p><p>$8.99 ($0.05 / Foot)</p><a href="https://www.amazon.com/dp/B07GX8B3PC?tag=eloabder-20&linkCode=osi&th=1&psc=1">View Product</a></div>

<div class="product"><a href="https://www.amazon.com/dp/B00178KLEY?tag=eloabder-20&linkCode=osi&th=1&psc=1"><img src="https://m.media-amazon.com/images/I/31wcgL5xRkL._SL500_.jpg" alt="Product Image"></a><p>Aleene's All Purpose Tacky Glue, 8-Ounce</p><p> -30% 0FF </p><p>$2.44 ($0.30 / Fl Oz)</p><a href="https://www.amazon.com/dp/B00178KLEY?tag=eloabder-20&linkCode=osi&th=1&psc=1">View Product</a></div><div class="product"><a href="https://www.amazon.com/dp/B088NN5GD8?tag=eloabder-20&linkCode=osi&th=1&psc=1"><img src="https://m.media-amazon.com/images/I/417dgxV3dfL._SL500_.jpg" alt="Product Image"></a><p>Bearly Art Precision Craft Glue - The Mini - 2fl oz with Tip Kit - Acid Free Archival - Strong Hold Adhesive - Ideal for Fine Paper Crafting Scrapbooking and Card Making - Made in USA</p><p> -13% 0FF </p><p>$12.99 ($6.50 / Fl Oz)</p><a href="https://www.amazon.com/dp/B088NN5GD8?tag=eloabder-20&linkCode=osi&th=1&psc=1">View Product</a></div><div class="product"><a href="https://www.amazon.com/dp/B09BW3G5FY?tag=eloabder-20&linkCode=osi&th=1&psc=1"><img src="https://m.media-amazon.com/images/I/51nUSHqdX-L._SL500_.jpg" alt="Product Image"></a><p>Adtech 05603 Glue Runner Permanent 35 Yards Total - Pack of 3 (4 each), Blue</p><p> -9% 0FF </p><p>$19.96</p><a href="https://www.amazon.com/dp/B09BW3G5FY?tag=eloabder-20&linkCode=osi&th=1&psc=1">View Product</a></div><div class="product"><a href="https://www.amazon.com/dp/B0948WG3KV?tag=eloabder-20&linkCode=osi&th=1&psc=1"><img src="https://m.media-amazon.com/images/I/41Y1CQR-TqL._SL500_.jpg" alt="Product Image"></a><p>ALLFUN 1000 Pieces Clear Glue Points Dots Double Sided Adhesive Removable for Balloons Craft Sticky</p><p> -32% 0FF </p><p>$6.79 ($0.01 / Count)</p><a href="https://www.amazon.com/dp/B0948WG3KV?tag=eloabder-20&linkCode=osi&th=1&psc=1">View Product</a></div>
<div class="product"><a href="https://www.amazon.com/dp/B0CRDH745H?tag=eloabder-20&linkCode=osi&th=1&psc=1"><img src="https://m.media-amazon.com/images/I/4145DgxWb+L._SL500_.jpg" alt="Product Image"></a><p>Gift Bags 8.25"X5.9 "X3.15" 100pcs Brown Paper Bags with Handles,Kraft Paper Bags for Small Business Christmas Bulk Bags, Wedding Party Favor Bags,Shopping Lunch Bags, Halloween Trick-or-Treat (Brown)</p><p> -8% 0FF </p><p>$16.99</p><a href="https://www.amazon.com/dp/B0CRDH745H?tag=eloabder-20&linkCode=osi&th=1&psc=1">View Product</a></div><div class="product"><a href="https://www.amazon.com/dp/B07MLMXNH1?tag=eloabder-20&linkCode=osi&th=1&psc=1"><img src="https://m.media-amazon.com/images/I/31j9z9qZ3mL._SL500_.jpg" alt="Product Image"></a><p>Qutuus Kraft Paper Gift Bags with Handles - 8x4.5x10 25Pcs Brown Shopping Bags for Parties, Favors, Businesses</p><p> -10% 0FF </p><p>$8.99 ($0.36 / Count)</p><a href="https://www.amazon.com/dp/B07MLMXNH1?tag=eloabder-20&linkCode=osi&th=1&psc=1">View Product</a></div><div class="product"><a href="https://www.amazon.com/dp/B07L63T76G?tag=eloabder-20&linkCode=osi&th=1&psc=1"><img src="https://m.media-amazon.com/images/I/412nJkSNUXL._SL500_.jpg" alt="Product Image"></a><p>Juvale 50-Pack Small Brown Gift Bags with Handles - Small Kraft Paper Bags for Birthday, Retail, Crafts (3.5x2.4x7 In)</p><p> -18% 0FF </p><p>$13.99</p><a href="https://www.amazon.com/dp/B07L63T76G?tag=eloabder-20&linkCode=osi&th=1&psc=1">View Product</a></div><div class="product"><a href="https://www.amazon.com/dp/B09Z2N3QKT?tag=eloabder-20&linkCode=osi&th=1&psc=1"><img src="https://m.media-amazon.com/images/I/416VQ3Ke3PL._SL500_.jpg" alt="Product Image"></a><p>Moretoes 40pcs Brown Paper Bags with Handles Assorted Size Gift Bags, Kraft Paper Bags, Paper Shopping Bags, Craft Bags, Merchandise Bags</p><p> -8% 0FF </p><p>$22.99</p><a href="https://www.amazon.com/dp/B09Z2N3QKT?tag=eloabder-20&linkCode=osi&th=1&psc=1">View Product</a></div>
<div class="product"><a href="https://www.amazon.com/dp/B09Z7NYVG9?tag=eloabder-20&linkCode=osi&th=1&psc=1"><img src="https://m.media-amazon.com/images/I/51XjAkleH5L._SL500_.jpg" alt="Product Image"></a><p>Gxueshan 1000 Pcs Acrylic 9 Color Pony Beads 6x9mm Bulk Glow in The Dark for Necklace Friendship Bracelet Making Hair Beads for Braids Kandi Beads</p><p> -36% 0FF </p><p>$6.99</p><a href="https://www.amazon.com/dp/B09Z7NYVG9?tag=eloabder-20&linkCode=osi&th=1&psc=1">View Product</a></div>
<div class="product"><a href="https://www.amazon.com/dp/B000PD0DSG?tag=eloabder-20&linkCode=osi&th=1&psc=1"><img src="https://m.media-amazon.com/images/I/41bsxH8ol7L._SL500_.jpg" alt="Product Image"></a><p>Fiskars 12x18 Inch Cutting Mat (12-83707097J) , Gray</p><p> -54% 0FF </p><p>$10.97</p><a href="https://www.amazon.com/dp/B000PD0DSG?tag=eloabder-20&linkCode=osi&th=1&psc=1">View Product</a></div><div class="product"><a href="https://www.amazon.com/dp/B0C6TGHYC7?tag=eloabder-20&linkCode=osi&th=1&psc=1"><img src="https://m.media-amazon.com/images/I/41FpOZ2suaL._SL500_.jpg" alt="Product Image"></a><p>DIYDEC 12 Pack Basswood Sheets 12 x 8 x 1/13 Inch Thin Plywood Wood Sheets Unfinished Wood Squares Boards Balsa Wood Sheets for Crafts Architectural Models Laser Cutting Wood Burning and Drawing</p><p> -8% 0FF </p><p>$11.99</p><a href="https://www.amazon.com/dp/B0C6TGHYC7?tag=eloabder-20&linkCode=osi&th=1&psc=1">View Product</a></div>
<div class="product"><a href="https://www.amazon.com/dp/1594745250?tag=eloabder-20&linkCode=osi&th=1&psc=1"><img src="https://m.media-amazon.com/images/I/51m6tJZw-uL._SL500_.jpg" alt="Product Image"></a><p>Crafting with Cat Hair: Cute Handicrafts to Make with Your Cat</p><p> -47% 0FF </p><p>$8.01</p><a href="https://www.amazon.com/dp/1594745250?tag=eloabder-20&linkCode=osi&th=1&psc=1">View Product</a></div><div class="product"><a href="https://www.amazon.com/dp/B0BW876C87?tag=eloabder-20&linkCode=osi&th=1&psc=1"><img src="https://m.media-amazon.com/images/I/41J2NOgeokL._SL500_.jpg" alt="Product Image"></a><p>Popotop Photo Album Self Adhesive Scrapbook Album for 4x6 5x7 8x10 Pictures DIY Photo Book,Birthday Gifts for Women Mom,Wedding Baby Family Travel</p><p> -58% 0FF </p><p>$9.98</p><a href="https://www.amazon.com/dp/B0BW876C87?tag=eloabder-20&linkCode=osi&th=1&psc=1">View Product</a></div><div class="product"><a href="https://www.amazon.com/dp/1574215051?tag=eloabder-20&linkCode=osi&th=1&psc=1"><img src="https://m.media-amazon.com/images/I/51vVL4Vf6vL._SL500_.jpg" alt="Product Image"></a><p>Pyrography Basics: Techniques and Exercises for Beginners (Design Originals) Patterns for Woodburning with Skill-Building Step-by-Step Instructions and Advice from Lora Irish on Texture and Layering</p><p> -45% 0FF </p><p>$5.49</p><a href="https://www.amazon.com/dp/1574215051?tag=eloabder-20&linkCode=osi&th=1&psc=1">View Product</a></div>
<div class="product"><a href="https://www.amazon.com/dp/B01CUI384E?tag=eloabder-20&linkCode=osi&th=1&psc=1"><img src="https://m.media-amazon.com/images/I/41rizh5PQFL._SL500_.jpg" alt="Product Image"></a><p>ArtBin 6918AH Twin Top 17 inch Supply Box, Portable Art & Craft Supply Organizer with Handle, [1] Plastic Storage Case, Translucent</p><p> -51% 0FF </p><p>$15.32</p><a href="https://www.amazon.com/dp/B01CUI384E?tag=eloabder-20&linkCode=osi&th=1&psc=1">View Product</a></div><div class="product"><a href="https://www.amazon.com/dp/B08YBYBVX6?tag=eloabder-20&linkCode=osi&th=1&psc=1"><img src="https://m.media-amazon.com/images/I/41G5mV07PnL._SL500_.jpg" alt="Product Image"></a><p>Logix 12535 Translucent Craft Organizer, Art Supply Organizer and Storage, Lockable School Supplies Organization, Moisture Resistant, Made in USA</p><p> -19% 0FF </p><p>$4.98</p><a href="https://www.amazon.com/dp/B08YBYBVX6?tag=eloabder-20&linkCode=osi&th=1&psc=1">View Product</a></div><div class="product"><a href="https://www.amazon.com/dp/B01BPEX7YA?tag=eloabder-20&linkCode=osi&th=1&psc=1"><img src="https://m.media-amazon.com/images/I/31dTR7w0DXL._SL500_.jpg" alt="Product Image"></a><p>ArtBin 6937AG Essentials Lift-Out Tray Box, Portable Art & Craft Organizer with Handle and Tray, Clear/Aqua</p><p> -33% 0FF </p><p>$9.44</p><a href="https://www.amazon.com/dp/B01BPEX7YA?tag=eloabder-20&linkCode=osi&th=1&psc=1">View Product</a></div><div class="product"><a href="https://www.amazon.com/dp/B08DKT4WSY?tag=eloabder-20&linkCode=osi&th=1&psc=1"><img src="https://m.media-amazon.com/images/I/316yo4e1UuL._SL500_.jpg" alt="Product Image"></a><p>BTSKY 2 Layer Stack & Carry Box, Plastic Multipurpose Portable Storage Container Box Handled Organizer Storage Box for Organizing Stationery, Sewing, Art Craft, Jewelry and Beauty Supplies Blue</p><p> -11% 0FF </p><p>$24.99</p><a href="https://www.amazon.com/dp/B08DKT4WSY?tag=eloabder-20&linkCode=osi&th=1&psc=1">View Product</a></div>
<div class="product"><a href="https://www.amazon.com/dp/B08WX1ZVQD?tag=eloabder-20&linkCode=osi&th=1&psc=1"><img src="https://m.media-amazon.com/images/I/51U7X2OJFAL._SL500_.jpg" alt="Product Image"></a><p>Premium 100 Pcs Resin Sewing Buttons, Eco-Friendly 4-Hole Craft Buttons, 5 Sizes of Black Round Mixed Buttons Suitable for Sewing, DIY and Holiday Decoration</p><p> -54% 0FF </p><p>$5.98</p><a href="https://www.amazon.com/dp/B08WX1ZVQD?tag=eloabder-20&linkCode=osi&th=1&psc=1">View Product</a></div>
<div class="product"><a href="https://www.amazon.com/dp/B075NYWF5P?tag=eloabder-20&linkCode=osi&th=1&psc=1"><img src="https://m.media-amazon.com/images/I/51IoM9rBW1L._SL500_.jpg" alt="Product Image"></a><p>Firbon A4 Paper Cutter 12 Inch Titanium Paper Trimmer Scrapbooking Tool with Automatic Security Safeguard and Side Ruler for Craft Paper, Coupon, Label and Cardstock (Black)</p><p> -39% 0FF </p><p>$10.99</p><a href="https://www.amazon.com/dp/B075NYWF5P?tag=eloabder-20&linkCode=osi&th=1&psc=1">View Product</a></div><div class="product"><a href="https://www.amazon.com/dp/B07BKYH2G5?tag=eloabder-20&linkCode=osi&th=1&psc=1"><img src="https://m.media-amazon.com/images/I/31emK9wKwhL._SL500_.jpg" alt="Product Image"></a><p>45mm Rotary Cutter with 5pcs Extra Blades, Ergonomic Handle Rolling Cutter with Safety Lock for Fabric, Leather, Crafting, Sewing, Quilting, Fabric Rotary Cutter Perfect for Left & Right Hand(Pink)</p><p> -41% 0FF </p><p>$9.99</p><a href="https://www.amazon.com/dp/B07BKYH2G5?tag=eloabder-20&linkCode=osi&th=1&psc=1">View Product</a></div><div class="product"><a href="https://www.amazon.com/dp/B0C8BRB3RH?tag=eloabder-20&linkCode=osi&th=1&psc=1"><img src="https://m.media-amazon.com/images/I/41IwAR4t6FL._SL500_.jpg" alt="Product Image"></a><p>Fiskars 45mm Rotary Cutter for Fabric - Premium Stick Rotary Cutter - Craft Supplies - Crafts, Sewing, and Quilting Projects - White</p><p> -48% 0FF </p><p>$10.98</p><a href="https://www.amazon.com/dp/B0C8BRB3RH?tag=eloabder-20&linkCode=osi&th=1&psc=1">View Product</a></div>
<div class="product"><a href="https://www.amazon.com/dp/B0D7J5HNXQ?tag=eloabder-20&linkCode=osi&th=1&psc=1"><img src="https://m.media-amazon.com/images/I/51kM77Z-7-L._SL500_.jpg" alt="Product Image"></a><p>Tinyspool & Co. Jelly Roll Fabric Strips for Quilting, Crafting, and Sewing, 40 Strip Assorted Bundle, Soft Cotton for Blanket, Rug, Upholstery, Home Decor, and Purse Making, Fall is Here</p><p> -20% 0FF </p><p>$27.99</p><a href="https://www.amazon.com/dp/B0D7J5HNXQ?tag=eloabder-20&linkCode=osi&th=1&psc=1">View Product</a></div>
<div class="product"><a href="https://www.amazon.com/dp/B0BXJB2NTY?tag=eloabder-20&linkCode=osi&th=1&psc=1"><img src="https://m.media-amazon.com/images/I/51z2B9dVEnL._SL500_.jpg" alt="Product Image"></a><p>Soarer Colorful Craft Rooster Feathers - 300pcs 3-5inch Colored Feathers Bulk for Kindergarten DIY Crafts,Wedding Home Party Decorations,Dream Catcher Supplies(Rooster Colorful)</p><p> -22% 0FF </p><p>$6.99</p><a href="https://www.amazon.com/dp/B0BXJB2NTY?tag=eloabder-20&linkCode=osi&th=1&psc=1">View Product</a></div><div class="product"><a href="https://www.amazon.com/dp/B06VWKVZH1?tag=eloabder-20&linkCode=osi&th=1&psc=1"><img src="https://m.media-amazon.com/images/I/51u4jX7ycdL._SL500_.jpg" alt="Product Image"></a><p>Coceca 300pcs Colorful Feathers 3-5 Inches Bulk Feathers Assorted Colors for Crafts DIY, Art Projects, Party Decorations, Dream Catchers</p><p> -36% 0FF </p><p>$6.99 ($0.02 / Count)</p><a href="https://www.amazon.com/dp/B06VWKVZH1?tag=eloabder-20&linkCode=osi&th=1&psc=1">View Product</a></div>
<div class="product"><a href="https://www.amazon.com/dp/B089DPDYKV?tag=eloabder-20&linkCode=osi&th=1&psc=1"><img src="https://m.media-amazon.com/images/I/51L58by1dXL._SL500_.jpg" alt="Product Image"></a><p>Better Office Products 100 Pack EVA Foam Sheets, 5.5 x 8.5 Inch, Assorted Colors (20 Colors), 2mm Thick, for Arts and Crafts, 100 Sheets</p><p> -22% 0FF </p><p>$13.99 ($0.14 / Count)</p><a href="https://www.amazon.com/dp/B089DPDYKV?tag=eloabder-20&linkCode=osi&th=1&psc=1">View Product</a></div><div class="product"><a href="https://www.amazon.com/dp/B08YXYN327?tag=eloabder-20&linkCode=osi&th=1&psc=1"><img src="https://m.media-amazon.com/images/I/41VfV+-ZFTL._SL500_.jpg" alt="Product Image"></a><p>EVA Foam Cosplay - 2mm (1mm to 10mm) - Black or White - 14" x 39" Sheet - Ultra High Density Craft Foam 85 kg/m3 - by The Foamory</p><p> -17% 0FF </p><p>$14.99</p><a href="https://www.amazon.com/dp/B08YXYN327?tag=eloabder-20&linkCode=osi&th=1&psc=1">View Product</a></div><div class="product"><a href="https://www.amazon.com/dp/B07BPRHWL5?tag=eloabder-20&linkCode=osi&th=1&psc=1"><img src="https://m.media-amazon.com/images/I/317FYGugGnL._SL500_.jpg" alt="Product Image"></a><p>6 Pack 12x12-Inch Round Foam Circles for Crafts, 1" Thick, for DIY Projects, Decorations (White)</p><p> -12% 0FF </p><p>$22.99</p><a href="https://www.amazon.com/dp/B07BPRHWL5?tag=eloabder-20&linkCode=osi&th=1&psc=1">View Product</a></div>
<div class="product"><a href="https://www.amazon.com/dp/B001683NAO?tag=eloabder-20&linkCode=osi&th=1&psc=1"><img src="https://m.media-amazon.com/images/I/31cwr-m138L._SL500_.jpg" alt="Product Image"></a><p>BEACON 3-in-1 Advanced Craft Glue - Fast-Drying, Crystal Clear Adhesive for Wood, Ceramics, Fabrics, and More, 4-Ounce</p><p> -18% 0FF </p><p>$8.99 ($2.25 / Fl Oz)</p><a href="https://www.amazon.com/dp/B001683NAO?tag=eloabder-20&linkCode=osi&th=1&psc=1">View Product</a></div><div class="product"><a href="https://www.amazon.com/dp/B000HWY6EM?tag=eloabder-20&linkCode=osi&th=1&psc=1"><img src="https://m.media-amazon.com/images/I/41-SNkQTUaL._SL500_.jpg" alt="Product Image"></a><p>Mod Podge Matte Sealer, Glue & Finish: All-in-One Craft Solution- Quick Dry, Easy Clean, for Wood, Paper, Fabric & More. Non-Toxic - Craft with Confidence, Made in USA, 8 oz., Pack of 1</p><p> -35% 0FF </p><p>$3.98 ($0.50 / Fl Oz)</p><a href="https://www.amazon.com/dp/B000HWY6EM?tag=eloabder-20&linkCode=osi&th=1&psc=1">View Product</a></div><div class="product"><a href="https://www.amazon.com/dp/B07X1SJPSZ?tag=eloabder-20&linkCode=osi&th=1&psc=1"><img src="https://m.media-amazon.com/images/I/61EOLdPbKxL._SL500_.jpg" alt="Product Image"></a><p>E6000 237032 Craft Adhesive, 2 fl oz Clear, 2 Pack</p><p> -49% 0FF </p><p>$8.58 ($2.14 / Fl Oz)</p><a href="https://www.amazon.com/dp/B07X1SJPSZ?tag=eloabder-20&linkCode=osi&th=1&psc=1">View Product</a></div><div class="product"><a href="https://www.amazon.com/dp/B000LNR27U?tag=eloabder-20&linkCode=osi&th=1&psc=1"><img src="https://m.media-amazon.com/images/I/41SoXYVTzvL._SL500_.jpg" alt="Product Image"></a><p>Elmer's Craft Bond Tacky Glue, 4 oz, Clear</p><p> -20% 0FF </p><p>$6.49 ($1.62 / Fl Oz)</p><a href="https://www.amazon.com/dp/B000LNR27U?tag=eloabder-20&linkCode=osi&th=1&psc=1">View Product</a></div>
<div class="product"><a href="https://www.amazon.com/dp/B0BWMPGFVL?tag=eloabder-20&linkCode=osi&th=1&psc=1"><img src="https://m.media-amazon.com/images/I/61gMu32RzEL._SL500_.jpg" alt="Product Image"></a><p>Dowsabel Clay Beads Bracelet Making Kit for Beginner, 5000 Pcs Preppy Polymer Clay Beads with Charms Kit for Jewelry Making, DIY Arts and Crafts Birthday Gifts Toys for Kids Age 6-13</p><p> -65% 0FF </p><p>$6.98 ($0.00 / Count)</p><a href="https://www.amazon.com/dp/B0BWMPGFVL?tag=eloabder-20&linkCode=osi&th=1&psc=1">View Product</a></div><div class="product"><a href="https://www.amazon.com/dp/B09X1YX59W?tag=eloabder-20&linkCode=osi&th=1&psc=1"><img src="https://m.media-amazon.com/images/I/61Cr68venIL._SL500_.jpg" alt="Product Image"></a><p>Hula Home Stained Glass Mandala Art Kit - DIY Window Clings with Markers, 10 Suncatchers - Perfect Hobby for Adults, Kids, Teens & Seniors - Ideal Gift for Beginners, Women & Elderly</p><p> -36% 0FF </p><p>$15.99</p><a href="https://www.amazon.com/dp/B09X1YX59W?tag=eloabder-20&linkCode=osi&th=1&psc=1">View Product</a></div><div class="product"><a href="https://www.amazon.com/dp/B09KGBWF4M?tag=eloabder-20&linkCode=osi&th=1&psc=1"><img src="https://m.media-amazon.com/images/I/615WTC7aH4L._SL500_.jpg" alt="Product Image"></a><p>Craft Culture Beginners Wood Burning Kit for Kids and Teenage Boys & Girls Cool Gifts for Boy or Girl Craft Projects Gift Idea for Older Children Teen Woodburning DIY Hobby Kits Art Crafts Activities</p><p> -20% 0FF </p><p>$39.99</p><a href="https://www.amazon.com/dp/B09KGBWF4M?tag=eloabder-20&linkCode=osi&th=1&psc=1">View Product</a></div><div class="product"><a href="https://www.amazon.com/dp/B0BK35RMN4?tag=eloabder-20&linkCode=osi&th=1&psc=1"><img src="https://m.media-amazon.com/images/I/513JTylDEHL._SL500_.jpg" alt="Product Image"></a><p>WATHFKCU 4 Sets DIY Glass Mosaic Tiles for Crafts,Mixed Color Mosaic Kits with Wooden Coaster for Adults,Mosaic Crafts Materials Package for Coaster Handmade Home Decor Gifts</p><p> -15% 0FF </p><p>$22.99</p><a href="https://www.amazon.com/dp/B0BK35RMN4?tag=eloabder-20&linkCode=osi&th=1&psc=1">View Product</a></div><div class="product"><a href="https://www.amazon.com/dp/B0CGD74KX7?tag=eloabder-20&linkCode=osi&th=1&psc=1"><img src="https://m.media-amazon.com/images/I/51rNpMlv3wL._SL500_.jpg" alt="Product Image"></a><p>Shimmer Markers Outline Double Line: 12 Colors Metallic Glitter Pens Set Sparkle Kid Age 4 8 10 14 Year Old Gift Present Doodle Drawing Supplies Art Craft Tween Teen Girl Christmas Stocking Stuffers</p><p> -17% 0FF </p><p>$9.99</p><a href="https://www.amazon.com/dp/B0CGD74KX7?tag=eloabder-20&linkCode=osi&th=1&psc=1">View Product</a></div><div class="product"><a href="https://www.amazon.com/dp/B09LVDT4QK?tag=eloabder-20&linkCode=osi&th=1&psc=1"><img src="https://m.media-amazon.com/images/I/41CaNa9XKLL._SL500_.jpg" alt="Product Image"></a><p>DOODLE HOG Polymer Clay Earring Making Kit, Gift for Teens and Adults, Make 12 Earrings, Jewelry Making Supplies for Kids and Adults - Arts and Crafts for Kids Ages 12+ Girls</p><p> -35% 0FF </p><p>$12.99</p><a href="https://www.amazon.com/dp/B09LVDT4QK?tag=eloabder-20&linkCode=osi&th=1&psc=1">View Product</a></div><div class="product"><a href="https://www.amazon.com/dp/B0BS4BVG3M?tag=eloabder-20&linkCode=osi&th=1&psc=1"><img src="https://m.media-amazon.com/images/I/61r89vPgOtL._SL500_.jpg" alt="Product Image"></a><p>2774pcs Gem Stickers Jewels for Crafts - Self Adhesive Rhinestone Jewel Stickers, Stick on Gems Rhinestones for Crafts, Acrylic Bling Heart Stickers, Craft Supplies for Kids</p><p> -29% 0FF </p><p>$8.97</p><a href="https://www.amazon.com/dp/B0BS4BVG3M?tag=eloabder-20&linkCode=osi&th=1&psc=1">View Product</a></div>
<div class="product"><a href="https://www.amazon.com/dp/B001A42CTW?tag=eloabder-20&linkCode=osi&th=1&psc=1"><img src="https://m.media-amazon.com/images/I/31TZjc3LZUL._SL500_.jpg" alt="Product Image"></a><p>Fiskars SoftGrip Detail Craft Knife - 8" Exacto Knife for Crafting - Multi-Use Exacto Blade Included with Protective Cover</p><p> -25% 0FF </p><p>$5.97</p><a href="https://www.amazon.com/dp/B001A42CTW?tag=eloabder-20&linkCode=osi&th=1&psc=1">View Product</a></div><div class="product"><a href="https://www.amazon.com/dp/B07G9PKH9H?tag=eloabder-20&linkCode=osi&th=1&psc=1"><img src="https://m.media-amazon.com/images/I/31f5z1IyHaL._SL500_.jpg" alt="Product Image"></a><p>Cricut TrueControl Knife Kit - For Use As a Precision Knife, Craft knife, Carving Knife and Hobby Knife - For Art, Scrapbooking, Stencils, and DIY Projects - Comes With 5 Spare Blades - [Blue]</p><p> -50% 0FF </p><p>$9.49 ($9.49 / Count)</p><a href="https://www.amazon.com/dp/B07G9PKH9H?tag=eloabder-20&linkCode=osi&th=1&psc=1">View Product</a></div>
<div class="product"><a href="https://www.amazon.com/dp/B07M6CDS77?tag=eloabder-20&linkCode=osi&th=1&psc=1"><img src="https://m.media-amazon.com/images/I/51Om2onDSZL._SL500_.jpg" alt="Product Image"></a><p>COO&KOO Charm Bracelet Making Kit, A Unicorn Girls Toy That Inspires Creativity and Imagination, Crafts for Ages 8-12 with Jewelry Making & Art Kit Perfect Gifts, Self-Expression!</p><p> -43% 0FF </p><p>$16.99</p><a href="https://www.amazon.com/dp/B07M6CDS77?tag=eloabder-20&linkCode=osi&th=1&psc=1">View Product</a></div><div class="product"><a href="https://www.amazon.com/dp/B0932TB3Z6?tag=eloabder-20&linkCode=osi&th=1&psc=1"><img src="https://m.media-amazon.com/images/I/617ElT9g-7L._SL500_.jpg" alt="Product Image"></a><p>Made By Me Ultimate Bead Pets by Horizon Group USA, Bead Pets Crafts for Kids, Includes Over 1400 Beads, Cording, Keychains & Carabiner Clips, Design Templates, Storage Cases & More</p><p> -5% 0FF </p><p>$20.81</p><a href="https://www.amazon.com/dp/B0932TB3Z6?tag=eloabder-20&linkCode=osi&th=1&psc=1">View Product</a></div><div class="product"><a href="https://www.amazon.com/dp/B0BZHX7HP9?tag=eloabder-20&linkCode=osi&th=1&psc=1"><img src="https://m.media-amazon.com/images/I/61qd1GFIZiL._SL500_.jpg" alt="Product Image"></a><p>Paodey 20,000 Pcs Clay Beads Bracelet Making Kit, 120 Colors 6 Boxes Polymer Beads Spacer Heishi Beads & Jewelry Kit with Pendant Charms Elastic Strings, Crafts Gift for Kids Adults</p><p> -33% 0FF </p><p>$19.99</p><a href="https://www.amazon.com/dp/B0BZHX7HP9?tag=eloabder-20&linkCode=osi&th=1&psc=1">View Product</a></div><div class="product"><a href="https://www.amazon.com/dp/B0895MW2C9?tag=eloabder-20&linkCode=osi&th=1&psc=1"><img src="https://m.media-amazon.com/images/I/61SQh61RDwL._SL500_.jpg" alt="Product Image"></a><p>Charm Bracelet Making Kit,Jewelry Making Supplies Beads,Unicorn/Mermaid Crafts Gifts Set for Girls Teens Age 6-12</p><p> -43% 0FF </p><p>$16.96</p><a href="https://www.amazon.com/dp/B0895MW2C9?tag=eloabder-20&linkCode=osi&th=1&psc=1">View Product</a></div><div class="product"><a href="https://www.amazon.com/dp/0545703190?tag=eloabder-20&linkCode=osi&th=1&psc=1"><img src="https://m.media-amazon.com/images/I/51TP-RXeg0L._SL500_.jpg" alt="Product Image"></a><p>Klutz Mini Pom-Pom Pets 8" Length x 1.25" Width x 9" Height</p><p> -10% 0FF </p><p>$17.99</p><a href="https://www.amazon.com/dp/0545703190?tag=eloabder-20&linkCode=osi&th=1&psc=1">View Product</a></div><div class="product"><a href="https://www.amazon.com/dp/B07TBJSZFH?tag=eloabder-20&linkCode=osi&th=1&psc=1"><img src="https://m.media-amazon.com/images/I/51NVC4bdfvL._SL500_.jpg" alt="Product Image"></a><p>FUNZBO Arts and Crafts Supplies for Kids - Craft Kit with Glitter Glue Stick, Pipe Cleaners Craft & Craft Tools, DIY School Supplies Kit, Girls Toys, Gifts for Girls and Boys Age 4+</p><p> -20% 0FF </p><p>$15.98</p><a href="https://www.amazon.com/dp/B07TBJSZFH?tag=eloabder-20&linkCode=osi&th=1&psc=1">View Product</a></div>
<div class="product"><a href="https://www.amazon.com/dp/B0116VGHLW?tag=eloabder-20&linkCode=osi&th=1&psc=1"><img src="https://m.media-amazon.com/images/I/41sV-drwy7L._SL500_.jpg" alt="Product Image"></a><p>G2PLUS Kraft Paper Gift Tags with String,100PCS Blank Gift Tags,Christmas Gift Tags,Holiday Hangtags for Art&Craft,Gift Wrapping,Halloween(2'' x 4'')</p><p> -29% 0FF </p><p>$4.99 ($0.05 / Count)</p><a href="https://www.amazon.com/dp/B0116VGHLW?tag=eloabder-20&linkCode=osi&th=1&psc=1">View Product</a></div><div class="product"><a href="https://www.amazon.com/dp/B076CL8JMB?tag=eloabder-20&linkCode=osi&th=1&psc=1"><img src="https://m.media-amazon.com/images/I/41rBOccjjXL._SL500_.jpg" alt="Product Image"></a><p>SallyFashion 200pcs Kraft Paper Gift Tags with Free 200 Root Natural Jute Twine, Blank Gift Bags Tags Price Tags（Brown Water Ripple）</p><p> -9% 0FF </p><p>$4.99 ($0.02 / Count)</p><a href="https://www.amazon.com/dp/B076CL8JMB?tag=eloabder-20&linkCode=osi&th=1&psc=1">View Product</a></div>
<div class="product"><a href="https://www.amazon.com/dp/B07XDC7FP9?tag=eloabder-20&linkCode=osi&th=1&psc=1"><img src="https://m.media-amazon.com/images/I/41JKgogWT9L._SL500_.jpg" alt="Product Image"></a><p>Magnetic Dots - Self Adhesive Magnet Dots (0.8" x 0.8") - Classroom Must Have Peel & Stick Magnetic Circles - Flexible Sticky Magnets - Sheets is Alternative, Stickers, Strip, Magnetic Tape (120 Pcs)</p><p> -13% 0FF </p><p>$13.99</p><a href="https://www.amazon.com/dp/B07XDC7FP9?tag=eloabder-20&linkCode=osi&th=1&psc=1">View Product</a></div><div class="product"><a href="https://www.amazon.com/dp/B09BBHBZMG?tag=eloabder-20&linkCode=osi&th=1&psc=1"><img src="https://m.media-amazon.com/images/I/51kT5DaZIPL._SL500_.jpg" alt="Product Image"></a><p>Mr. Pen- Adhesive Magnetic Sheets, 4" x 6", 10 Pack, with Adhesive Backing, Flexible Picture Magnets, Cuttable Magnetic Sheets.</p><p> -41% 0FF </p><p>$5.85</p><a href="https://www.amazon.com/dp/B09BBHBZMG?tag=eloabder-20&linkCode=osi&th=1&psc=1">View Product</a></div><div class="product"><a href="https://www.amazon.com/dp/B09WCXS3NV?tag=eloabder-20&linkCode=osi&th=1&psc=1"><img src="https://m.media-amazon.com/images/I/51jUQGCcMPL._SL500_.jpg" alt="Product Image"></a><p>DIYMAG Magnetic Adhesive Sheets, |4" x 6"|, 10 Pack Cuttable, Flexible magnet sheets with adhesive for Crafts, Photos, Easy Peel and Stick</p><p> -10% 0FF </p><p>$5.38 ($0.54 / Count)</p><a href="https://www.amazon.com/dp/B09WCXS3NV?tag=eloabder-20&linkCode=osi&th=1&psc=1">View Product</a></div><div class="product"><a href="https://www.amazon.com/dp/B07V4STWPV?tag=eloabder-20&linkCode=osi&th=1&psc=1"><img src="https://m.media-amazon.com/images/I/51g56RBuH8L._SL500_.jpg" alt="Product Image"></a><p>Magnetic Sheets with Adhesive Backing - Each 4" x 6" - Flexible Magnetic Paper with Strong Self Adhesive - Sticky Magnet Sheets for Photo and Picture Magnets, Stickers and Other Craft Magnets</p><p> -33% 0FF </p><p>$5.99</p><a href="https://www.amazon.com/dp/B07V4STWPV?tag=eloabder-20&linkCode=osi&th=1&psc=1">View Product</a></div><div class="product"><a href="https://www.amazon.com/dp/B0D6R56J5T?tag=eloabder-20&linkCode=osi&th=1&psc=1"><img src="https://m.media-amazon.com/images/I/51tODUxLo4L._SL500_.jpg" alt="Product Image"></a><p>96pcs Craft Magnets Glass w Adhesive Backing and Transparent Clear Glass Cabochons DIY Craft Fridge Magnets for Whiteboard Refrigerator(Round, 48 Sets,1-Inch)</p><p> -17% 0FF </p><p>$9.99 ($0.10 / Count)</p><a href="https://www.amazon.com/dp/B0D6R56J5T?tag=eloabder-20&linkCode=osi&th=1&psc=1">View Product</a></div><div class="product"><a href="https://www.amazon.com/dp/B07V3SRKFW?tag=eloabder-20&linkCode=osi&th=1&psc=1"><img src="https://m.media-amazon.com/images/I/51HyHWF+PVL._SL500_.jpg" alt="Product Image"></a><p>Magnetic Sheets with Adhesive Backing - Each 4" x 6" - Flexible Magnetic Paper with Strong Self Adhesive - Sticky Magnet Sheets for Photo and Picture Magnets, Stickers and Other Craft Magnets</p><p> -38% 0FF </p><p>$4.99</p><a href="https://www.amazon.com/dp/B07V3SRKFW?tag=eloabder-20&linkCode=osi&th=1&psc=1">View Product</a></div>
<div class="product"><a href="https://www.amazon.com/dp/B0CP48JPCH?tag=eloabder-20&linkCode=osi&th=1&psc=1"><img src="https://m.media-amazon.com/images/I/51-IkKBja0L._SL500_.jpg" alt="Product Image"></a><p>ARTISTRO Acrylic Paint Pens, Acrylic Paint Markers, Fabric Markers for Textile, Canvas, Rock, Glass, Wood, Paper, DIY, Paint Markers for Kids and Adults (Dual Tip Dot + Fine, 24)</p><p> -50% 0FF </p><p>$9.99 ($0.42 / Count)</p><a href="https://www.amazon.com/dp/B0CP48JPCH?tag=eloabder-20&linkCode=osi&th=1&psc=1">View Product</a></div><div class="product"><a href="https://www.amazon.com/dp/B0891WKPN3?tag=eloabder-20&linkCode=osi&th=1&psc=1"><img src="https://m.media-amazon.com/images/I/51qPnBJt4QL._SL500_.jpg" alt="Product Image"></a><p>Caliart 34 Double Tip Brush Pens Art Markers, Aesthetic Cute Preppy Stuff School Supplies, Artist Fine & Brush Pen Coloring Markers for Kids Adult Book Cards Drawing Craft Kit Teacher Office Supplies</p><p> -33% 0FF </p><p>$9.99</p><a href="https://www.amazon.com/dp/B0891WKPN3?tag=eloabder-20&linkCode=osi&th=1&psc=1">View Product</a></div><div class="product"><a href="https://www.amazon.com/dp/B073XHP9N2?tag=eloabder-20&linkCode=osi&th=1&psc=1"><img src="https://m.media-amazon.com/images/I/519tKwqmbtL._SL500_.jpg" alt="Product Image"></a><p>Shuttle Art 51 Colors Dual Tip Alcohol Based Art Markers, 50 Colors plus 1 Blender Permanent Marker Pens Highlighters with Case Perfect for Illustration Adult Coloring Sketching and Card Making…</p><p> -28% 0FF </p><p>$25.99</p><a href="https://www.amazon.com/dp/B073XHP9N2?tag=eloabder-20&linkCode=osi&th=1&psc=1">View Product</a></div><div class="product"><a href="https://www.amazon.com/dp/B0BXPTLMRW?tag=eloabder-20&linkCode=osi&th=1&psc=1"><img src="https://m.media-amazon.com/images/I/51NWNk2VHnL._SL500_.jpg" alt="Product Image"></a><p>Peablce Art Markers Brush Pen, 32 Colored Pens Fine Point Highlighter Pen & Brush for Adult Kids Coloring Journaling Note Taking Planner</p><p> -36% 0FF </p><p>$6.39</p><a href="https://www.amazon.com/dp/B0BXPTLMRW?tag=eloabder-20&linkCode=osi&th=1&psc=1">View Product</a></div><div class="product"><a href="https://www.amazon.com/dp/B0CPMFV2ZF?tag=eloabder-20&linkCode=osi&th=1&psc=1"><img src="https://m.media-amazon.com/images/I/51rnUOzj7oL._SL500_.jpg" alt="Product Image"></a><p>Sharpie Acrylic Creative Markers, Bullet Tip, Vibrant Assorted Colors, Non-Bleeding Water-Based Ink, Pack of 12</p><p> -19% 0FF </p><p>$14.90</p><a href="https://www.amazon.com/dp/B0CPMFV2ZF?tag=eloabder-20&linkCode=osi&th=1&psc=1">View Product</a></div>
<div class="product"><a href="https://www.amazon.com/dp/B07XFJ5YKN?tag=eloabder-20&linkCode=osi&th=1&psc=1"><img src="https://m.media-amazon.com/images/I/31IiXY7q0uL._SL500_.jpg" alt="Product Image"></a><p>3 Pack Silicone mat Large Silicone Sheets for Crafts, Liquid, Resin Jewelry Casting Molds Mat, Silicone Placemat 15.7” x 11.8” (Blue & Rose Red & Green)</p><p> -33% 0FF </p><p>$7.99 ($2.66 / Count)</p><a href="https://www.amazon.com/dp/B07XFJ5YKN?tag=eloabder-20&linkCode=osi&th=1&psc=1">View Product</a></div>
<div class="product"><a href="https://www.amazon.com/dp/B0CYZC3TCM?tag=eloabder-20&linkCode=osi&th=1&psc=1"><img src="https://m.media-amazon.com/images/I/41vBPX7IX9L._SL500_.jpg" alt="Product Image"></a><p>Vanhench 36"x 2520" (210') Brown Kraft Paper Roll, Craft Paper, Wrapping Paper for Bulletin Board Paper Roll Art Craft Bouquet Flower Table Covering Poster Packing Shipping Moving Supplies 70GSM 55LB</p><p> -17% 0FF </p><p>$29.98 ($0.05 / Sq Ft)</p><a href="https://www.amazon.com/dp/B0CYZC3TCM?tag=eloabder-20&linkCode=osi&th=1&psc=1">View Product</a></div><div class="product"><a href="https://www.amazon.com/dp/B01HZMQJ8C?tag=eloabder-20&linkCode=osi&th=1&psc=1"><img src="https://m.media-amazon.com/images/I/41CQa4BxU7L._SL500_.jpg" alt="Product Image"></a><p>Colorations Art Paper, 9" x 12" Painting & Craft Paper, Finger Paints, Watercolor, Tempera, Drawing, Art Room & Homeschool Crafts 100 sheets</p><p> -6% 0FF </p><p>$14.99 ($0.15 / Count)</p><a href="https://www.amazon.com/dp/B01HZMQJ8C?tag=eloabder-20&linkCode=osi&th=1&psc=1">View Product</a></div>
<div class="product"><a href="https://www.amazon.com/dp/B08WHP8FX1?tag=eloabder-20&linkCode=osi&th=1&psc=1"><img src="https://m.media-amazon.com/images/I/51G7adQRmcL._SL500_.jpg" alt="Product Image"></a><p>Apple Barrel Acrylic Craft Paint Set, Matte Finish, Set of 8, 8 Fl Oz (Pack of 8), Assorted</p><p> -17% 0FF </p><p>$22.39 ($0.35 / Fl Oz)</p><a href="https://www.amazon.com/dp/B08WHP8FX1?tag=eloabder-20&linkCode=osi&th=1&psc=1">View Product</a></div><div class="product"><a href="https://www.amazon.com/dp/B08RYRW7SP?tag=eloabder-20&linkCode=osi&th=1&psc=1"><img src="https://m.media-amazon.com/images/I/51NgwH3pVpL._SL500_.jpg" alt="Product Image"></a><p>Shuttle Art Acrylic Paint Set, 25 Vintage Colours Acrylic Paints, 2oz/60ml Bottles, Rich Pigmented, Premium Acrylic Paints for Artists, Beginners and Kids on Rocks Crafts Canvas Wood Ceramic</p><p> -20% 0FF </p><p>$19.99 ($0.40 / Fl Oz)</p><a href="https://www.amazon.com/dp/B08RYRW7SP?tag=eloabder-20&linkCode=osi&th=1&psc=1">View Product</a></div>
<div class="product"><a href="https://www.amazon.com/dp/B08C5LKG4L?tag=eloabder-20&linkCode=osi&th=1&psc=1"><img src="https://m.media-amazon.com/images/I/510He-DL-US._SL500_.jpg" alt="Product Image"></a><p>12pcs Craft Hole Punch Shapes Set,Small Paper Puncher for Kids,Single Crafting Scrapbook Punches,Star,Butterfly,Leaf,Christmas Tree.Heart,Tag stamp Cards Mini Cutter Nail Arts crafts Punchers Supplies</p><p> -41% 0FF </p><p>$9.99</p><a href="https://www.amazon.com/dp/B08C5LKG4L?tag=eloabder-20&linkCode=osi&th=1&psc=1">View Product</a></div><div class="product"><a href="https://www.amazon.com/dp/B08VHGLBPT?tag=eloabder-20&linkCode=osi&th=1&psc=1"><img src="https://m.media-amazon.com/images/I/31UvXlbVq7L._SL500_.jpg" alt="Product Image"></a><p>QIQQIKIN Paper Corner Rounder 3 in 1 （R4mm+R7mm+R10mm）， Punches for Crafts， Cutter ，Envelope Punch Board ，Hole Puncher， Laminate, DIY Projects, Photo Cutter,Card Making Scrapbooking and Journaling</p><p> -54% 0FF </p><p>$5.99</p><a href="https://www.amazon.com/dp/B08VHGLBPT?tag=eloabder-20&linkCode=osi&th=1&psc=1">View Product</a></div>
<div class="product"><a href="https://www.amazon.com/dp/B08722TFPH?tag=eloabder-20&linkCode=osi&th=1&psc=1"><img src="https://m.media-amazon.com/images/I/51DqPIU5lcL._SL500_.jpg" alt="Product Image"></a><p>LIUYAXI 20 Colors 100 Yard Satin Ribbon Fabric Ribbon Silk Ribbon Assorted Colors Rolls, 2/5" Wide 5 Yard/Roll, Ribbons Perfect for Gift Wrapping,Crafts, Hair Bows, Wedding Party Decoration and More</p><p> -20% 0FF </p><p>$6.39 ($0.02 / Foot)</p><a href="https://www.amazon.com/dp/B08722TFPH?tag=eloabder-20&linkCode=osi&th=1&psc=1">View Product</a></div><div class="product"><a href="https://www.amazon.com/dp/B09VD664SF?tag=eloabder-20&linkCode=osi&th=1&psc=1"><img src="https://m.media-amazon.com/images/I/416ujI6fREL._SL500_.jpg" alt="Product Image"></a><p>YASEO 1 Inch Champaign Gold Solid Satin Ribbon, 50 Yards Craft Fabric Ribbon for Gift Wrapping Floral Bouquets Wedding Party Decoration</p><p> -15% 0FF </p><p>$6.79 ($0.05 / Foot)</p><a href="https://www.amazon.com/dp/B09VD664SF?tag=eloabder-20&linkCode=osi&th=1&psc=1">View Product</a></div><div class="product"><a href="https://www.amazon.com/dp/B0999BWTRD?tag=eloabder-20&linkCode=osi&th=1&psc=1"><img src="https://m.media-amazon.com/images/I/31y0rlK1bIL._SL500_.jpg" alt="Product Image"></a><p>Vitalizart Handmade Chiffon Silk Ribbon Fringe Green & Cream 1.5" x 21 Yd Frayed Edges Ribbons for Wedding Invitations Bridal Bouquets Gifts Wrapping Crafts Holiday Party Decorations</p><p> -21% 0FF </p><p>$14.99 ($0.24 / Foot)</p><a href="https://www.amazon.com/dp/B0999BWTRD?tag=eloabder-20&linkCode=osi&th=1&psc=1">View Product</a></div><div class="product"><a href="https://www.amazon.com/dp/B0CS59KQ52?tag=eloabder-20&linkCode=osi&th=1&psc=1"><img src="https://m.media-amazon.com/images/I/41JGsqqFc0L._SL500_.jpg" alt="Product Image"></a><p>Ribbli Pink Satin Ribbon 3/8 Inch x 4 Rolls Total 40 Yards- White/Light Pink/Pink/Hot Pink Ribbon for Gift Wrapping Craft Wedding Decoration</p><p> -29% 0FF </p><p>$9.99 ($0.08 / Foot)</p><a href="https://www.amazon.com/dp/B0CS59KQ52?tag=eloabder-20&linkCode=osi&th=1&psc=1">View Product</a></div>
<div class="product"><a href="https://www.amazon.com/dp/B07FDV6NN3?tag=eloabder-20&linkCode=osi&th=1&psc=1"><img src="https://m.media-amazon.com/images/I/41cwit3vbXL._SL500_.jpg" alt="Product Image"></a><p>Juvale Wooden Rings for Crafts, Macrame, Crochet, Jewelry Making, Natural Unfinished 3 Inch Wood Rings (75mm, 30 Pack)</p><p> -13% 0FF </p><p>$16.49</p><a href="https://www.amazon.com/dp/B07FDV6NN3?tag=eloabder-20&linkCode=osi&th=1&psc=1">View Product</a></div><div class="product"><a href="https://www.amazon.com/dp/B0CLXW96T8?tag=eloabder-20&linkCode=osi&th=1&psc=1"><img src="https://m.media-amazon.com/images/I/41U4yOgr+XL._SL500_.jpg" alt="Product Image"></a><p>50 PCS 50mm Unfinished Wooden Rings for Craft, Nature Solid Wood Rings for DIY Crafts Without Paint, Macrame Wooden Rings for Ring Pendant and Connectors Jewelry Making</p><p> -50% 0FF </p><p>$4.49</p><a href="https://www.amazon.com/dp/B0CLXW96T8?tag=eloabder-20&linkCode=osi&th=1&psc=1">View Product</a></div><div class="product"><a href="https://www.amazon.com/dp/B09BLCGGQH?tag=eloabder-20&linkCode=osi&th=1&psc=1"><img src="https://m.media-amazon.com/images/I/41khWby2u3L._SL500_.jpg" alt="Product Image"></a><p>Mr. Pen- Wooden Rings, 2.7", 10 Pack, Wooden Rings for Crafts, Wood Rings, Macrame Rings, Wood Rings for Crafts, Wooden Ring, Wooden Rings for Macrame, Craft Rings, Wood Ring, Wood Teething Ring</p><p> -30% 0FF </p><p>$6.95</p><a href="https://www.amazon.com/dp/B09BLCGGQH?tag=eloabder-20&linkCode=osi&th=1&psc=1">View Product</a></div>
<div class="product"><a href="https://www.amazon.com/dp/B072RV8SC7?tag=eloabder-20&linkCode=osi&th=1&psc=1"><img src="https://m.media-amazon.com/images/I/31dSkcEq21L._SL500_.jpg" alt="Product Image"></a><p>Westcott 5" Micro-Tip Craft Scissors with Titanium-Bonded Blades for Crafting, Sewing & More</p><p> -53% 0FF </p><p>$7.50</p><a href="https://www.amazon.com/dp/B072RV8SC7?tag=eloabder-20&linkCode=osi&th=1&psc=1">View Product</a></div><div class="product"><a href="https://www.amazon.com/dp/B07H4N8DL9?tag=eloabder-20&linkCode=osi&th=1&psc=1"><img src="https://m.media-amazon.com/images/I/41qf77NvDqL._SL500_.jpg" alt="Product Image"></a><p>Scissors Bulk Set of 5-Pack, Niutop 8" Multipurpose Sharp Sewing Craft Fabric Scissors for Office Home High/Middle School Student Office Teacher Art Supplies, Soft Comfort-Grip Right/Left Handles</p><p> -31% 0FF </p><p>$6.89 ($1.38 / Count)</p><a href="https://www.amazon.com/dp/B07H4N8DL9?tag=eloabder-20&linkCode=osi&th=1&psc=1">View Product</a></div><div class="product"><a href="https://www.amazon.com/dp/B0CFJNX6DR?tag=eloabder-20&linkCode=osi&th=1&psc=1"><img src="https://m.media-amazon.com/images/I/41MtlRnWlwL._SL500_.jpg" alt="Product Image"></a><p>Mr. Pen- Craft Scissors Decorative Edge, 6 Pack, Craft Scissors, Zig Zag Scissors, Decorative Scissors, Scrapbooking Scissors, Fancy Scissors, Scissors for Crafting, Pattern Scissors, Design Scissors</p><p> -21% 0FF </p><p>$7.85</p><a href="https://www.amazon.com/dp/B0CFJNX6DR?tag=eloabder-20&linkCode=osi&th=1&psc=1">View Product</a></div><div class="product"><a href="https://www.amazon.com/dp/B079L16LN6?tag=eloabder-20&linkCode=osi&th=1&psc=1"><img src="https://m.media-amazon.com/images/I/31XwkWsWIrS._SL500_.jpg" alt="Product Image"></a><p>LIVINGO Premium Tailor Scissors Heavy Duty Multi-Purpose Titanium Coating Forged Stainless Steel Sewing Fabric Leather Dressmaking Comfort Grip Shears Professional Crafting (9.5 INCH)</p><p> -30% 0FF </p><p>$13.99</p><a href="https://www.amazon.com/dp/B079L16LN6?tag=eloabder-20&linkCode=osi&th=1&psc=1">View Product</a></div><div class="product"><a href="https://www.amazon.com/dp/B001KYQP22?tag=eloabder-20&linkCode=osi&th=1&psc=1"><img src="https://m.media-amazon.com/images/I/31Cg9f0+hkL._SL500_.jpg" alt="Product Image"></a><p>Scotch 6" Precision Scissors, Great for Everyday Use (1446)</p><p> -21% 0FF </p><p>$4.94</p><a href="https://www.amazon.com/dp/B001KYQP22?tag=eloabder-20&linkCode=osi&th=1&psc=1">View Product</a></div><div class="product"><a href="https://www.amazon.com/dp/B07H4LTQ1D?tag=eloabder-20&linkCode=osi&th=1&psc=1"><img src="https://m.media-amazon.com/images/I/41Nhiysl2XL._SL500_.jpg" alt="Product Image"></a><p>LIVINGO 2 Pack 8" Titanium Non-Stick Scissors, Professional Stainless Steel Comfort Grip, All-Purpose, Straight Office Craft Scissors for DIY(Red/Black)</p><p> -50% 0FF </p><p>$9.99</p><a href="https://www.amazon.com/dp/B07H4LTQ1D?tag=eloabder-20&linkCode=osi&th=1&psc=1">View Product</a></div>
<div class="product"><a href="https://www.amazon.com/dp/B072JW6NQT?tag=eloabder-20&linkCode=osi&th=1&psc=1"><img src="https://m.media-amazon.com/images/I/61uY6781clL._SL500_.jpg" alt="Product Image"></a><p>260 Pieces Colorful Glitter Foam Stickers Self Adhesive Stars Mini Heart Shapes Glitter Stickers, Kid's Arts Craft Supplies Greeting Cards Home Decoration Stars&Heart Shapes</p><p> -33% 0FF </p><p>$6.74 ($0.03 / Count)</p><a href="https://www.amazon.com/dp/B072JW6NQT?tag=eloabder-20&linkCode=osi&th=1&psc=1">View Product</a></div><div class="product"><a href="https://www.amazon.com/dp/B00290N4NY?tag=eloabder-20&linkCode=osi&th=1&psc=1"><img src="https://m.media-amazon.com/images/I/41hejL-+6qL._SL500_.jpg" alt="Product Image"></a><p>Creative Arts by Charles Leonard Foam Shapes, Assorted Colors, 264 Pieces/Bag (70526)</p><p> -7% 0FF </p><p>$7.10</p><a href="https://www.amazon.com/dp/B00290N4NY?tag=eloabder-20&linkCode=osi&th=1&psc=1">View Product</a></div><div class="product"><a href="https://www.amazon.com/dp/B09KG4RZ6J?tag=eloabder-20&linkCode=osi&th=1&psc=1"><img src="https://m.media-amazon.com/images/I/415lhoEhZ4L._SL500_.jpg" alt="Product Image"></a><p>100PCS Unfinished Blank Wood Pieces, 4 x 4 Inch Natural Wooden Slices Star & Heart Shape Cutouts for DIY Crafts Pyrograph Painting Staining Burning Engraving Carving Coasters</p><p> -50% 0FF </p><p>$9.49</p><a href="https://www.amazon.com/dp/B09KG4RZ6J?tag=eloabder-20&linkCode=osi&th=1&psc=1">View Product</a></div><div class="product"><a href="https://www.amazon.com/dp/B000F8V6BY?tag=eloabder-20&linkCode=osi&th=1&psc=1"><img src="https://m.media-amazon.com/images/I/41pWKfVnCpL._SL500_.jpg" alt="Product Image"></a><p>Creativity Street Natural Wood Shapes - 1000 Piece Assortment</p><p> -48% 0FF </p><p>$19.99</p><a href="https://www.amazon.com/dp/B000F8V6BY?tag=eloabder-20&linkCode=osi&th=1&psc=1">View Product</a></div>
<div class="product"><a href="https://www.amazon.com/dp/B0C8T7G5PX?tag=eloabder-20&linkCode=osi&th=1&psc=1"><img src="https://m.media-amazon.com/images/I/61Uk3mYLt1L._SL500_.jpg" alt="Product Image"></a><p>120Pcs Vintage Stickers, Waterproof Scrapbook Aesthetic Sticker, Daily Planner, Water Bottles, Handbook Junk Diary Stickers Teens Adults, Scrapbooking Supplies for DIY Paper Crafts</p><p> -44% 0FF </p><p>$4.49 ($0.04 / Count)</p><a href="https://www.amazon.com/dp/B0C8T7G5PX?tag=eloabder-20&linkCode=osi&th=1&psc=1">View Product</a></div><div class="product"><a href="https://www.amazon.com/dp/B09C8HTDWP?tag=eloabder-20&linkCode=osi&th=1&psc=1"><img src="https://m.media-amazon.com/images/I/61CXW4fAMYL._SL500_.jpg" alt="Product Image"></a><p>Knaid Vintage Scrapbook Supplies Pack (200 Pieces) for Junk Journal Bullet Journals Planners Botanical Paper Stickers Craft Kits Aesthetic Cottagecore Collage Album (Nature)</p><p> -38% 0FF </p><p>$7.99 ($0.04 / Count)</p><a href="https://www.amazon.com/dp/B09C8HTDWP?tag=eloabder-20&linkCode=osi&th=1&psc=1">View Product</a></div><div class="product"><a href="https://www.amazon.com/dp/B07C3C55WD?tag=eloabder-20&linkCode=osi&th=1&psc=1"><img src="https://m.media-amazon.com/images/I/415xE6CNe-L._SL500_.jpg" alt="Product Image"></a><p>Lependor Black White Eye Stickers Labels -2000 Pcs Per Roll</p><p> -14% 0FF </p><p>$5.98</p><a href="https://www.amazon.com/dp/B07C3C55WD?tag=eloabder-20&linkCode=osi&th=1&psc=1">View Product</a></div>
<div class="product"><a href="https://www.amazon.com/dp/B07C8YSWDR?tag=eloabder-20&linkCode=osi&th=1&psc=1"><img src="https://m.media-amazon.com/images/I/21NSnmeygVL._SL500_.jpg" alt="Product Image"></a><p>novelinks Transparent 4" x 6" Photo Cases and Clear Craft Keeper with Handle - 16 Inner Cases Plastic Storage Container Box (Clear)</p><p> -31% 0FF </p><p>$24.99</p><a href="https://www.amazon.com/dp/B07C8YSWDR?tag=eloabder-20&linkCode=osi&th=1&psc=1">View Product</a></div><div class="product"><a href="https://www.amazon.com/dp/B00FZVPWO8?tag=eloabder-20&linkCode=osi&th=1&psc=1"><img src="https://m.media-amazon.com/images/I/41RO8A3v88L._SL500_.jpg" alt="Product Image"></a><p>IRIS USA Plastic Pencil Case Box Craft Hobby Art School Supply Storage Organizer Container with Latching Lid, 10-Pack, for Bead Pens Ribbons Wahi Tape Sticker Yarn Ornaments, Stackable, Clear, Small</p><p> -9% 0FF </p><p>$14.63 ($1.46 / Count)</p><a href="https://www.amazon.com/dp/B00FZVPWO8?tag=eloabder-20&linkCode=osi&th=1&psc=1">View Product</a></div><div class="product"><a href="https://www.amazon.com/dp/B0C8RXPQH5?tag=eloabder-20&linkCode=osi&th=1&psc=1"><img src="https://m.media-amazon.com/images/I/417+DSY9kaL._SL500_.jpg" alt="Product Image"></a><p>IRIS USA Plastic Storage Bins with Removable Tray for Organizing 9.4 Qt. Craft Organizers and Storage with Handle, Art Supply Storage Organizer, Arts and Crafts Organizer, Clear/Violet</p><p> -10% 0FF </p><p>$17.99</p><a href="https://www.amazon.com/dp/B0C8RXPQH5?tag=eloabder-20&linkCode=osi&th=1&psc=1">View Product</a></div><div class="product"><a href="https://www.amazon.com/dp/B07PW3Z5K6?tag=eloabder-20&linkCode=osi&th=1&psc=1"><img src="https://m.media-amazon.com/images/I/41-0CvaNdfL._SL500_.jpg" alt="Product Image"></a><p>OUTUXED 2pack 36 Grids Clear Plastic Organizer Box Container Craft Storage with Adjustable Dividers for Beads Organizer Art DIY Crafts Jewelry Fishing Tackles with 5 Sheets Label Stickers</p><p> -22% 0FF </p><p>$13.99 ($7.00 / Count)</p><a href="https://www.amazon.com/dp/B07PW3Z5K6?tag=eloabder-20&linkCode=osi&th=1&psc=1">View Product</a></div>
<div class="product"><a href="https://www.amazon.com/dp/B0C77HVR5G?tag=eloabder-20&linkCode=osi&th=1&psc=1"><img src="https://m.media-amazon.com/images/I/61ObPp2RlRL._SL500_.jpg" alt="Product Image"></a><p>Selizo 12 Rolls Nylon String for Bracelets, Chinese Knotting Nylon Cord for Jewelry Making, Nylon Beading Thread for Kumihimo, Braided Bracelets, Necklaces, Macrame Craft, Wind Chime</p><p> -7% 0FF </p><p>$12.99 ($0.02 / Foot)</p><a href="https://www.amazon.com/dp/B0C77HVR5G?tag=eloabder-20&linkCode=osi&th=1&psc=1">View Product</a></div><div class="product"><a href="https://www.amazon.com/dp/B0CJT9N6NY?tag=eloabder-20&linkCode=osi&th=1&psc=1"><img src="https://m.media-amazon.com/images/I/51FnHCLGgzL._SL500_.jpg" alt="Product Image"></a><p>50 Skeins Embroidery Floss Rainbow Color Per Pack Cross Stitch Threads Friendship Bracelets Floss Crafts Floss (50)</p><p> -50% 0FF </p><p>$4.99</p><a href="https://www.amazon.com/dp/B0CJT9N6NY?tag=eloabder-20&linkCode=osi&th=1&psc=1">View Product</a></div>
<div class="product"><a href="https://www.amazon.com/dp/B089T7PX27?tag=eloabder-20&linkCode=osi&th=1&psc=1"><img src="https://m.media-amazon.com/images/I/41aDJyks7kL._SL500_.jpg" alt="Product Image"></a><p>Crayola Air Dry Clay (5lbs), Natural White Modeling Clay for Kids, Sculpting Material, Bulk Craft Supplies for School Classrooms [Amazon Exclusive]</p><p> -18% 0FF </p><p>$10.62</p><a href="https://www.amazon.com/dp/B089T7PX27?tag=eloabder-20&linkCode=osi&th=1&psc=1">View Product</a></div><div class="product"><a href="https://www.amazon.com/dp/B09HBVBSMS?tag=eloabder-20&linkCode=osi&th=1&psc=1"><img src="https://m.media-amazon.com/images/I/51jD0QyqmfL._SL500_.jpg" alt="Product Image"></a><p>445 PCS Vintage Scrapbook Paper Journaling Scrapbooking Supplies Kit Aesthetic Decorative Craft Paper include 40 Sheet Flowers Stickers for Planner, Bullet Journaling, Junk Journal, Retro Crafts</p><p> -16% 0FF </p><p>$10.07 ($10.07 / Count)</p><a href="https://www.amazon.com/dp/B09HBVBSMS?tag=eloabder-20&linkCode=osi&th=1&psc=1">View Product</a></div><div class="product"><a href="https://www.amazon.com/dp/B092CMPBPW?tag=eloabder-20&linkCode=osi&th=1&psc=1"><img src="https://m.media-amazon.com/images/I/41bjib63eGL._SL500_.jpg" alt="Product Image"></a><p>KTOJOY 100Pcs Jumbo Wooden Craft Sticks Popsicle Stick 6” Long x 3/4”Wide Treat Ice Pop for DIY Crafts，Home Art Projects, Classroom Supplies</p><p> -29% 0FF </p><p>$4.99</p><a href="https://www.amazon.com/dp/B092CMPBPW?tag=eloabder-20&linkCode=osi&th=1&psc=1">View Product</a></div><div class="product"><a href="https://www.amazon.com/dp/B01LWIYJH3?tag=eloabder-20&linkCode=osi&th=1&psc=1"><img src="https://m.media-amazon.com/images/I/51YUb9W2RZL._SL500_.jpg" alt="Product Image"></a><p>DECORA 500 Pieces 6mm -12mm Black Wiggle Googly Eyes with Self-Adhesive Backs for DIY Crafts Doll Making Sewing Supplies</p><p> -50% 0FF </p><p>$4.99</p><a href="https://www.amazon.com/dp/B01LWIYJH3?tag=eloabder-20&linkCode=osi&th=1&psc=1">View Product</a></div>
<div class="product"><a href="https://www.amazon.com/dp/B0BM4YBN63?tag=eloabder-20&linkCode=osi&th=1&psc=1"><img src="https://m.media-amazon.com/images/I/418RLJhy9mL._SL500_.jpg" alt="Product Image"></a><p>Best Choice Products Large Folding Sewing Table, Multipurpose Portable Craft Station & Side Desk w/Compact Design, Caster Wheels, Storage Shelves, 2 Storage Trays, Magnetic Doors - White</p><p> -24% 0FF </p><p>$144.98</p><a href="https://www.amazon.com/dp/B0BM4YBN63?tag=eloabder-20&linkCode=osi&th=1&psc=1">View Product</a></div><div class="product"><a href="https://www.amazon.com/dp/B0B96X3JT2?tag=eloabder-20&linkCode=osi&th=1&psc=1"><img src="https://m.media-amazon.com/images/I/31BtnYvgAuL._SL500_.jpg" alt="Product Image"></a><p>MELLCOM Height Adjustable Craft Table with Storage Shelves, Mobile Folding Cutting Table for Large Fabric, Foldable Table for Home Office Sewing Room Craft Room</p><p> -13% 0FF </p><p>$147.14</p><a href="https://www.amazon.com/dp/B0B96X3JT2?tag=eloabder-20&linkCode=osi&th=1&psc=1">View Product</a></div><div class="product"><a href="https://www.amazon.com/dp/B08GHGQP6T?tag=eloabder-20&linkCode=osi&th=1&psc=1"><img src="https://m.media-amazon.com/images/I/41vrF5yi4VL._SL500_.jpg" alt="Product Image"></a><p>Best Choice Products Folding Sewing Table Multipurpose Craft Station & Side Desk with Compact Design, Wheels, Shelves, Storage Trays, Pegs, Magnetic Doors, Metal Doorknobs - White</p><p> -8% 0FF </p><p>$109.99</p><a href="https://www.amazon.com/dp/B08GHGQP6T?tag=eloabder-20&linkCode=osi&th=1&psc=1">View Product</a></div><div class="product"><a href="https://www.amazon.com/dp/B0B6CNQQ5R?tag=eloabder-20&linkCode=osi&th=1&psc=1"><img src="https://m.media-amazon.com/images/I/41OGnJvFoBL._SL500_.jpg" alt="Product Image"></a><p>Giantex Craft Table with Storage, Artwork Sewing Table with 10 Large & Small Storage Compartments, 2 Sliding Drawer and 2 Shelves, 53inch Craft Drafting Writing Sewing Station Desk, White</p><p> -17% 0FF </p><p>$199.99</p><a href="https://www.amazon.com/dp/B0B6CNQQ5R?tag=eloabder-20&linkCode=osi&th=1&psc=1">View Product</a></div>
<div class="product"><a href="https://www.amazon.com/dp/B091FD53S7?tag=eloabder-20&linkCode=osi&th=1&psc=1"><img src="https://m.media-amazon.com/images/I/31tC6uNvagL._SL500_.jpg" alt="Product Image"></a><p>Craftzilla Colored Masking Tape - 11 Roll Multi-Pack, 825 Ft x 1 in Colorful Craft Tape – Vibrant Rainbow Colored Painters Tape – Great for Arts & Crafts, Labeling and Color-Coding</p><p> -23% 0FF </p><p>$21.44 ($1.95 / Count)</p><a href="https://www.amazon.com/dp/B091FD53S7?tag=eloabder-20&linkCode=osi&th=1&psc=1">View Product</a></div><div class="product"><a href="https://www.amazon.com/dp/B08L5PB8N6?tag=eloabder-20&linkCode=osi&th=1&psc=1"><img src="https://m.media-amazon.com/images/I/51GHDoUpNYL._SL500_.jpg" alt="Product Image"></a><p>Mr. Pen- Washi Tape Set, 21 Rolls, Decorative Cute Floral Washi Tape for Bible Journaling, Bullet Journal Supplies</p><p> -36% 0FF </p><p>$6.99</p><a href="https://www.amazon.com/dp/B08L5PB8N6?tag=eloabder-20&linkCode=osi&th=1&psc=1">View Product</a></div><div class="product"><a href="https://www.amazon.com/dp/B07G5TRF4R?tag=eloabder-20&linkCode=osi&th=1&psc=1"><img src="https://m.media-amazon.com/images/I/411vF809PnL._SL500_.jpg" alt="Product Image"></a><p>JONYEE Colored Masking Tape, Colored Painters Tape for Arts & Crafts, Labeling or Coding - Art Supplies for Kids - 6 Different Color Rolls - Masking Tape 1 Inch x 13 Yards (2.4cm X 12m)</p><p> -42% 0FF </p><p>$7.59 ($0.03 / Foot)</p><a href="https://www.amazon.com/dp/B07G5TRF4R?tag=eloabder-20&linkCode=osi&th=1&psc=1">View Product</a></div>
<div class="product"><a href="https://www.amazon.com/dp/B09XR1XBWG?tag=eloabder-20&linkCode=osi&th=1&psc=1"><img src="https://m.media-amazon.com/images/I/31h+RS-Nv6L._SL500_.jpg" alt="Product Image"></a><p>10PCS 7mil Blank Mylar Stencil Sheets,12X12 inch Milky Translucent PET Blank Stencils Sheets,Template Material for Cutting Machines, Laser Cutting, Food-Safe Craft Plastic</p><p> -11% 0FF </p><p>$7.99</p><a href="https://www.amazon.com/dp/B09XR1XBWG?tag=eloabder-20&linkCode=osi&th=1&psc=1">View Product</a></div><div class="product"><a href="https://www.amazon.com/dp/B08VF9WZ5V?tag=eloabder-20&linkCode=osi&th=1&psc=1"><img src="https://m.media-amazon.com/images/I/514BzvTuTAL._SL500_.jpg" alt="Product Image"></a><p>Boutique Calligraphy Stencil Template Kit - 45 Reusable Pieces Includes Lettering Upper and Lowercase both Large Small, Numbers, Punctuation, Laurels Flowers For Arts Crafts Painting Wood</p><p> -23% 0FF </p><p>$22.99</p><a href="https://www.amazon.com/dp/B08VF9WZ5V?tag=eloabder-20&linkCode=osi&th=1&psc=1">View Product</a></div><div class="product"><a href="https://www.amazon.com/dp/B0BYCQ7L8Y?tag=eloabder-20&linkCode=osi&th=1&psc=1"><img src="https://m.media-amazon.com/images/I/41ZW6Pj+rUL._SL500_.jpg" alt="Product Image"></a><p>Tamaki Circle Template Circle Round Stencil Templates for Drafting for Office and School Building Formwork Drawings Templates, Large and Small Size, 3 Pack</p><p> -22% 0FF </p><p>$6.99</p><a href="https://www.amazon.com/dp/B0BYCQ7L8Y?tag=eloabder-20&linkCode=osi&th=1&psc=1">View Product</a></div>
<div class="product"><a href="https://www.amazon.com/dp/B001AH5EXK?tag=eloabder-20&linkCode=osi&th=1&psc=1"><img src="https://m.media-amazon.com/images/I/417030sMkFL._SL500_.jpg" alt="Product Image"></a><p>Surebonder Cordless Hot Glue Gun, High Temperature, Full Size, 60W, 50% More Power - Sturdily Bonds Metal, Wood, Ceramics, Leather & Other Strong Materials (Specialty Series CL-800F)</p><p> -46% 0FF </p><p>$12.40</p><a href="https://www.amazon.com/dp/B001AH5EXK?tag=eloabder-20&linkCode=osi&th=1&psc=1">View Product</a></div><div class="product"><a href="https://www.amazon.com/dp/B08H528HCX?tag=eloabder-20&linkCode=osi&th=1&psc=1"><img src="https://m.media-amazon.com/images/I/51DP2NKuq1L._SL500_.jpg" alt="Product Image"></a><p>Jewelry Pliers, Acejoz 6pcs Jewelry Making Tools Kit Includs Needle Round Nose Pliers, Wire Cutters, Crimping Pliers, Bent Nose Pliers, End Nippers for Beading Craft</p><p> -6% 0FF </p><p>$16.99</p><a href="https://www.amazon.com/dp/B08H528HCX?tag=eloabder-20&linkCode=osi&th=1&psc=1">View Product</a></div>

<div class="product"><a href="https://www.amazon.com/dp/B0BLV5S1HV?tag=eloabder-20&linkCode=osi&th=1&psc=1"><img src="https://m.media-amazon.com/images/I/51fXn6Tp3wL._SL500_.jpg" alt="Product Image"></a><p>30 Pack Basswood Sheets 12"x12"x1/8", 3mm Basswood for Laser Cutting, Thin Plywood Board Unfinished Wood for Crafts, DIY Architectural Models Making, Wood Engraving, Wood Burning Product.</p><p> -18% 0FF </p><p>$32.89</p><a href="https://www.amazon.com/dp/B0BLV5S1HV?tag=eloabder-20&linkCode=osi&th=1&psc=1">View Product</a></div><div class="product"><a href="https://www.amazon.com/dp/B083TT4XVN?tag=eloabder-20&linkCode=osi&th=1&psc=1"><img src="https://m.media-amazon.com/images/I/41QMxzlQglL._SL500_.jpg" alt="Product Image"></a><p>6" Jumbo Wood Craft Sticks - Pack of 1,000</p><p> -8% 0FF </p><p>$15.61 ($0.02 / Count)</p><a href="https://www.amazon.com/dp/B083TT4XVN?tag=eloabder-20&linkCode=osi&th=1&psc=1">View Product</a></div>
<div class="product"><a href="https://www.amazon.com/dp/B08QZ69GJM?tag=eloabder-20&linkCode=osi&th=1&psc=1"><img src="https://m.media-amazon.com/images/I/51zjX4hictL._SL500_.jpg" alt="Product Image"></a><p>Polymer Clay 50 Colors, Modeling Clay for Kids DIY Starter Kits, Oven Baked Model Clay, Non-Sticky Molding Clay with Sculpting Tools, Gift for Children and Artists (50 Colors A)</p><p> -27% 0FF </p><p>$21.99</p><a href="https://www.amazon.com/dp/B08QZ69GJM?tag=eloabder-20&linkCode=osi&th=1&psc=1">View Product</a></div><div class="product"><a href="https://www.amazon.com/dp/B093P5QK9B?tag=eloabder-20&linkCode=osi&th=1&psc=1"><img src="https://m.media-amazon.com/images/I/51N0pYvtv-L._SL500_.jpg" alt="Product Image"></a><p>FlyFlag Air Dry Clay Kit - 36 Colors, Soft & Ultra Light, Modeling Clay for Kids with Accessories, Tools and Tutorials</p><p> -29% 0FF </p><p>$16.98</p><a href="https://www.amazon.com/dp/B093P5QK9B?tag=eloabder-20&linkCode=osi&th=1&psc=1">View Product</a></div><div class="product"><a href="https://www.amazon.com/dp/B0CRD3HNHT?tag=eloabder-20&linkCode=osi&th=1&psc=1"><img src="https://m.media-amazon.com/images/I/51THopNyk-L._SL500_.jpg" alt="Product Image"></a><p>CiaraQ Polymer Clay 51 Colors, Modeling Clay for Kids, Oven Bake Clay with Sculpting Tools, Non Toxic, Ideal for Sculpture, Crafting, DIY Projects. (Assorted Colors, 0.7oz/Colors)</p><p> -44% 0FF </p><p>$16.79</p><a href="https://www.amazon.com/dp/B0CRD3HNHT?tag=eloabder-20&linkCode=osi&th=1&psc=1">View Product</a></div>
<div class="product"><a href="https://www.amazon.com/dp/B07ZGFK411?tag=eloabder-20&linkCode=osi&th=1&psc=1"><img src="https://m.media-amazon.com/images/I/41e3h9sXdtL._SL500_.jpg" alt="Product Image"></a><p>Shynek Jewelry Pliers, 3pcs, Tools with Needle/Chain Nose Pliers, Round Nose Pliers and Wire Cutter for Jewelry Repair, Wire Wrapping, Crafts, Jewelry Making Supplies</p><p> -11% 0FF </p><p>$7.99</p><a href="https://www.amazon.com/dp/B07ZGFK411?tag=eloabder-20&linkCode=osi&th=1&psc=1">View Product</a></div><div class="product"><a href="https://www.amazon.com/dp/B0B8QBVXXR?tag=eloabder-20&linkCode=osi&th=1&psc=1"><img src="https://m.media-amazon.com/images/I/31SXtqvQA8L._SL500_.jpg" alt="Product Image"></a><p>WORKPRO Jewelry Pliers Set, 3 Pack Jewelry Making Tool Kit Includes Mini Needle Nose Pliers/Chain Nose Pliers, Round Nose Pliers and Wire Cutter for Jewelry Repair, DIY Crafts, Jewelry Making Supplies</p><p> -31% 0FF </p><p>$8.99</p><a href="https://www.amazon.com/dp/B0B8QBVXXR?tag=eloabder-20&linkCode=osi&th=1&psc=1">View Product</a></div><div class="product"><a href="https://www.amazon.com/dp/B0CYPCD5KS?tag=eloabder-20&linkCode=osi&th=1&psc=1"><img src="https://m.media-amazon.com/images/I/41ojIhg30DL._SL500_.jpg" alt="Product Image"></a><p>4 Pack Jewelry Making Pliers Tools Set, Jewelry Pliers with Needle Nose Pliers, Round Nose Pliers, Bent Nose Pliers, Wire Jewelry Pliers for Jewelry Craft Making Repair Supplies</p><p> -11% 0FF </p><p>$7.88</p><a href="https://www.amazon.com/dp/B0CYPCD5KS?tag=eloabder-20&linkCode=osi&th=1&psc=1">View Product</a></div>
<div class="product"><a href="https://www.amazon.com/dp/B08NY4HWVH?tag=eloabder-20&linkCode=osi&th=1&psc=1"><img src="https://m.media-amazon.com/images/I/41qHSFWo+AL._SL500_.jpg" alt="Product Image"></a><p>Fansunta 100pcs 15.7x0.35 Inch Strong Natural Bamboo Sticks, Wooden Craft Sticks, Extra Long Sticks, Wood Strips for Craft Projects</p><p> -13% 0FF </p><p>$11.99</p><a href="https://www.amazon.com/dp/B08NY4HWVH?tag=eloabder-20&linkCode=osi&th=1&psc=1">View Product</a></div><div class="product"><a href="https://www.amazon.com/dp/B00W68CVEW?tag=eloabder-20&linkCode=osi&th=1&psc=1"><img src="https://m.media-amazon.com/images/I/41EtWBlJWXL._SL500_.jpg" alt="Product Image"></a><p>KOLE IMPORTS Skinny Natural Wood Craft Sticks</p><p> -12% 0FF </p><p>$4.38</p><a href="https://www.amazon.com/dp/B00W68CVEW?tag=eloabder-20&linkCode=osi&th=1&psc=1">View Product</a></div><div class="product"><a href="https://www.amazon.com/dp/B08XQQ69WD?tag=eloabder-20&linkCode=osi&th=1&psc=1"><img src="https://m.media-amazon.com/images/I/51yd67LjFaS._SL500_.jpg" alt="Product Image"></a><p>HOPELF 25PCS Dowel Rods Wood Sticks Wooden Dowel Rods - 1/4 x 12 Inch Bamboo Sticks - for Crafts，Hardwood Dowel Rod Assortment，Wooden Rod Sticks Doweling Rods， Cake Dowels and DIYers.</p><p> -9% 0FF </p><p>$4.99</p><a href="https://www.amazon.com/dp/B08XQQ69WD?tag=eloabder-20&linkCode=osi&th=1&psc=1">View Product</a></div><div class="product"><a href="https://www.amazon.com/dp/B081R25K4S?tag=eloabder-20&linkCode=osi&th=1&psc=1"><img src="https://m.media-amazon.com/images/I/41vxFW4BIvL._SL500_.jpg" alt="Product Image"></a><p>Perfect Stix - PS-114st-1,000 4.5" Craft Sticks/ Ice Cream Sticks/ Natural Wood - Box of 1,000ct</p><p> -6% 0FF </p><p>$13.15</p><a href="https://www.amazon.com/dp/B081R25K4S?tag=eloabder-20&linkCode=osi&th=1&psc=1">View Product</a></div><div class="product"><a href="https://www.amazon.com/dp/B0BLYTVS2T?tag=eloabder-20&linkCode=osi&th=1&psc=1"><img src="https://m.media-amazon.com/images/I/51+kkj4MnOL._SL500_.jpg" alt="Product Image"></a><p>150 Pcs Dowel Rods, 1/8 x 12 Inch Wooden Dowels Craft Wood Sticks Unfinished Natural Bamboo Sticks for Flower Bouquet Crafts and DIYers</p><p> -11% 0FF </p><p>$7.99</p><a href="https://www.amazon.com/dp/B0BLYTVS2T?tag=eloabder-20&linkCode=osi&th=1&psc=1">View Product</a></div>

<div class="product"><a href="https://www.amazon.com/dp/B09QXCP828?tag=eloabder-20&linkCode=osi&th=1&psc=1"><img src="https://m.media-amazon.com/images/I/61SVk6IlsmL._SL500_.jpg" alt="Product Image"></a><p>66 Pcs Small Stencils for Painting on Wood 3 Inch Reusable Fall Stencils Flower Animal Deer Bear Butterfly Bird Mountain Themed DIY Craft Template Paint Stencils for Wall Home Decor</p><p> -17% 0FF </p><p>$9.99</p><a href="https://www.amazon.com/dp/B09QXCP828?tag=eloabder-20&linkCode=osi&th=1&psc=1">View Product</a></div>
<div class="product"><a href="https://www.amazon.com/dp/B0019NBZQK?tag=eloabder-20&linkCode=osi&th=1&psc=1"><img src="https://m.media-amazon.com/images/I/41+u+qzqb3L._SL500_.jpg" alt="Product Image"></a><p>Excel Blades 44283 Craftsman Hobby Knife Set, Precision Cutting Tool Set, Craft Knife Set Includes Assortment of Light Duty to Heavy Duty Handles and 13 Blades</p><p> -16% 0FF </p><p>$23.37</p><a href="https://www.amazon.com/dp/B0019NBZQK?tag=eloabder-20&linkCode=osi&th=1&psc=1">View Product</a></div>
<div class="product"><a href="https://www.amazon.com/dp/B00FX9G28C?tag=eloabder-20&linkCode=osi&th=1&psc=1"><img src="https://m.media-amazon.com/images/I/41kEiPT3HRL._SL500_.jpg" alt="Product Image"></a><p>Crayola Classic Color Pack Crayons, 24 Count, (Pack of 4)</p><p> -31% 0FF </p><p>$6.36</p><a href="https://www.amazon.com/dp/B00FX9G28C?tag=eloabder-20&linkCode=osi&th=1&psc=1">View Product</a></div><div class="product"><a href="https://www.amazon.com/dp/B002OF2C50?tag=eloabder-20&linkCode=osi&th=1&psc=1"><img src="https://m.media-amazon.com/images/I/51Z+wK6C2VL._SL500_.jpg" alt="Product Image"></a><p>Crayola Crayons 8 in a Box (Pack of 12) 96 Crayons Total</p><p> -34% 0FF </p><p>$14.41</p><a href="https://www.amazon.com/dp/B002OF2C50?tag=eloabder-20&linkCode=osi&th=1&psc=1">View Product</a></div><div class="product"><a href="https://www.amazon.com/dp/B06XDJJ6D1?tag=eloabder-20&linkCode=osi&th=1&psc=1"><img src="https://m.media-amazon.com/images/I/516tOQjdgIL._SL500_.jpg" alt="Product Image"></a><p>Color Swell Bulk Crayon Packs - 36 Boxes of 24 Vibrant Colored Durable Bulk Crayons of Teacher Quality for Classroom and Home</p><p> -13% 0FF </p><p>$35.75</p><a href="https://www.amazon.com/dp/B06XDJJ6D1?tag=eloabder-20&linkCode=osi&th=1&psc=1">View Product</a></div>
<div class="product"><a href="https://www.amazon.com/dp/B07JPL5NYX?tag=eloabder-20&linkCode=osi&th=1&psc=1"><img src="https://m.media-amazon.com/images/I/31B4rKplkML._SL500_.jpg" alt="Product Image"></a><p>Similane 6 Pieces Aida Cloth 14 Count Cross Stitch Fabric, White, 12 by 18-Inch</p><p> -20% 0FF </p><p>$7.99 ($1.33 / Count)</p><a href="https://www.amazon.com/dp/B07JPL5NYX?tag=eloabder-20&linkCode=osi&th=1&psc=1">View Product</a></div><div class="product"><a href="https://www.amazon.com/dp/B002PNZJWO?tag=eloabder-20&linkCode=osi&th=1&psc=1"><img src="https://m.media-amazon.com/images/I/21LQQ7uAHaL._SL500_.jpg" alt="Product Image"></a><p>DMC TC8836-6750 Silver Label Aida Count with Soft Tube, White, 15 by 18-Inch, 18-Pack</p><p> -9% 0FF </p><p>$6.22</p><a href="https://www.amazon.com/dp/B002PNZJWO?tag=eloabder-20&linkCode=osi&th=1&psc=1">View Product</a></div>
<div class="product"><a href="https://www.amazon.com/dp/B0747JY5Q2?tag=eloabder-20&linkCode=osi&th=1&psc=1"><img src="https://m.media-amazon.com/images/I/61lazF8OahL._SL500_.jpg" alt="Product Image"></a><p>Paxcoo 124 Skeins Embroidery Floss Cross Stitch Thread with Needles</p><p> -38% 0FF </p><p>$9.99 ($0.00 / Foot)</p><a href="https://www.amazon.com/dp/B0747JY5Q2?tag=eloabder-20&linkCode=osi&th=1&psc=1">View Product</a></div><div class="product"><a href="https://www.amazon.com/dp/B0CCY9RYWJ?tag=eloabder-20&linkCode=osi&th=1&psc=1"><img src="https://m.media-amazon.com/images/I/51cdtuPMMzL._SL500_.jpg" alt="Product Image"></a><p>Sukh 100 Colour Embroidery Thread - Rainbow Embroidery Floss Bulk Hand Embroidery Thread Variegated Embroidery Floss Cross Stitch Thread Crewel Embroidery Floss for DIY Sewing Embroidery Crafts Making</p><p> -30% 0FF </p><p>$6.99 ($6.99 / Foot)</p><a href="https://www.amazon.com/dp/B0CCY9RYWJ?tag=eloabder-20&linkCode=osi&th=1&psc=1">View Product</a></div><div class="product"><a href="https://www.amazon.com/dp/B07TF4W6FW?tag=eloabder-20&linkCode=osi&th=1&psc=1"><img src="https://m.media-amazon.com/images/I/6185yuapSeS._SL500_.jpg" alt="Product Image"></a><p>LOVIMAG Premium Rainbow Color Embroidery Floss 140 Skeins Per Pack with Cotton for Cross Stitch Threads, Bracelet Yarn, Craft Floss, Aroic Embroidery Floss Set</p><p> -17% 0FF </p><p>$9.99</p><a href="https://www.amazon.com/dp/B07TF4W6FW?tag=eloabder-20&linkCode=osi&th=1&psc=1">View Product</a></div><div class="product"><a href="https://www.amazon.com/dp/B07VCK2L9J?tag=eloabder-20&linkCode=osi&th=1&psc=1"><img src="https://m.media-amazon.com/images/I/31Xrh3bNBML._SL500_.jpg" alt="Product Image"></a><p>Embroidery Floss Bobbins, 128 Pcs Embroidery Floss Organizer, Plastic Embroidery Thread Cards for Cross Stitch Thread Holder Sewing Storage(White)</p><p> -45% 0FF </p><p>$5.99 ($0.05 / Count)</p><a href="https://www.amazon.com/dp/B07VCK2L9J?tag=eloabder-20&linkCode=osi&th=1&psc=1">View Product</a></div>
<div class="product"><a href="https://www.amazon.com/dp/B07HCGVVTM?tag=eloabder-20&linkCode=osi&th=1&psc=1"><img src="https://m.media-amazon.com/images/I/51fHLo2KTbL._SL500_.jpg" alt="Product Image"></a><p>Caydo 6 Pieces Embroidery Hoop Set Circle Cross Stitch Hoop Ring 4 inch to 10 inch for Embroidery and Cross Stitch</p><p> -11% 0FF </p><p>$7.99</p><a href="https://www.amazon.com/dp/B07HCGVVTM?tag=eloabder-20&linkCode=osi&th=1&psc=1">View Product</a></div><div class="product"><a href="https://www.amazon.com/dp/B07TXQH7M2?tag=eloabder-20&linkCode=osi&th=1&psc=1"><img src="https://m.media-amazon.com/images/I/517d5A8-q8L._SL500_.jpg" alt="Product Image"></a><p>Caydo 6 Pieces Embroidery Hoops and 15 Needles, Plastic Circle Cross Stitch Hoop Ring Embroidery Circle Set, 3.4 inch to 10.4 inch (Multicolor)</p><p> -20% 0FF </p><p>$7.99</p><a href="https://www.amazon.com/dp/B07TXQH7M2?tag=eloabder-20&linkCode=osi&th=1&psc=1">View Product</a></div>
<div class="product"><a href="https://www.amazon.com/dp/B08JQ47WV1?tag=eloabder-20&linkCode=osi&th=1&psc=1"><img src="https://m.media-amazon.com/images/I/519CRDDfB4L._SL500_.jpg" alt="Product Image"></a><p>Uphome 3 Pack Embroidery Starter Kit for Beginners Stamped Cross Stitch Kits with Cute Flowers and Plants Patterns with 1 Embroidery Hoop and Color Threads for Adults Kids</p><p> -6% 0FF </p><p>$14.99</p><a href="https://www.amazon.com/dp/B08JQ47WV1?tag=eloabder-20&linkCode=osi&th=1&psc=1">View Product</a></div><div class="product"><a href="https://www.amazon.com/dp/B09F9YBHRN?tag=eloabder-20&linkCode=osi&th=1&psc=1"><img src="https://m.media-amazon.com/images/I/51tXfPB7qyL._SL500_.jpg" alt="Product Image"></a><p>Cross Stitch Kits for Beginners (Flower Theme - 6.75 Inch - 4 Pack 1 x Embroidery Hoop) DIY Embroidery Needlepoint Patterns for Adults, Includes Poppy, Rose, Sunflower and Pansy. Complete Set Included</p><p> -10% 0FF </p><p>$8.99</p><a href="https://www.amazon.com/dp/B09F9YBHRN?tag=eloabder-20&linkCode=osi&th=1&psc=1">View Product</a></div><div class="product"><a href="https://www.amazon.com/dp/B0BK1X8CNZ?tag=eloabder-20&linkCode=osi&th=1&psc=1"><img src="https://m.media-amazon.com/images/I/51gdjGEDDZL._SL500_.jpg" alt="Product Image"></a><p>Dimensions Nighttime Camping Adventure Cross Stitch Kit for Beginners, 5" x 7", 14 Cnt. Navy Aida, 4pcs</p><p> -18% 0FF </p><p>$9.82</p><a href="https://www.amazon.com/dp/B0BK1X8CNZ?tag=eloabder-20&linkCode=osi&th=1&psc=1">View Product</a></div><div class="product"><a href="https://www.amazon.com/dp/B005IDB6ZM?tag=eloabder-20&linkCode=osi&th=1&psc=1"><img src="https://m.media-amazon.com/images/I/61C0cz-Z29L._SL500_.jpg" alt="Product Image"></a><p>Janlynn 50222 Counted Cross Stitch Kit 7.75"X11.25", Joy in The Journey (14 Count), Blue</p><p> -7% 0FF </p><p>$15.83</p><a href="https://www.amazon.com/dp/B005IDB6ZM?tag=eloabder-20&linkCode=osi&th=1&psc=1">View Product</a></div>
<div class="product"><a href="https://www.amazon.com/dp/B004QRUNIW?tag=eloabder-20&linkCode=osi&th=1&psc=1"><img src="https://m.media-amazon.com/images/I/41pq4l1iyqL._SL500_.jpg" alt="Product Image"></a><p>DMC Size 24 Cross Stitch Needles</p><p> -11% 0FF </p><p>$4.63</p><a href="https://www.amazon.com/dp/B004QRUNIW?tag=eloabder-20&linkCode=osi&th=1&psc=1">View Product</a></div><div class="product"><a href="https://www.amazon.com/dp/B000XZTOOA?tag=eloabder-20&linkCode=osi&th=1&psc=1"><img src="https://m.media-amazon.com/images/I/313-rt10fSS._SL500_.jpg" alt="Product Image"></a><p>DMC 1767-24 Tapestry Hand Needles, 6-Pack, Size 24</p><p> -87% 0FF </p><p>$1.15</p><a href="https://www.amazon.com/dp/B000XZTOOA?tag=eloabder-20&linkCode=osi&th=1&psc=1">View Product</a></div><div class="product"><a href="https://www.amazon.com/dp/B081B5W2M4?tag=eloabder-20&linkCode=osi&th=1&psc=1"><img src="https://m.media-amazon.com/images/I/41b8dWe+4IL._SL500_.jpg" alt="Product Image"></a><p>DMC 3 Pack Size 22-24-26 (One Pack Each)-Cross Stitch Needles - Total 18 Needles - New Package</p><p> -14% 0FF </p><p>$8.00</p><a href="https://www.amazon.com/dp/B081B5W2M4?tag=eloabder-20&linkCode=osi&th=1&psc=1">View Product</a></div><div class="product"><a href="https://www.amazon.com/dp/B07D23QZP6?tag=eloabder-20&linkCode=osi&th=1&psc=1"><img src="https://m.media-amazon.com/images/I/41-e-zzpwJL._SL500_.jpg" alt="Product Image"></a><p>3 Pack DMC Size 26 Cross Stitch Needles (Total 18 Needles) - New Package</p><p> -8% 0FF </p><p>$6.80</p><a href="https://www.amazon.com/dp/B07D23QZP6?tag=eloabder-20&linkCode=osi&th=1&psc=1">View Product</a></div>
<div class="product"><a href="https://www.amazon.com/dp/B00FRH24AK?tag=eloabder-20&linkCode=osi&th=1&psc=1"><img src="https://m.media-amazon.com/images/I/413pdt9daNL._SL500_.jpg" alt="Product Image"></a><p>Dimensions Mason Jar Counted Cross Stitch Kit, 14 Count White Aida, 18'' x 7''.</p><p> -48% 0FF </p><p>$17.63</p><a href="https://www.amazon.com/dp/B00FRH24AK?tag=eloabder-20&linkCode=osi&th=1&psc=1">View Product</a></div><div class="product"><a href="https://www.amazon.com/dp/B005IDB37I?tag=eloabder-20&linkCode=osi&th=1&psc=1"><img src="https://m.media-amazon.com/images/I/51tVdGtvvQL._SL500_.jpg" alt="Product Image"></a><p>Janlynn Counted Cross Stitch Kit, The Lord's Prayer, Blue, By the yard</p><p> -29% 0FF </p><p>$10.00</p><a href="https://www.amazon.com/dp/B005IDB37I?tag=eloabder-20&linkCode=osi&th=1&psc=1">View Product</a></div>
<div class="product"><a href="https://www.amazon.com/dp/B0C65K1RLJ?tag=eloabder-20&linkCode=osi&th=1&psc=1"><img src="https://m.media-amazon.com/images/I/61Rq55Q-b-L._SL500_.jpg" alt="Product Image"></a><p>ATDAWN Rainbow Color Embroidery, Cross Stitch Threads, Bracelets, Crafts Floss, 50 Count</p><p> -17% 0FF </p><p>$4.99</p><a href="https://www.amazon.com/dp/B0C65K1RLJ?tag=eloabder-20&linkCode=osi&th=1&psc=1">View Product</a></div>
<div class="product"><a href="https://www.amazon.com/dp/B000YZASYO?tag=eloabder-20&linkCode=osi&th=1&psc=1"><img src="https://m.media-amazon.com/images/I/41Qm59P+WnL._SL500_.jpg" alt="Product Image"></a><p>Fiskars Self Healing Cutting Mat with Grid for Sewing, Quilting, and Crafts - 24" x 36” Grid - Gray</p><p> -50% 0FF </p><p>$32.46</p><a href="https://www.amazon.com/dp/B000YZASYO?tag=eloabder-20&linkCode=osi&th=1&psc=1">View Product</a></div><div class="product"><a href="https://www.amazon.com/dp/B0BB27B3FB?tag=eloabder-20&linkCode=osi&th=1&psc=1"><img src="https://m.media-amazon.com/images/I/31URROrDo1L._SL500_.jpg" alt="Product Image"></a><p>Paper Cutter, Paper Trimmer with Safety Guard, 12" Cut Length Paper Slicer with 16 Sheet Capacity Paper Cutting Board,Guillotine Paper Cutters and Trimmers for Cardstock Cardboard Vinyl (Gray)</p><p> -27% 0FF </p><p>$18.99</p><a href="https://www.amazon.com/dp/B0BB27B3FB?tag=eloabder-20&linkCode=osi&th=1&psc=1">View Product</a></div><div class="product"><a href="https://www.amazon.com/dp/B08DHMBSKB?tag=eloabder-20&linkCode=osi&th=1&psc=1"><img src="https://m.media-amazon.com/images/I/51UuiPNgxYL._SL500_.jpg" alt="Product Image"></a><p>Headley Tools 18"x12" Thickened Self Healing Cutting Mat, A3 Rotary Cutting Sewing Mat for Crafts, Double Sided 5-Ply Table Cutting Board for Fabric Quilting Art Hobby Project, Pink/Purple</p><p> -41% 0FF </p><p>$9.98</p><a href="https://www.amazon.com/dp/B08DHMBSKB?tag=eloabder-20&linkCode=osi&th=1&psc=1">View Product</a></div>

<div class="product"><a href="https://www.amazon.com/dp/B09YY3SVKS?tag=eloabder-20&linkCode=osi&th=1&psc=1"><img src="https://m.media-amazon.com/images/I/41f730BkCAL._SL500_.jpg" alt="Product Image"></a><p>Oythiem Knife Pen Craft Cutting Tools - Precision Paper Cutter Pen with Refillable Tungsten Steel Cutter Head Refill, 6 PACK</p><p> -13% 0FF </p><p>$6.99 ($1.16 / Count)</p><a href="https://www.amazon.com/dp/B09YY3SVKS?tag=eloabder-20&linkCode=osi&th=1&psc=1">View Product</a></div><div class="product"><a href="https://www.amazon.com/dp/B07QQBCBBL?tag=eloabder-20&linkCode=osi&th=1&psc=1"><img src="https://m.media-amazon.com/images/I/51jpKBKj85L._SL500_.jpg" alt="Product Image"></a><p>Anezus Craft Knife Precision Cutter and Self Healing Cutting Craft Mat Hobby Knife Set with 30 PCS Knife for Art Hobby Craft Scrapbooking Stencil</p><p> -47% 0FF </p><p>$8.99 ($0.28 / Count)</p><a href="https://www.amazon.com/dp/B07QQBCBBL?tag=eloabder-20&linkCode=osi&th=1&psc=1">View Product</a></div><div class="product"><a href="https://www.amazon.com/dp/B0B8J1LQY5?tag=eloabder-20&linkCode=osi&th=1&psc=1"><img src="https://m.media-amazon.com/images/I/41gjtckliVL._SL500_.jpg" alt="Product Image"></a><p>SnapFresh Cordless Electric Scissors, 4V Electric Mini Cutter, Carpet & Cardboard Cutter Tool with a Replacement Blade/Charger, Rotary Cutter for Cardboard Packages Leather Plastic （Green）</p><p> -28% 0FF </p><p>$35.99</p><a href="https://www.amazon.com/dp/B0B8J1LQY5?tag=eloabder-20&linkCode=osi&th=1&psc=1">View Product</a></div>
<div class="product"><a href="https://www.amazon.com/dp/B007UT6BDE?tag=eloabder-20&linkCode=osi&th=1&psc=1"><img src="https://m.media-amazon.com/images/I/618FCl1rVUL._SL500_.jpg" alt="Product Image"></a><p>Roylco Decorative Hues Paper, 8-1/2 X 5-1/2 in, Pack of 192 - 1435530</p><p> -12% 0FF </p><p>$19.99 ($0.10 / Count)</p><a href="https://www.amazon.com/dp/B007UT6BDE?tag=eloabder-20&linkCode=osi&th=1&psc=1">View Product</a></div><div class="product"><a href="https://www.amazon.com/dp/B0B4WM4T2V?tag=eloabder-20&linkCode=osi&th=1&psc=1"><img src="https://m.media-amazon.com/images/I/41PvWu7mXhL._SL500_.jpg" alt="Product Image"></a><p>Outuxed 400 Sheets Tissue Paper Bulk for Gift Bags, 40 Multicolor Tissue Paper for Gift Wrapping, 11.5” x 8” Rainbow Tissue Paper for Decorative Art Crafts Festival Decorations DIY Flower Pom Pom</p><p> -30% 0FF </p><p>$6.99 ($0.02 / Count)</p><a href="https://www.amazon.com/dp/B0B4WM4T2V?tag=eloabder-20&linkCode=osi&th=1&psc=1">View Product</a></div>
<div class="product"><a href="https://www.amazon.com/dp/B00B7E0JGS?tag=eloabder-20&linkCode=osi&th=1&psc=1"><img src="https://m.media-amazon.com/images/I/31XF-LedlPL._SL500_.jpg" alt="Product Image"></a><p>EK Success Tools Edge Punch, Large, Diamond Flowers</p><p> -8% 0FF </p><p>$16.99</p><a href="https://www.amazon.com/dp/B00B7E0JGS?tag=eloabder-20&linkCode=osi&th=1&psc=1">View Product</a></div><div class="product"><a href="https://www.amazon.com/dp/B09H6VJJHX?tag=eloabder-20&linkCode=osi&th=1&psc=1"><img src="https://m.media-amazon.com/images/I/41RFYDqpw8L._SL500_.jpg" alt="Product Image"></a><p>2 Pieces Heart and Star Handheld Hole Paper Punch Metal Single Hole Paper Punch Punchers with Soft-Handled Tags for Clothing Ticket DIY Craft Tags Scrapbook Tool, 1/4 inch</p><p> -9% 0FF </p><p>$9.99</p><a href="https://www.amazon.com/dp/B09H6VJJHX?tag=eloabder-20&linkCode=osi&th=1&psc=1">View Product</a></div><div class="product"><a href="https://www.amazon.com/dp/B0BCVKG3PM?tag=eloabder-20&linkCode=osi&th=1&psc=1"><img src="https://m.media-amazon.com/images/I/411GAS9weBL._SL500_.jpg" alt="Product Image"></a><p>MIAO JIN 2PCS Craft Punch Hemming Punch Big Tool Edge Paper Punch Hand Scrapbooking Edge Punch Fancy Border Punch Fancy Hole Punch DIY Art scrapbooks, Gift Cards, Wedding Cards, Decorations</p><p> -6% 0FF </p><p>$16.99</p><a href="https://www.amazon.com/dp/B0BCVKG3PM?tag=eloabder-20&linkCode=osi&th=1&psc=1">View Product</a></div>
<div class="product"><a href="https://www.amazon.com/dp/B06ZZ5K124?tag=eloabder-20&linkCode=osi&th=1&psc=1"><img src="https://m.media-amazon.com/images/I/61XFkBFxYXL._SL500_.jpg" alt="Product Image"></a><p>Agutape 30 Rolls Washi Masking Tape Set,Decorative Craft Tape Collection for DIY and Gift Wrapping with Colorful Designs and Patterns</p><p> -22% 0FF </p><p>$6.99 ($0.02 / Foot)</p><a href="https://www.amazon.com/dp/B06ZZ5K124?tag=eloabder-20&linkCode=osi&th=1&psc=1">View Product</a></div>
<div class="product"><a href="https://www.amazon.com/dp/B00R50G1I8?tag=eloabder-20&linkCode=osi&th=1&psc=1"><img src="https://m.media-amazon.com/images/I/31XgMDb7tOL._SL500_.jpg" alt="Product Image"></a><p>Sizzix 660200 Big Shot Manual Die, 6 Inches</p><p> -31% 0FF </p><p>$94.78</p><a href="https://www.amazon.com/dp/B00R50G1I8?tag=eloabder-20&linkCode=osi&th=1&psc=1">View Product</a></div><div class="product"><a href="https://www.amazon.com/dp/B0746FQR66?tag=eloabder-20&linkCode=osi&th=1&psc=1"><img src="https://m.media-amazon.com/images/I/41cvyr3S4bL._SL500_.jpg" alt="Product Image"></a><p>Sizzix Sidekick Starter Kit 661770 Portable Manual Die Cutting & Embossing Machine for Arts & Crafts, Scrapbooking & Cardmaking, 6.35 cm Opening, 2.5" Opening, White</p><p> -36% 0FF </p><p>$36.96</p><a href="https://www.amazon.com/dp/B0746FQR66?tag=eloabder-20&linkCode=osi&th=1&psc=1">View Product</a></div><div class="product"><a href="https://www.amazon.com/dp/B084PWDN97?tag=eloabder-20&linkCode=osi&th=1&psc=1"><img src="https://m.media-amazon.com/images/I/31oXNnohDrL._SL500_.jpg" alt="Product Image"></a><p>Sizzix Big Shot Switch Plus Starter Kit (White), Electric Die Cutting & Embossing Machine For Arts & Crafts, Card Making, Scrapbooking & Papercraft (9-inch Opening)</p><p> -27% 0FF </p><p>$238.55</p><a href="https://www.amazon.com/dp/B084PWDN97?tag=eloabder-20&linkCode=osi&th=1&psc=1">View Product</a></div><div class="product"><a href="https://www.amazon.com/dp/B0B1DJF6C1?tag=eloabder-20&linkCode=osi&th=1&psc=1"><img src="https://m.media-amazon.com/images/I/413RKYc57PL._SL500_.jpg" alt="Product Image"></a><p>Mini Die Cutting and Embossing Machine for DIY Crafts 3.5" Feed Slot for 3" Paper and Other Materials</p><p> -15% 0FF </p><p>$34.19</p><a href="https://www.amazon.com/dp/B0B1DJF6C1?tag=eloabder-20&linkCode=osi&th=1&psc=1">View Product</a></div><div class="product"><a href="https://www.amazon.com/dp/B07YB8XV3Z?tag=eloabder-20&linkCode=osi&th=1&psc=1"><img src="https://m.media-amazon.com/images/I/31ijkd8Lb7L._SL500_.jpg" alt="Product Image"></a><p>Crafter's Companion - Gemini - Mini Manual Die Cutting and Embossing Machine, White</p><p> -29% 0FF </p><p>$31.75</p><a href="https://www.amazon.com/dp/B07YB8XV3Z?tag=eloabder-20&linkCode=osi&th=1&psc=1">View Product</a></div>
<div class="product"><a href="https://www.amazon.com/dp/B07KGH6VVB?tag=eloabder-20&linkCode=osi&th=1&psc=1"><img src="https://m.media-amazon.com/images/I/61UMbNlb4ML._SL500_.jpg" alt="Product Image"></a><p>Cutting Dies Stencil Triangle Square Rectangle Round Ellipse Metal Mould for DIY Scrapbook Album Paper Card</p><p> -10% 0FF </p><p>$14.39</p><a href="https://www.amazon.com/dp/B07KGH6VVB?tag=eloabder-20&linkCode=osi&th=1&psc=1">View Product</a></div><div class="product"><a href="https://www.amazon.com/dp/B0CYLGRC6H?tag=eloabder-20&linkCode=osi&th=1&psc=1"><img src="https://m.media-amazon.com/images/I/51SinekXt0L._SL500_.jpg" alt="Product Image"></a><p>Hexagonal Picture Frame Scrapbooking Die-Cuts,DIY Art Cutting Dies,Metal Cutting Dies for Crafts,Cut Dies for Card Making Suitable for Party,Wedding,Holiday…</p><p> -20% 0FF </p><p>$7.20</p><a href="https://www.amazon.com/dp/B0CYLGRC6H?tag=eloabder-20&linkCode=osi&th=1&psc=1">View Product</a></div><div class="product"><a href="https://www.amazon.com/dp/B006MLJIVI?tag=eloabder-20&linkCode=osi&th=1&psc=1"><img src="https://m.media-amazon.com/images/I/41JNYtODCOL._SL500_.jpg" alt="Product Image"></a><p>Ellison SureCut Die 16677-LG, Holiday, 10 Pack, 5 7/8" x 4 7/8" x 1"</p><p> -8% 0FF </p><p>$139.73</p><a href="https://www.amazon.com/dp/B006MLJIVI?tag=eloabder-20&linkCode=osi&th=1&psc=1">View Product</a></div>
<div class="product"><a href="https://www.amazon.com/dp/B0BJGRH85F?tag=eloabder-20&linkCode=osi&th=1&psc=1"><img src="https://m.media-amazon.com/images/I/41A84YvFpCL._SL500_.jpg" alt="Product Image"></a><p>Cricut Joy Machine & Digital Content Library Bundle - Includes 30 images in Design Space App - Portable DIY Smart Machine for creating customized cards, crafts, & labels</p><p> -34% 0FF </p><p>$99.00</p><a href="https://www.amazon.com/dp/B0BJGRH85F?tag=eloabder-20&linkCode=osi&th=1&psc=1">View Product</a></div>
<div class="product"><a href="https://www.amazon.com/dp/B07TJNPV76?tag=eloabder-20&linkCode=osi&th=1&psc=1"><img src="https://m.media-amazon.com/images/I/516RCtPt8FL._SL500_.jpg" alt="Product Image"></a><p>BARWA 57 Pack Doll Clothes and Accessories 5 Fashion Dresses 4 Tops 4 Pants Outfits 3 Wedding Gown Dresses 3 Swimsuits Bikini 5 Mini Dresses, 10 Hangers 15 Shoes Computer Cosmetic for 11.5 inch Doll</p><p> -14% 0FF </p><p>$18.99</p><a href="https://www.amazon.com/dp/B07TJNPV76?tag=eloabder-20&linkCode=osi&th=1&psc=1">View Product</a></div><div class="product"><a href="https://www.amazon.com/dp/B09YTWSKBH?tag=eloabder-20&linkCode=osi&th=1&psc=1"><img src="https://m.media-amazon.com/images/I/51l3VgeMGeL._SL500_.jpg" alt="Product Image"></a><p>Mayboos Needle Felting Kit,12 Pieces Doll Making Wool Needle Felting Starter Kit with Instruction,Felting Foam Mat and DIY Needle Felting Supply for DIY Craft Animal Home Decoration Birthday Gift</p><p> -35% 0FF </p><p>$22.09</p><a href="https://www.amazon.com/dp/B09YTWSKBH?tag=eloabder-20&linkCode=osi&th=1&psc=1">View Product</a></div><div class="product"><a href="https://www.amazon.com/dp/B0749W9PJ5?tag=eloabder-20&linkCode=osi&th=1&psc=1"><img src="https://m.media-amazon.com/images/I/518ANTzhqBL._SL500_.jpg" alt="Product Image"></a><p>Craft-tastic Learn to Sew Kit – 7 Fun Projects and Reusable Materials to Teach Basic Sewing Stitches, Embroidery & More--Ages 7+</p><p> -10% 0FF </p><p>$17.95</p><a href="https://www.amazon.com/dp/B0749W9PJ5?tag=eloabder-20&linkCode=osi&th=1&psc=1">View Product</a></div><div class="product"><a href="https://www.amazon.com/dp/B0CBVF4CD5?tag=eloabder-20&linkCode=osi&th=1&psc=1"><img src="https://m.media-amazon.com/images/I/51bR1o0kePL._SL500_.jpg" alt="Product Image"></a><p>Fedmut Needle Felting Kit, Animal Needle Felting Kit for Beginner Adult with Felting Wool, Felting Foam Mat, Felting Needles and Video Instructions, Complete Start Kit for Craft DIY Needle Felting</p><p> -15% 0FF </p><p>$6.79</p><a href="https://www.amazon.com/dp/B0CBVF4CD5?tag=eloabder-20&linkCode=osi&th=1&psc=1">View Product</a></div>
<div class="product"><a href="https://www.amazon.com/dp/B0027A397C?tag=eloabder-20&linkCode=osi&th=1&psc=1"><img src="https://m.media-amazon.com/images/I/517I9iGWpQL._SL500_.jpg" alt="Product Image"></a><p>Strathmore 200 Series Sketch Pad, 8.5x11 inch, 100 Sheets, Side Wire - Artist Sketchbook for Drawing, Illustration, Art Class Students</p><p> -26% 0FF </p><p>$7.99</p><a href="https://www.amazon.com/dp/B0027A397C?tag=eloabder-20&linkCode=osi&th=1&psc=1">View Product</a></div><div class="product"><a href="https://www.amazon.com/dp/B07T3NGD8B?tag=eloabder-20&linkCode=osi&th=1&psc=1"><img src="https://m.media-amazon.com/images/I/41hwTCl5LCL._SL500_.jpg" alt="Product Image"></a><p>UCreate Poly Cover Sketch Book, Heavyweight, 9" x 12", Black, 75 Sheets</p><p> -24% 0FF </p><p>$7.29</p><a href="https://www.amazon.com/dp/B07T3NGD8B?tag=eloabder-20&linkCode=osi&th=1&psc=1">View Product</a></div><div class="product"><a href="https://www.amazon.com/dp/B0B7N2Q1NQ?tag=eloabder-20&linkCode=osi&th=1&psc=1"><img src="https://m.media-amazon.com/images/I/51E78AJyMrL._SL500_.jpg" alt="Product Image"></a><p>Caliart 176PCS Art Supplies Sketching Kit with 100 Sheets 3-Color Sketch Book, Graphite Colored Charcoal Watercolor & Metallic Pencils, School Supplies Gifts for Artists Adults Teens Girls Boys Kids</p><p> -31% 0FF </p><p>$24.99</p><a href="https://www.amazon.com/dp/B0B7N2Q1NQ?tag=eloabder-20&linkCode=osi&th=1&psc=1">View Product</a></div>
<div class="product"><a href="https://www.amazon.com/dp/B0012NCOJY?tag=eloabder-20&linkCode=osi&th=1&psc=1"><img src="https://m.media-amazon.com/images/I/41b+WM+NthL._SL500_.jpg" alt="Product Image"></a><p>Pacon 4746 Art1st Sketch Pad, 60 lbs. Heavyweight Drawing Paper. 9 x 12, 50 Sheets</p><p> -51% 0FF </p><p>$3.96 ($0.08 / Count)</p><a href="https://www.amazon.com/dp/B0012NCOJY?tag=eloabder-20&linkCode=osi&th=1&psc=1">View Product</a></div><div class="product"><a href="https://www.amazon.com/dp/B001B0F3J6?tag=eloabder-20&linkCode=osi&th=1&psc=1"><img src="https://m.media-amazon.com/images/I/31xSYmcOmIL._SL500_.jpg" alt="Product Image"></a><p>Pacon Drawing Paper, White, Standard Weight, 9" x 12", 500 Sheets</p><p> -20% 0FF </p><p>$16.91</p><a href="https://www.amazon.com/dp/B001B0F3J6?tag=eloabder-20&linkCode=osi&th=1&psc=1">View Product</a></div><div class="product"><a href="https://www.amazon.com/dp/B000A7OPAO?tag=eloabder-20&linkCode=osi&th=1&psc=1"><img src="https://m.media-amazon.com/images/I/51tDMDAC+oL._SL500_.jpg" alt="Product Image"></a><p>Strathmore Medium Drawing Spiral Paper Pad 11"X14"-24 Sheets -400500</p><p> -33% 0FF </p><p>$6.49</p><a href="https://www.amazon.com/dp/B000A7OPAO?tag=eloabder-20&linkCode=osi&th=1&psc=1">View Product</a></div><div class="product"><a href="https://www.amazon.com/dp/B00246YOY6?tag=eloabder-20&linkCode=osi&th=1&psc=1"><img src="https://m.media-amazon.com/images/I/51JQCBpAcoL._SL500_.jpg" alt="Product Image"></a><p>Strathmore 300 Series Drawing Paper Pad, Top Wire Bound, 9x12 inches, 50 Sheets (70lb/114g) - Artist Paper for Adults and Students - Charcoal, Colored Pencil, Ink, Pastel, Marker</p><p> -18% 0FF </p><p>$9.99</p><a href="https://www.amazon.com/dp/B00246YOY6?tag=eloabder-20&linkCode=osi&th=1&psc=1">View Product</a></div>
<div class="product"><a href="https://www.amazon.com/dp/B0BNDN87NX?tag=eloabder-20&linkCode=osi&th=1&psc=1"><img src="https://m.media-amazon.com/images/I/51NywOCibJL._SL500_.jpg" alt="Product Image"></a><p>Micro Fineliner Drawing Art Pens: 12 Black Fine Line Waterproof Ink Set Artist Supplies Archival Inking Markers Liner Professional Sketch Outline Anime Sketching Watercolor Zentangle Gift Stuff</p><p> -17% 0FF </p><p>$9.99</p><a href="https://www.amazon.com/dp/B0BNDN87NX?tag=eloabder-20&linkCode=osi&th=1&psc=1">View Product</a></div><div class="product"><a href="https://www.amazon.com/dp/B088B9ZNXC?tag=eloabder-20&linkCode=osi&th=1&psc=1"><img src="https://m.media-amazon.com/images/I/512tY3nGvHL._SL500_.jpg" alt="Product Image"></a><p>TWOHANDS Art Pens,Fineliner Ink Pens,Set of 12 Technical Drawing pen,Pigment Pen,Fine Point,Black,Waterproof,for Art Watercolor,Sketching,Anime,Manga, 902188</p><p> -38% 0FF </p><p>$9.99</p><a href="https://www.amazon.com/dp/B088B9ZNXC?tag=eloabder-20&linkCode=osi&th=1&psc=1">View Product</a></div><div class="product"><a href="https://www.amazon.com/dp/B08BZYK2NY?tag=eloabder-20&linkCode=osi&th=1&psc=1"><img src="https://m.media-amazon.com/images/I/41FCRf7Bf9L._SL500_.jpg" alt="Product Image"></a><p>Mr. Pen- Drawing Pens for Artists, 8 Pack Black Multiliner/Fineliner Micro Anime/Sketch Pens, Line Art/Inking Pens, Fine Point Bible Journaling Pens</p><p> -33% 0FF </p><p>$7.99</p><a href="https://www.amazon.com/dp/B08BZYK2NY?tag=eloabder-20&linkCode=osi&th=1&psc=1">View Product</a></div><div class="product"><a href="https://www.amazon.com/dp/B000TKEZDO?tag=eloabder-20&linkCode=osi&th=1&psc=1"><img src="https://m.media-amazon.com/images/I/31pwtogn53L._SL500_.jpg" alt="Product Image"></a><p>Faber-Castell Art & Graphic Pitt Artist Pen India Ink Pen, Black, Wallet Of 4, For Art, Craft, Drawing, Sketching, Home, School, University, Colouring</p><p> -43% 0FF </p><p>$7.50 ($1.88 / Count)</p><a href="https://www.amazon.com/dp/B000TKEZDO?tag=eloabder-20&linkCode=osi&th=1&psc=1">View Product</a></div><div class="product"><a href="https://www.amazon.com/dp/B01M71S9DU?tag=eloabder-20&linkCode=osi&th=1&psc=1"><img src="https://m.media-amazon.com/images/I/41prZ6JB6AL._SL500_.jpg" alt="Product Image"></a><p>Tombow 62038 Fudenosuke Brush Pen, 2-Pack. Soft and Hard Tip Fudenosuke Brush Pens for Calligraphy and Art Drawings</p><p> -18% 0FF </p><p>$5.87</p><a href="https://www.amazon.com/dp/B01M71S9DU?tag=eloabder-20&linkCode=osi&th=1&psc=1">View Product</a></div>
<div class="product"><a href="https://www.amazon.com/dp/B08FHMRW4L?tag=eloabder-20&linkCode=osi&th=1&psc=1"><img src="https://m.media-amazon.com/images/I/51Pmn5gjyzL._SL500_.jpg" alt="Product Image"></a><p>Mr. Pen- Sketch Pencils for Drawing, 14 Pack, Drawing Pencils, Art Pencils, Graphite Pencils, Graphite Pencils for Drawing, Art Pencils for Drawing and Shading</p><p> -45% 0FF </p><p>$5.99</p><a href="https://www.amazon.com/dp/B08FHMRW4L?tag=eloabder-20&linkCode=osi&th=1&psc=1">View Product</a></div><div class="product"><a href="https://www.amazon.com/dp/B09H278RXT?tag=eloabder-20&linkCode=osi&th=1&psc=1"><img src="https://m.media-amazon.com/images/I/51RJXKELRPL._SL500_.jpg" alt="Product Image"></a><p>Drawing Pencils Set of 14 (B - 12B) Sketching Pencils for Drawing, Shading & Doodling | Professional Sketch Pencils Graphite Grades for Artists & Beginners</p><p> -29% 0FF </p><p>$4.97</p><a href="https://www.amazon.com/dp/B09H278RXT?tag=eloabder-20&linkCode=osi&th=1&psc=1">View Product</a></div><div class="product"><a href="https://www.amazon.com/dp/B00006RVSK?tag=eloabder-20&linkCode=osi&th=1&psc=1"><img src="https://m.media-amazon.com/images/I/31CY7jj4YQL._SL500_.jpg" alt="Product Image"></a><p>Prismacolor Ebony Graphite Drawing Pencils, Black, Adult Coloring, Box Of 12</p><p> -38% 0FF </p><p>$7.30</p><a href="https://www.amazon.com/dp/B00006RVSK?tag=eloabder-20&linkCode=osi&th=1&psc=1">View Product</a></div>
<div class="product"><a href="https://www.amazon.com/dp/B095WXRNCM?tag=eloabder-20&linkCode=osi&th=1&psc=1"><img src="https://m.media-amazon.com/images/I/61iX6E0qmVL._SL500_.jpg" alt="Product Image"></a><p>Soucolor 73 Art Supplies for Adults Kids, Art Kit Drawing Supplies Sketching Pencils Coloring Set with Sketchbook, Coloring Book, Charcoal Metallic Graphite for Shading Blending, Gifts for Teen</p><p> -15% 0FF </p><p>$16.99</p><a href="https://www.amazon.com/dp/B095WXRNCM?tag=eloabder-20&linkCode=osi&th=1&psc=1">View Product</a></div>
<div class="product"><a href="https://www.amazon.com/dp/B09SG2T299?tag=eloabder-20&linkCode=osi&th=1&psc=1"><img src="https://m.media-amazon.com/images/I/61BtYbHF-BL._SL500_.jpg" alt="Product Image"></a><p>LAVEVE Dried Flowers, 21 Bags 100% Natural Dried Flowers Herbs Kit for Soap Making, DIY Candle, Bath, Resin Jewelry Making - Include Lavender, Don't Forget Me, Lily, Rose Petals, Jasmine and More</p><p> -17% 0FF </p><p>$11.99</p><a href="https://www.amazon.com/dp/B09SG2T299?tag=eloabder-20&linkCode=osi&th=1&psc=1">View Product</a></div><div class="product"><a href="https://www.amazon.com/dp/B08L1K1RNV?tag=eloabder-20&linkCode=osi&th=1&psc=1"><img src="https://m.media-amazon.com/images/I/61byW5PthAL._SL500_.jpg" alt="Product Image"></a><p>9 Bags Dried Flowers,100% Natural Dried Flowers Herbs Kit for Soap Making, DIY Candle Making,Bath - Include Rose Petals,Lavender,Don't Forget Me,Lilium,Jasmine,Rosebudsand More</p><p> -17% 0FF </p><p>$7.49</p><a href="https://www.amazon.com/dp/B08L1K1RNV?tag=eloabder-20&linkCode=osi&th=1&psc=1">View Product</a></div><div class="product"><a href="https://www.amazon.com/dp/B09TS8KZ3T?tag=eloabder-20&linkCode=osi&th=1&psc=1"><img src="https://m.media-amazon.com/images/I/61uRBe-uccL._SL500_.jpg" alt="Product Image"></a><p>SACATR Dried Flowers, 50 Bags 100% Natural Dried Herbs Kit for Soap Making, Candle, Resin Jewelry Making, Bath, Nail - Include Rose Petals, Rosebuds, Lilium, Jasmine, Don't Forget Me and More</p><p> -9% 0FF </p><p>$29.99 ($0.60 / Count)</p><a href="https://www.amazon.com/dp/B09TS8KZ3T?tag=eloabder-20&linkCode=osi&th=1&psc=1">View Product</a></div><div class="product"><a href="https://www.amazon.com/dp/B08DCN3B4Q?tag=eloabder-20&linkCode=osi&th=1&psc=1"><img src="https://m.media-amazon.com/images/I/613OohyofUL._SL500_.jpg" alt="Product Image"></a><p>Vignee Real Dried Pressed Leaf Flowers-Multiple Colorful Pressed Flowers Daisies for Craft Resin Jewelry Making Art Craft DIY（Violet）</p><p> -29% 0FF </p><p>$9.98</p><a href="https://www.amazon.com/dp/B08DCN3B4Q?tag=eloabder-20&linkCode=osi&th=1&psc=1">View Product</a></div>

<div class="product"><a href="https://www.amazon.com/dp/B09TT6964Q?tag=eloabder-20&linkCode=osi&th=1&psc=1"><img src="https://m.media-amazon.com/images/I/41zwxyx8wzL._SL500_.jpg" alt="Product Image"></a><p>Pin Vise Hand Drill for Jewelry Making - Craft911 Manual Craft Drill Sharp HSS Micro Mini Twist Drill Bits Set, Small Rotary Tools for Wood, Plastic, Miniature - Blue</p><p> -38% 0FF </p><p>$9.99</p><a href="https://www.amazon.com/dp/B09TT6964Q?tag=eloabder-20&linkCode=osi&th=1&psc=1">View Product</a></div><div class="product"><a href="https://www.amazon.com/dp/B01LX208SY?tag=eloabder-20&linkCode=osi&th=1&psc=1"><img src="https://m.media-amazon.com/images/I/41c5iHU7GAL._SL500_.jpg" alt="Product Image"></a><p>Tamiya - 74041 - Accessory for Model - Mini Electric Drill</p><p> -12% 0FF </p><p>$28.00</p><a href="https://www.amazon.com/dp/B01LX208SY?tag=eloabder-20&linkCode=osi&th=1&psc=1">View Product</a></div><div class="product"><a href="https://www.amazon.com/dp/B00470PNBK?tag=eloabder-20&linkCode=osi&th=1&psc=1"><img src="https://m.media-amazon.com/images/I/51nCqbTfr0L._SL500_.jpg" alt="Product Image"></a><p>3" Metal Cutting Wheels W/ 1/4" Mandrel, 5Pc #80210</p><p> -8% 0FF </p><p>$12.85</p><a href="https://www.amazon.com/dp/B00470PNBK?tag=eloabder-20&linkCode=osi&th=1&psc=1">View Product</a></div><div class="product"><a href="https://www.amazon.com/dp/B07PVPC8G5?tag=eloabder-20&linkCode=osi&th=1&psc=1"><img src="https://m.media-amazon.com/images/I/416MxAcnl2L._SL500_.jpg" alt="Product Image"></a><p>WSOOX Square Hole Drill Bits for Wood, Woodworking Hole Saw Mortising Chisel Drill Bits (Size: 1/4 inch, 5/16 inch, 3/8 inch, 1/2 inch)</p><p> -15% 0FF </p><p>$22.99</p><a href="https://www.amazon.com/dp/B07PVPC8G5?tag=eloabder-20&linkCode=osi&th=1&psc=1">View Product</a></div>
<div class="product"><a href="https://www.amazon.com/dp/B00AQ72LF4?tag=eloabder-20&linkCode=osi&th=1&psc=1"><img src="https://m.media-amazon.com/images/I/41w7DkJ50YL._SL500_.jpg" alt="Product Image"></a><p>Rit Purpose Liquid Dye, 8 Oz, Royal Blue</p><p> -45% 0FF </p><p>$3.49</p><a href="https://www.amazon.com/dp/B00AQ72LF4?tag=eloabder-20&linkCode=osi&th=1&psc=1">View Product</a></div><div class="product"><a href="https://www.amazon.com/dp/B001JGNPM4?tag=eloabder-20&linkCode=osi&th=1&psc=1"><img src="https://m.media-amazon.com/images/I/41AmSK-Cv5L._SL500_.jpg" alt="Product Image"></a><p>Rit Dye RIT COLORSTAY, 8 fl oz, Clear</p><p> -30% 0FF </p><p>$3.49 ($0.44 / Fl Oz)</p><a href="https://www.amazon.com/dp/B001JGNPM4?tag=eloabder-20&linkCode=osi&th=1&psc=1">View Product</a></div><div class="product"><a href="https://www.amazon.com/dp/B00UL9GRJI?tag=eloabder-20&linkCode=osi&th=1&psc=1"><img src="https://m.media-amazon.com/images/I/412cjSJpuKL._SL500_.jpg" alt="Product Image"></a><p>Rit DyeMore Liquid Dye, Chocolate Brown 7-Ounce</p><p> -59% 0FF </p><p>$4.47</p><a href="https://www.amazon.com/dp/B00UL9GRJI?tag=eloabder-20&linkCode=osi&th=1&psc=1">View Product</a></div><div class="product"><a href="https://www.amazon.com/dp/B0BSGFBS77?tag=eloabder-20&linkCode=osi&th=1&psc=1"><img src="https://m.media-amazon.com/images/I/51sB3k7QpOL._SL500_.jpg" alt="Product Image"></a><p>YRYM HT Epoxy Resin Pigment - 16 Colors Non-Toxic Epoxy Resin Color Pigment for Resin Coloring, Concentrated Resin Dye for Jewelry Making, Art, Paint, Crafts - 0.35oz/10ml Each</p><p> -9% 0FF </p><p>$9.99</p><a href="https://www.amazon.com/dp/B0BSGFBS77?tag=eloabder-20&linkCode=osi&th=1&psc=1">View Product</a></div>
<div class="product"><a href="https://www.amazon.com/dp/B097SKG9VM?tag=eloabder-20&linkCode=osi&th=1&psc=1"><img src="https://m.media-amazon.com/images/I/410hj1m+piL._SL500_.jpg" alt="Product Image"></a><p>Artify Easel for Painting, Double-Tier Easel Stand, Adjustable Height from 22-66 Inches, Tripod for Painting and Display with Carrying Bag, 66 Inches, Black</p><p> -23% 0FF </p><p>$19.99</p><a href="https://www.amazon.com/dp/B097SKG9VM?tag=eloabder-20&linkCode=osi&th=1&psc=1">View Product</a></div><div class="product"><a href="https://www.amazon.com/dp/B0B1Z93G2C?tag=eloabder-20&linkCode=osi&th=1&psc=1"><img src="https://m.media-amazon.com/images/I/41clhL8HDkL._SL500_.jpg" alt="Product Image"></a><p>JNZYB Easel Stand for Display Wedding Sign & Poster - 63 Inches Tall Easle for Display Holder - Portable Collapsable Poster Easel - Floor Adjustable Metal Painting Easels Tripod Black</p><p> -14% 0FF </p><p>$17.99</p><a href="https://www.amazon.com/dp/B0B1Z93G2C?tag=eloabder-20&linkCode=osi&th=1&psc=1">View Product</a></div><div class="product"><a href="https://www.amazon.com/dp/B07Z5BTQR3?tag=eloabder-20&linkCode=osi&th=1&psc=1"><img src="https://m.media-amazon.com/images/I/41-YRD77X0L._SL500_.jpg" alt="Product Image"></a><p>Nicpro Folding Easels for Display, 2 Pack 63 Inch Metal Floor Easel Stand Tripod Black Portable for Artist Poster Wedding with Carry Bag</p><p> -12% 0FF </p><p>$26.49</p><a href="https://www.amazon.com/dp/B07Z5BTQR3?tag=eloabder-20&linkCode=osi&th=1&psc=1">View Product</a></div>
<div class="product"><a href="https://www.amazon.com/dp/B0BXKFPHG5?tag=eloabder-20&linkCode=osi&th=1&psc=1"><img src="https://m.media-amazon.com/images/I/511hcLWwsjL._SL500_.jpg" alt="Product Image"></a><p>NACHLYNN 12000 Pcs Flat Back Pearl 8 Sizes Flatback Pearl Beads Half Pearl Bead Half Round Pearls for Crafts Embellishment Shoes DIY Phone Case Making</p><p> -14% 0FF </p><p>$8.59 ($1.22 / Ounce)</p><a href="https://www.amazon.com/dp/B0BXKFPHG5?tag=eloabder-20&linkCode=osi&th=1&psc=1">View Product</a></div><div class="product"><a href="https://www.amazon.com/dp/B07TC687GQ?tag=eloabder-20&linkCode=osi&th=1&psc=1"><img src="https://m.media-amazon.com/images/I/61k7NI1MJTL._SL500_.jpg" alt="Product Image"></a><p>125 PCS Vintage Skeleton Key Set Charms, JIALEEY Mixed Antique Style Bronze Brass for Pendant DIY Jewelry Making Wedding Party Favors</p><p> -42% 0FF </p><p>$6.99</p><a href="https://www.amazon.com/dp/B07TC687GQ?tag=eloabder-20&linkCode=osi&th=1&psc=1">View Product</a></div><div class="product"><a href="https://www.amazon.com/dp/B06XWWH3SR?tag=eloabder-20&linkCode=osi&th=1&psc=1"><img src="https://m.media-amazon.com/images/I/61f1Q0IyVcL._SL500_.jpg" alt="Product Image"></a><p>JPSOR 600pcs Gems Jewels for Crafts, Acrylic Flatback Rhinestones for Halloween Pirate Party Decorations, Crafting Embellishments Gemstone (6 Shapes, 6-13mm)</p><p> -32% 0FF </p><p>$6.29</p><a href="https://www.amazon.com/dp/B06XWWH3SR?tag=eloabder-20&linkCode=osi&th=1&psc=1">View Product</a></div>
<div class="product"><a href="https://www.amazon.com/dp/B0B3CNZR5K?tag=eloabder-20&linkCode=osi&th=1&psc=1"><img src="https://m.media-amazon.com/images/I/41YsiLVF9bL._SL500_.jpg" alt="Product Image"></a><p>SPELLBINDERS PAPERCRAFTS, INC 3D Embossing Folder Beau Bloom, Opaque</p><p> -22% 0FF </p><p>$11.64</p><a href="https://www.amazon.com/dp/B0B3CNZR5K?tag=eloabder-20&linkCode=osi&th=1&psc=1">View Product</a></div><div class="product"><a href="https://www.amazon.com/dp/B06Y2J6NS2?tag=eloabder-20&linkCode=osi&th=1&psc=1"><img src="https://m.media-amazon.com/images/I/51pgkVjniuL._SL500_.jpg" alt="Product Image"></a><p>Sizzix, Multi Color, One Size Embossing Folder 661824, Lace</p><p> -43% 0FF </p><p>$7.37</p><a href="https://www.amazon.com/dp/B06Y2J6NS2?tag=eloabder-20&linkCode=osi&th=1&psc=1">View Product</a></div>
<div class="product"><a href="https://www.amazon.com/dp/B00J39I2F4?tag=eloabder-20&linkCode=osi&th=1&psc=1"><img src="https://m.media-amazon.com/images/I/5135vUrjueL._SL500_.jpg" alt="Product Image"></a><p>Ranger Embossing Powder, .56 Ounce Jar, Super Fine Black</p><p> -8% 0FF </p><p>$6.80</p><a href="https://www.amazon.com/dp/B00J39I2F4?tag=eloabder-20&linkCode=osi&th=1&psc=1">View Product</a></div><div class="product"><a href="https://www.amazon.com/dp/B0013JROB0?tag=eloabder-20&linkCode=osi&th=1&psc=1"><img src="https://m.media-amazon.com/images/I/41uM-s9fN6L._SL500_.jpg" alt="Product Image"></a><p>Ranger Ultra Thick Embossing Powder 6-ounce, Clear</p><p> -9% 0FF </p><p>$16.35 ($2.72 / Ounce)</p><a href="https://www.amazon.com/dp/B0013JROB0?tag=eloabder-20&linkCode=osi&th=1&psc=1">View Product</a></div>
<div class="product"><a href="https://www.amazon.com/dp/B07QFRD6SQ?tag=eloabder-20&linkCode=osi&th=1&psc=1"><img src="https://m.media-amazon.com/images/I/41tmpE54CvL._SL500_.jpg" alt="Product Image"></a><p>ABenkle 10Pcs Dotting Tools Ball Styluses for Rock Painting, Pottery Clay Modeling Embossing Art Mandala</p><p> -14% 0FF </p><p>$5.99 ($0.60 / Count)</p><a href="https://www.amazon.com/dp/B07QFRD6SQ?tag=eloabder-20&linkCode=osi&th=1&psc=1">View Product</a></div><div class="product"><a href="https://www.amazon.com/dp/B07SSCN6V1?tag=eloabder-20&linkCode=osi&th=1&psc=1"><img src="https://m.media-amazon.com/images/I/311dLXgZYOL._SL500_.jpg" alt="Product Image"></a><p>Sizzix Heat Tool , Dual Speed, US Version for Shrink Plastic, Moulding, Embossing, Scrapbooking, Cardmaking, Papercraft & DIY, Multi Color, One Size, Multicolour</p><p> -34% 0FF </p><p>$21.19</p><a href="https://www.amazon.com/dp/B07SSCN6V1?tag=eloabder-20&linkCode=osi&th=1&psc=1">View Product</a></div>
<div class="product"><a href="https://www.amazon.com/dp/B077Z5VJHN?tag=eloabder-20&linkCode=osi&th=1&psc=1"><img src="https://m.media-amazon.com/images/I/513G8qFSDiL._SL500_.jpg" alt="Product Image"></a><p>New brothread 40 Brother Colors Polyester Embroidery Machine Thread Kit 500M (550Y) Each Spool for Brother Babylock Janome Singer Pfaff Husqvarna Bernina Sewing Machines</p><p> -30% 0FF </p><p>$25.99 ($0.00 / Foot)</p><a href="https://www.amazon.com/dp/B077Z5VJHN?tag=eloabder-20&linkCode=osi&th=1&psc=1">View Product</a></div>
<div class="product"><a href="https://www.amazon.com/dp/B09TNBFF73?tag=eloabder-20&linkCode=osi&th=1&psc=1"><img src="https://m.media-amazon.com/images/I/51NHCkApGGL._SL500_.jpg" alt="Product Image"></a><p>Beech Wood Tapestry Scroll Embroidery Frames, Needlepoint Cross Stitch Holder, Quilting Frames, Needlepoint Holder, Stitching Frame for Sewing, Cross Stitch, Embroidery Projects</p><p> -7% 0FF </p><p>$25.99</p><a href="https://www.amazon.com/dp/B09TNBFF73?tag=eloabder-20&linkCode=osi&th=1&psc=1">View Product</a></div>
<div class="product"><a href="https://www.amazon.com/dp/B07K9HHRW9?tag=eloabder-20&linkCode=osi&th=1&psc=1"><img src="https://m.media-amazon.com/images/I/51Ywxes9hYL._SL500_.jpg" alt="Product Image"></a><p>Caydo 12 Pieces 6 Inch Embroidery Hoops Set Bulk Circle Cross Stitch Hoop Round Ring</p><p> -42% 0FF </p><p>$17.99</p><a href="https://www.amazon.com/dp/B07K9HHRW9?tag=eloabder-20&linkCode=osi&th=1&psc=1">View Product</a></div>
<div class="product"><a href="https://www.amazon.com/dp/B084T4PTN7?tag=eloabder-20&linkCode=osi&th=1&psc=1"><img src="https://m.media-amazon.com/images/I/51CvRgFO-nL._SL500_.jpg" alt="Product Image"></a><p>53 Pieces Cross Stitch Tool Embroidery Starter Kit, includes Bamboo Circle Cross Stitch Hoop Ring, Vintage Sewing Scissors, Needle-Threading Tools, Thimbles, Floss Bobbins, Seam Ripper and Embroidery</p><p> -6% 0FF </p><p>$14.99</p><a href="https://www.amazon.com/dp/B084T4PTN7?tag=eloabder-20&linkCode=osi&th=1&psc=1">View Product</a></div><div class="product"><a href="https://www.amazon.com/dp/B0BZP6ZGN8?tag=eloabder-20&linkCode=osi&th=1&psc=1"><img src="https://m.media-amazon.com/images/I/51mlLtsppFL._SL500_.jpg" alt="Product Image"></a><p>Picoey Modern Flower Heart Embroidery Kit for Beginners with Pattern and Instructions,4 Pack Cross Stitch Kits,2 Wooden Embroidery Hoops,Threads and Needles,Needlepoint Kit for Adults</p><p> -20% 0FF </p><p>$14.39</p><a href="https://www.amazon.com/dp/B0BZP6ZGN8?tag=eloabder-20&linkCode=osi&th=1&psc=1">View Product</a></div>
<div class="product"><a href="https://www.amazon.com/dp/B0893412R4?tag=eloabder-20&linkCode=osi&th=1&psc=1"><img src="https://m.media-amazon.com/images/I/51UQ3vEfiIL._SL500_.jpg" alt="Product Image"></a><p>23 PCS Large Eye Sewing Needles, 2.36in Sewing Sharp Needles, Leather Needle Embroidery Thread Needle, Stainless Steel Yarn Knitting Needles with a 3.3in Plastic Bottle</p><p> -26% 0FF </p><p>$3.99</p><a href="https://www.amazon.com/dp/B0893412R4?tag=eloabder-20&linkCode=osi&th=1&psc=1">View Product</a></div><div class="product"><a href="https://www.amazon.com/dp/B0CR16V8LH?tag=eloabder-20&linkCode=osi&th=1&psc=1"><img src="https://m.media-amazon.com/images/I/51seXBZrmSL._SL500_.jpg" alt="Product Image"></a><p>FIVEIZERO 30-Count Premium Hand Sewing Needles, 6 Sizes Embroidery Needles Kit with Threaders for Hand Sewing Crafts,Large Eye Sewing Needle Kit for Art and Craft Projects</p><p> -33% 0FF </p><p>$3.99</p><a href="https://www.amazon.com/dp/B0CR16V8LH?tag=eloabder-20&linkCode=osi&th=1&psc=1">View Product</a></div><div class="product"><a href="https://www.amazon.com/dp/B0C52SWHNY?tag=eloabder-20&linkCode=osi&th=1&psc=1"><img src="https://m.media-amazon.com/images/I/51PTOYvxsuL._SL500_.jpg" alt="Product Image"></a><p>FIVEIZERO 80/40 PCS Large Eye Sewing Needles, 7 Sizes Sewing Sharp Needles, Leather Needle Embroidery Thread Needle, Stainless Steel Yarn Knitting Needles with Threaders for Handsewing Art Crafts CJ</p><p> -29% 0FF </p><p>$4.99</p><a href="https://www.amazon.com/dp/B0C52SWHNY?tag=eloabder-20&linkCode=osi&th=1&psc=1">View Product</a></div><div class="product"><a href="https://www.amazon.com/dp/B000YQEVYQ?tag=eloabder-20&linkCode=osi&th=1&psc=1"><img src="https://m.media-amazon.com/images/I/31ofpWcLFnL._SL500_.jpg" alt="Product Image"></a><p>Clover Gold Eye Embroidery Needles Size 3-9 - 16 Pack</p><p> -34% 0FF </p><p>$4.72 ($0.30 / Count)</p><a href="https://www.amazon.com/dp/B000YQEVYQ?tag=eloabder-20&linkCode=osi&th=1&psc=1">View Product</a></div><div class="product"><a href="https://www.amazon.com/dp/B08FG2SW2J?tag=eloabder-20&linkCode=osi&th=1&psc=1"><img src="https://m.media-amazon.com/images/I/51NLNzyOQiL._SL500_.jpg" alt="Product Image"></a><p>KYUEWRT 25 Large Eye Embroidery Needles-5 Sizes Big Eye Hand Sewing Needles in Aluminum Storage Tube</p><p> -9% 0FF </p><p>$4.99</p><a href="https://www.amazon.com/dp/B08FG2SW2J?tag=eloabder-20&linkCode=osi&th=1&psc=1">View Product</a></div>
<div class="product"><a href="https://www.amazon.com/dp/B007X6YQO0?tag=eloabder-20&linkCode=osi&th=1&psc=1"><img src="https://m.media-amazon.com/images/I/51zNbVKMfBL._SL500_.jpg" alt="Product Image"></a><p>Aunt Martha's 402 Flowers and Butterflies Embroidery Transfer Pattern Book, Over 25 Iron On Patterns</p><p> -9% 0FF </p><p>$5.31 ($0.21 / Count)</p><a href="https://www.amazon.com/dp/B007X6YQO0?tag=eloabder-20&linkCode=osi&th=1&psc=1">View Product</a></div><div class="product"><a href="https://www.amazon.com/dp/B0C53Y6RT5?tag=eloabder-20&linkCode=osi&th=1&psc=1"><img src="https://m.media-amazon.com/images/I/51V0SAIOO-L._SL500_.jpg" alt="Product Image"></a><p>Patemby 50Pcs Water Soluble Embroidery Stabilizers, Stick and Stitch Embroidery Paper with Pre-Printed Flowers and Leaves Pattern Transfers for Hand Sewing Lover Beginners (Flower)</p><p> -40% 0FF </p><p>$5.99</p><a href="https://www.amazon.com/dp/B0C53Y6RT5?tag=eloabder-20&linkCode=osi&th=1&psc=1">View Product</a></div>
<div class="product"><a href="https://www.amazon.com/dp/B08TBFJL83?tag=eloabder-20&linkCode=osi&th=1&psc=1"><img src="https://m.media-amazon.com/images/I/41TUv5gIsaL._SL500_.jpg" alt="Product Image"></a><p>Hisuper Sewing scissors sharp Embroidery Crafting Threading Scissors with Leather Scissors Cover for Needlework Craft Art Work Manual Handicraft DIY Tool</p><p> -30% 0FF </p><p>$6.99</p><a href="https://www.amazon.com/dp/B08TBFJL83?tag=eloabder-20&linkCode=osi&th=1&psc=1">View Product</a></div>

<div class="product"><a href="https://www.amazon.com/dp/B00YTF1GEQ?tag=eloabder-20&linkCode=osi&th=1&psc=1"><img src="https://m.media-amazon.com/images/I/31MocDOlO8L._SL500_.jpg" alt="Product Image"></a><p>We R Memory Keepers 123 Punch Board, Create Custom Envelopes, Boxes, and Bows, All-in-on Punch Board, Use with Cardstock or Favorite Paper, Gift Boxes, Birthdays, Holidays, Wedding Showers, Parties</p><p> -13% 0FF </p><p>$34.99</p><a href="https://www.amazon.com/dp/B00YTF1GEQ?tag=eloabder-20&linkCode=osi&th=1&psc=1">View Product</a></div><div class="product"><a href="https://www.amazon.com/dp/B01N3SGEJK?tag=eloabder-20&linkCode=osi&th=1&psc=1"><img src="https://m.media-amazon.com/images/I/51pcQCzILiL._SL500_.jpg" alt="Product Image"></a><p>Fiskars Crafts 119310 Gifting Board, Box</p><p> -44% 0FF </p><p>$25.73</p><a href="https://www.amazon.com/dp/B01N3SGEJK?tag=eloabder-20&linkCode=osi&th=1&psc=1">View Product</a></div><div class="product"><a href="https://www.amazon.com/dp/B07JQRP21Z?tag=eloabder-20&linkCode=osi&th=1&psc=1"><img src="https://m.media-amazon.com/images/I/31KO1DEz5-L._SL500_.jpg" alt="Product Image"></a><p>We R Memory Keepers Pocket Maker Punch Board, 6-Piece, Create Pockets to Store Keepsakes Over 100 Pocket Sizes, for Journaling, Scrapbooking, & More</p><p> -17% 0FF </p><p>$19.99</p><a href="https://www.amazon.com/dp/B07JQRP21Z?tag=eloabder-20&linkCode=osi&th=1&psc=1">View Product</a></div>

<div class="product"><a href="https://www.amazon.com/dp/B0CZM9L4SP?tag=eloabder-20&linkCode=osi&th=1&psc=1"><img src="https://m.media-amazon.com/images/I/410gggXHgKL._SL500_.jpg" alt="Product Image"></a><p>Craft Crush Wire Flowers - Create Unique Craft Wire Flower Designs with Easy to Use Tool and Guide with Display Stand - for Teens and Adults Ages 12, 13, 14, 15 and Up</p><p> -6% 0FF </p><p>$18.76</p><a href="https://www.amazon.com/dp/B0CZM9L4SP?tag=eloabder-20&linkCode=osi&th=1&psc=1">View Product</a></div><div class="product"><a href="https://www.amazon.com/dp/B0C8CTL1TX?tag=eloabder-20&linkCode=osi&th=1&psc=1"><img src="https://m.media-amazon.com/images/I/51pZKpeKoHL._SL500_.jpg" alt="Product Image"></a><p>Pom Pom Painting Art Kit for Beginners, Perfect Craft Projects for Adults, Colorful Pom Poms and Supplies Included, DIY Pom Pom Painting on Paint Canvas.(Sunflower)</p><p> -25% 0FF </p><p>$11.99</p><a href="https://www.amazon.com/dp/B0C8CTL1TX?tag=eloabder-20&linkCode=osi&th=1&psc=1">View Product</a></div>
<div class="product"><a href="https://www.amazon.com/dp/B076CP6F36?tag=eloabder-20&linkCode=osi&th=1&psc=1"><img src="https://m.media-amazon.com/images/I/51rfEIvgI+L._SL500_.jpg" alt="Product Image"></a><p>Apple Barrel, Vibrant Spectrum Collection Acrylic Craft Paint, PROMOABIII, 2 fl oz each, 16 assorted matte colors, 16 count</p><p> -6% 0FF </p><p>$15.97 ($0.50 / Fl Oz)</p><a href="https://www.amazon.com/dp/B076CP6F36?tag=eloabder-20&linkCode=osi&th=1&psc=1">View Product</a></div><div class="product"><a href="https://www.amazon.com/dp/B0018NBVKQ?tag=eloabder-20&linkCode=osi&th=1&psc=1"><img src="https://m.media-amazon.com/images/I/31YlSvZMTCL._SL500_.jpg" alt="Product Image"></a><p>Apple Barrel Acrylic Paint in Assorted Colors (8 Ounce), 20403 White</p><p> -34% 0FF </p><p>$2.97 ($0.37 / Fl Oz)</p><a href="https://www.amazon.com/dp/B0018NBVKQ?tag=eloabder-20&linkCode=osi&th=1&psc=1">View Product</a></div><div class="product"><a href="https://www.amazon.com/dp/B08QNJ7KSF?tag=eloabder-20&linkCode=osi&th=1&psc=1"><img src="https://m.media-amazon.com/images/I/61pzWyQ8+vL._SL500_.jpg" alt="Product Image"></a><p>Acrylic Paint Set Canvas Art Paints 24 Colors (0.41oz,12 ml) With 3 Brushes - Painting Canvas, Paper, Wood, Rock, Ceramic & Fabric</p><p> -37% 0FF </p><p>$9.99 ($1.04 / Fl Oz)</p><a href="https://www.amazon.com/dp/B08QNJ7KSF?tag=eloabder-20&linkCode=osi&th=1&psc=1">View Product</a></div><div class="product"><a href="https://www.amazon.com/dp/B0CYLMHHC1?tag=eloabder-20&linkCode=osi&th=1&psc=1"><img src="https://m.media-amazon.com/images/I/510S5ZntMHL._SL500_.jpg" alt="Product Image"></a><p>Nicpro 14 Colors Large Bulk Acrylic Paint Set (16.9 oz, 500 ml) Non Toxic Art Painting Supplies for Multi Surface Fabric Canvas Wood Leather Stone, Craft Paint for Kid & Adult with Color Wheel</p><p> -14% 0FF </p><p>$49.99 ($0.21 / Fl Oz)</p><a href="https://www.amazon.com/dp/B0CYLMHHC1?tag=eloabder-20&linkCode=osi&th=1&psc=1">View Product</a></div><div class="product"><a href="https://www.amazon.com/dp/B0829R16YG?tag=eloabder-20&linkCode=osi&th=1&psc=1"><img src="https://m.media-amazon.com/images/I/51i5zSZyD8L._SL500_.jpg" alt="Product Image"></a><p>Apple Barrel Essentials Acrylic Paint Set, 12, 24 Fl Oz (Pack of 1)</p><p> -30% 0FF </p><p>$11.24 ($0.47 / Fl Oz)</p><a href="https://www.amazon.com/dp/B0829R16YG?tag=eloabder-20&linkCode=osi&th=1&psc=1">View Product</a></div>
<div class="product"><a href="https://www.amazon.com/dp/B0CHTZD63Q?tag=eloabder-20&linkCode=osi&th=1&psc=1"><img src="https://m.media-amazon.com/images/I/511hgeOlnkL._SL500_.jpg" alt="Product Image"></a><p>Secopad Scrapbook Tape, 4 Pack Double Sided Tape Roller for Crafts, Adhesive Tape Glue Runner Scrapbooking Supplies Journaling School Office for Kids and Adults, 0.3IN x 26FT</p><p> -22% 0FF </p><p>$6.99 ($1.75 / Count)</p><a href="https://www.amazon.com/dp/B0CHTZD63Q?tag=eloabder-20&linkCode=osi&th=1&psc=1">View Product</a></div><div class="product"><a href="https://www.amazon.com/dp/B07Y3VDPLF?tag=eloabder-20&linkCode=osi&th=1&psc=1"><img src="https://m.media-amazon.com/images/I/41cyKQ2OMuL._SL500_.jpg" alt="Product Image"></a><p>Melsan 1x4 inch Hook and Loop Strips with Adhesive - 15 Sets, Strong Back Adhesive Fasten Mounting Tape for Home or Office Use - Instead of Holes and Screws, Black</p><p> -24% 0FF </p><p>$9.90</p><a href="https://www.amazon.com/dp/B07Y3VDPLF?tag=eloabder-20&linkCode=osi&th=1&psc=1">View Product</a></div><div class="product"><a href="https://www.amazon.com/dp/B0CC98XLGL?tag=eloabder-20&linkCode=osi&th=1&psc=1"><img src="https://m.media-amazon.com/images/I/51ZLw+nThiL._SL500_.jpg" alt="Product Image"></a><p>HUIRUSO 4 Pack Double Sided Tape Roller, Scrapbook Supplies, Glue Tape Roller for Crafts, Double-Sided Adhesive Tape Runner for Scrapbooking, School Office Journaling Supplies (0.31 in X 26.25 ft)</p><p> -9% 0FF </p><p>$6.99 ($1.75 / Count)</p><a href="https://www.amazon.com/dp/B0CC98XLGL?tag=eloabder-20&linkCode=osi&th=1&psc=1">View Product</a></div><div class="product"><a href="https://www.amazon.com/dp/B0CY2CFX3Z?tag=eloabder-20&linkCode=osi&th=1&psc=1"><img src="https://m.media-amazon.com/images/I/31ZLCJqpwCL._SL500_.jpg" alt="Product Image"></a><p>JEWOSTER 16 Sets 1x4 Inch Hook and Loop Strips with Adhesive - Double Sided Tape Heavy Duty for Wall Crafts - Sticky Back Fastener Mounting Tape for Home or Office Use,Indoor & Outdoor Use,Black</p><p> -15% 0FF </p><p>$2.98</p><a href="https://www.amazon.com/dp/B0CY2CFX3Z?tag=eloabder-20&linkCode=osi&th=1&psc=1">View Product</a></div><div class="product"><a href="https://www.amazon.com/dp/B0CGVPMJBP?tag=eloabder-20&linkCode=osi&th=1&psc=1"><img src="https://m.media-amazon.com/images/I/51zEyhfBRuL._SL500_.jpg" alt="Product Image"></a><p>30Ft x 1 Inch Hook and Loop Strips with Adhesive, Double Rolls of Heavy Duty Self Adhesive Tape with Backing, Nylon Self Adhesive Tape for Home Office School and Crafting,Black</p><p> -17% 0FF </p><p>$9.99</p><a href="https://www.amazon.com/dp/B0CGVPMJBP?tag=eloabder-20&linkCode=osi&th=1&psc=1">View Product</a></div>
<div class="product"><a href="https://www.amazon.com/dp/B092D2YB8R?tag=eloabder-20&linkCode=osi&th=1&psc=1"><img src="https://m.media-amazon.com/images/I/41dc0rFLWKL._SL500_.jpg" alt="Product Image"></a><p>Gocheer Airbrush Kit with Air Compressor, 40 PSI High Pressure Air Brush Non-Clogging with 0.2/0.3/0.5mm Nozzle/Cleaning Sets, Ideal for Painting, Modeling, Cake Decor, Pastry, Makeup, Nail Art etc.</p><p> -25% 0FF </p><p>$59.99 ($60.60 / Count)</p><a href="https://www.amazon.com/dp/B092D2YB8R?tag=eloabder-20&linkCode=osi&th=1&psc=1">View Product</a></div><div class="product"><a href="https://www.amazon.com/dp/B009YNG21U?tag=eloabder-20&linkCode=osi&th=1&psc=1"><img src="https://m.media-amazon.com/images/I/51w-pNifHUL._SL500_.jpg" alt="Product Image"></a><p>Master Airbrush Cool Runner II Dual Fan Air Compressor Professional Airbrushing System Kit with 3 Airbrushes, Gravity and Siphon Feed - Holder, Color Mixing Wheel, Cleaning Brush Set, How-To Guide</p><p> -32% 0FF </p><p>$129.99</p><a href="https://www.amazon.com/dp/B009YNG21U?tag=eloabder-20&linkCode=osi&th=1&psc=1">View Product</a></div><div class="product"><a href="https://www.amazon.com/dp/B00EKT30JK?tag=eloabder-20&linkCode=osi&th=1&psc=1"><img src="https://m.media-amazon.com/images/I/51+LnhnmT4L._SL500_.jpg" alt="Product Image"></a><p>Master Airbrush Cool Runner II Dual Fan Air Compressor Professional Airbrushing System Kit with 3 Airbrushes, Gravity and Siphon Feed - 6 Primary Opaque Colors Acrylic Paint Artist Set - How to Guide</p><p> -21% 0FF </p><p>$149.99</p><a href="https://www.amazon.com/dp/B00EKT30JK?tag=eloabder-20&linkCode=osi&th=1&psc=1">View Product</a></div><div class="product"><a href="https://www.amazon.com/dp/B002KJDXHQ?tag=eloabder-20&linkCode=osi&th=1&psc=1"><img src="https://m.media-amazon.com/images/I/511zMf+d1jL._SL500_.jpg" alt="Product Image"></a><p>Master Airbrush G233 Pro Set with 3 Nozzle Sets - Dual-Action Gravity Feed Airbrush with Cutaway Handle and How-To Guide</p><p> -20% 0FF </p><p>$39.99</p><a href="https://www.amazon.com/dp/B002KJDXHQ?tag=eloabder-20&linkCode=osi&th=1&psc=1">View Product</a></div><div class="product"><a href="https://www.amazon.com/dp/B0C9TL5YCS?tag=eloabder-20&linkCode=osi&th=1&psc=1"><img src="https://m.media-amazon.com/images/I/41SP-k5zrTL._SL500_.jpg" alt="Product Image"></a><p>Airbrush Kit with Compressor - 48PSI Rechargeable Cordless Non-Clogging High-Pressure Air Brush Set with 0.3mm Nozzle and Cleaning Brush Set for Nail Art, Makeup, Painting, Cake Decor</p><p> -25% 0FF </p><p>$29.99</p><a href="https://www.amazon.com/dp/B0C9TL5YCS?tag=eloabder-20&linkCode=osi&th=1&psc=1">View Product</a></div><div class="product"><a href="https://www.amazon.com/dp/B0D8KHCP94?tag=eloabder-20&linkCode=osi&th=1&psc=1"><img src="https://m.media-amazon.com/images/I/41Kr4UJcgYL._SL500_.jpg" alt="Product Image"></a><p>Airbrush Kit with Compressor - 48PSI High-Pressure, Non-Clogging Air Brush Set Cordless Rechargeable with 0.3mm Nozzle and Cleaning Brush for Nail Art, Makeup, Painting, and Cake Decorating</p><p> -17% 0FF </p><p>$29.99</p><a href="https://www.amazon.com/dp/B0D8KHCP94?tag=eloabder-20&linkCode=osi&th=1&psc=1">View Product</a></div><div class="product"><a href="https://www.amazon.com/dp/B0CPBK2RL8?tag=eloabder-20&linkCode=osi&th=1&psc=1"><img src="https://m.media-amazon.com/images/I/41dO63RKanL._SL500_.jpg" alt="Product Image"></a><p>Airbrush for Nails Cordless Portable Airbrush Kit with Compressor 30PSI High-Pressure Rechargeable Air Brush Spray Machine with 0.3mm Nozzle for Painting Makeup Model Barber Cookie Cake (Pink)</p><p> -20% 0FF </p><p>$31.99</p><a href="https://www.amazon.com/dp/B0CPBK2RL8?tag=eloabder-20&linkCode=osi&th=1&psc=1">View Product</a></div>
<div class="product"><a href="https://www.amazon.com/dp/B0CYLCF5JJ?tag=eloabder-20&linkCode=osi&th=1&psc=1"><img src="https://m.media-amazon.com/images/I/511e1hcb5sL._SL500_.jpg" alt="Product Image"></a><p>2772Pcs Alphabet Stickers 22 Sheets 1 Inches Alphabet Number Stickers Self Adhesive Sticker Vinyl Stickers,for Notebook, Labels,Scrapbooking Crafts，DIY Crafts Art Making(Black)</p><p> -50% 0FF </p><p>$4.99 ($0.00 / Count)</p><a href="https://www.amazon.com/dp/B0CYLCF5JJ?tag=eloabder-20&linkCode=osi&th=1&psc=1">View Product</a></div>
<div class="product"><a href="https://www.amazon.com/dp/B0C8CMBYC5?tag=eloabder-20&linkCode=osi&th=1&psc=1"><img src="https://m.media-amazon.com/images/I/61Hrv0JwdPL._SL500_.jpg" alt="Product Image"></a><p>HAPTIME 50 Pcs Mini Dinosaur Figures, Mini Resin Animals to Hide, Sensory Bin/Treasure Box Toys, Bulk Plastic Dinosaur Party Favors, Small Classroom Prizes, Tiny Figurines for Kids, Vase Filler</p><p> -29% 0FF </p><p>$9.99</p><a href="https://www.amazon.com/dp/B0C8CMBYC5?tag=eloabder-20&linkCode=osi&th=1&psc=1">View Product</a></div><div class="product"><a href="https://www.amazon.com/dp/B08R1CBG39?tag=eloabder-20&linkCode=osi&th=1&psc=1"><img src="https://m.media-amazon.com/images/I/414R+Abh3gL._SL500_.jpg" alt="Product Image"></a><p>Unfinished Wood Animal Ornament Blank Wood Rabbit Peg Doll Figure Cutout Table Statue Model Desktop Centerpiece for DIY Painting Home Office Decor</p><p> -47% 0FF </p><p>$4.99</p><a href="https://www.amazon.com/dp/B08R1CBG39?tag=eloabder-20&linkCode=osi&th=1&psc=1">View Product</a></div>
<div class="product"><a href="https://www.amazon.com/dp/B08L4Y3HF9?tag=eloabder-20&linkCode=osi&th=1&psc=1"><img src="https://m.media-amazon.com/images/I/61z57ge6bVL._SL500_.jpg" alt="Product Image"></a><p>Harsgs 60pcs Random Assorted Styles Embroidered Patches, Bright Vivid Colors, Sew On/Iron On Patch Applique for Clothes, Dress, Hat, Jeans, DIY Accessories</p><p> -19% 0FF </p><p>$12.99 ($0.22 / Count)</p><a href="https://www.amazon.com/dp/B08L4Y3HF9?tag=eloabder-20&linkCode=osi&th=1&psc=1">View Product</a></div><div class="product"><a href="https://www.amazon.com/dp/B0C9DFB69D?tag=eloabder-20&linkCode=osi&th=1&psc=1"><img src="https://m.media-amazon.com/images/I/417GE2p61GL._SL500_.jpg" alt="Product Image"></a><p>18" Large Sparkle Rhinestones and Sequin Red Snake Shaped Patches Applique Trim Ribbon for Outfit Pack of 3</p><p> -5% 0FF </p><p>$37.95 ($12.65 / Count)</p><a href="https://www.amazon.com/dp/B0C9DFB69D?tag=eloabder-20&linkCode=osi&th=1&psc=1">View Product</a></div><div class="product"><a href="https://www.amazon.com/dp/B08T9BM9D9?tag=eloabder-20&linkCode=osi&th=1&psc=1"><img src="https://m.media-amazon.com/images/I/61s3mTMJ5gL._SL500_.jpg" alt="Product Image"></a><p>AXEN 60PCS Embroidered Iron On Patches DIY Accessories, Random Assorted Decorative Patches, Cute Sewing Applique for Jackets, Hats, Backpacks, Jeans, 60 Pieces Package</p><p> -24% 0FF </p><p>$12.99 ($0.22 / Count)</p><a href="https://www.amazon.com/dp/B08T9BM9D9?tag=eloabder-20&linkCode=osi&th=1&psc=1">View Product</a></div><div class="product"><a href="https://www.amazon.com/dp/B0BYK2J6N7?tag=eloabder-20&linkCode=osi&th=1&psc=1"><img src="https://m.media-amazon.com/images/I/51tsuNDSHfL._SL500_.jpg" alt="Product Image"></a><p>Liveish 1 Pair of Handmade Gold Rhinestone Appliques, 26.5 * 18cm Gold Applique for Dress Wedding Apparel Accessories Patches.（Shop Name: Yuanbao Boutique 188)(Gold)</p><p> -20% 0FF </p><p>$15.98</p><a href="https://www.amazon.com/dp/B0BYK2J6N7?tag=eloabder-20&linkCode=osi&th=1&psc=1">View Product</a></div>
<div class="product"><a href="https://www.amazon.com/dp/B09KPNFJW1?tag=eloabder-20&linkCode=osi&th=1&psc=1"><img src="https://m.media-amazon.com/images/I/41abn5fELmL._SL500_.jpg" alt="Product Image"></a><p>UniPleased Disposable Aprons (50 Count), Plastic apron for Painting Party, Cooking, Housework, Picnic etc.</p><p> -25% 0FF </p><p>$5.99</p><a href="https://www.amazon.com/dp/B09KPNFJW1?tag=eloabder-20&linkCode=osi&th=1&psc=1">View Product</a></div><div class="product"><a href="https://www.amazon.com/dp/1906525358?tag=eloabder-20&linkCode=osi&th=1&psc=1"><img src="https://m.media-amazon.com/images/I/51WPPo6wrdL._SL500_.jpg" alt="Product Image"></a><p>The Perfect Apron: 35 fun and flirty designs for you to make</p><p> -69% 0FF </p><p>$6.09</p><a href="https://www.amazon.com/dp/1906525358?tag=eloabder-20&linkCode=osi&th=1&psc=1">View Product</a></div><div class="product"><a href="https://www.amazon.com/dp/B0C55Q43Y6?tag=eloabder-20&linkCode=osi&th=1&psc=1"><img src="https://m.media-amazon.com/images/I/31G2DxeG1tL._SL500_.jpg" alt="Product Image"></a><p>Portable Paint Tent for Spray Painting, Small Airbrush Pop-up Shelter Booth Station Complete with Storage Bag and 3 Disposable Aprons</p><p> -50% 0FF </p><p>$14.99</p><a href="https://www.amazon.com/dp/B0C55Q43Y6?tag=eloabder-20&linkCode=osi&th=1&psc=1">View Product</a></div><div class="product"><a href="https://www.amazon.com/dp/B095CWKPJF?tag=eloabder-20&linkCode=osi&th=1&psc=1"><img src="https://m.media-amazon.com/images/I/51STxqdMDaL._SL500_.jpg" alt="Product Image"></a><p>Simplicity Misses' Wraparound Apron Packet, Code 9312 Sewing Pattern, Sizes XS-XL, White</p><p> -10% 0FF </p><p>$9.99</p><a href="https://www.amazon.com/dp/B095CWKPJF?tag=eloabder-20&linkCode=osi&th=1&psc=1">View Product</a></div><div class="product"><a href="https://www.amazon.com/dp/B01DQ33ILK?tag=eloabder-20&linkCode=osi&th=1&psc=1"><img src="https://m.media-amazon.com/images/I/51RToxvaLBL._SL500_.jpg" alt="Product Image"></a><p>Simplicity Vintage Simplicity 8152 1970's Fashion Vintage Apron Sewing Pattern, XS-L</p><p> -10% 0FF </p><p>$8.91</p><a href="https://www.amazon.com/dp/B01DQ33ILK?tag=eloabder-20&linkCode=osi&th=1&psc=1">View Product</a></div>
<div class="product"><a href="https://www.amazon.com/dp/B085F4JH1H?tag=eloabder-20&linkCode=osi&th=1&psc=1"><img src="https://m.media-amazon.com/images/I/41l7Efp7ILL._SL500_.jpg" alt="Product Image"></a><p>KEFF 24-Pack Bulk Canvas for Painting, 6 of 5x7, 8x10, 9x12, 11x14 Canvas Boards for Painting, Art Supplies for Adults & Kids - 100% Cotton Primed Painting Canvas for Acrylic, Oil, Watercolor, Tempera</p><p> -50% 0FF </p><p>$24.99</p><a href="https://www.amazon.com/dp/B085F4JH1H?tag=eloabder-20&linkCode=osi&th=1&psc=1">View Product</a></div><div class="product"><a href="https://www.amazon.com/dp/B07S29YTCG?tag=eloabder-20&linkCode=osi&th=1&psc=1"><img src="https://m.media-amazon.com/images/I/51X58r5V-5L._SL500_.jpg" alt="Product Image"></a><p>FIXSMITH Stretched White Blank Canvas - 11x14 Inch, 8 Pack, Primed,100% Cotton,5/8 Inch Profile of Super Value Pack for Acrylics,Oils & Other Painting Media</p><p> -17% 0FF </p><p>$24.99</p><a href="https://www.amazon.com/dp/B07S29YTCG?tag=eloabder-20&linkCode=osi&th=1&psc=1">View Product</a></div><div class="product"><a href="https://www.amazon.com/dp/B09CDKB9HY?tag=eloabder-20&linkCode=osi&th=1&psc=1"><img src="https://m.media-amazon.com/images/I/51+p5xnClGL._SL500_.jpg" alt="Product Image"></a><p>DPDIAN Canvas Boards for Painting 40 Pack, 8 inch x 10 inch Super Value Pack, Artist Canvas Panels for Oil & Acrylic Painting</p><p> -38% 0FF </p><p>$23.99</p><a href="https://www.amazon.com/dp/B09CDKB9HY?tag=eloabder-20&linkCode=osi&th=1&psc=1">View Product</a></div><div class="product"><a href="https://www.amazon.com/dp/B0BJZYCQV3?tag=eloabder-20&linkCode=osi&th=1&psc=1"><img src="https://m.media-amazon.com/images/I/41dS7xm9bKL._SL500_.jpg" alt="Product Image"></a><p>Simetufy Canvas Boards for Painting 12 Pack,8 x 10 Inch Painting Canvas Panels, Blank Canvas for Painting- Gesso Primed Acid-Free 100% Cotton for Acrylics Oil Watercolor Tempera Paints</p><p> -10% 0FF </p><p>$11.69</p><a href="https://www.amazon.com/dp/B0BJZYCQV3?tag=eloabder-20&linkCode=osi&th=1&psc=1">View Product</a></div><div class="product"><a href="https://www.amazon.com/dp/B087M21MM2?tag=eloabder-20&linkCode=osi&th=1&psc=1"><img src="https://m.media-amazon.com/images/I/41Xf-jehhLL._SL500_.jpg" alt="Product Image"></a><p>GOTIDEAL Stretched Canvas, Multi Pack 4x4, 5x7, 8x10,9x12, 11x14 Set of 10, Primed White - 100% Cotton Artist Canvas Boards for Painting, Acrylic Pouring, Oil Paint Dry & Wet Art Media</p><p> -28% 0FF </p><p>$22.99</p><a href="https://www.amazon.com/dp/B087M21MM2?tag=eloabder-20&linkCode=osi&th=1&psc=1">View Product</a></div><div class="product"><a href="https://www.amazon.com/dp/B09637DLSL?tag=eloabder-20&linkCode=osi&th=1&psc=1"><img src="https://m.media-amazon.com/images/I/511AdjCtVeL._SL500_.jpg" alt="Product Image"></a><p>Artkey Canvases for Painting 8x10 Inch 12-Pack, 10 oz Primed 100% Cotton White Blank Canvas Boards for Painting, Art Supplies Paint Canvas Panels for Acrylic Oil Watercolor Tempera Paints</p><p> -29% 0FF </p><p>$11.99</p><a href="https://www.amazon.com/dp/B09637DLSL?tag=eloabder-20&linkCode=osi&th=1&psc=1">View Product</a></div><div class="product"><a href="https://www.amazon.com/dp/B0CFBGP29G?tag=eloabder-20&linkCode=osi&th=1&psc=1"><img src="https://m.media-amazon.com/images/I/3147Az5plbL._SL500_.jpg" alt="Product Image"></a><p>ArtSkills Stretched Canvases for Painting, 12x16 Canvas Painting Supplies for Artists, Blank Canvas Pack, 2-Pack</p><p> -15% 0FF </p><p>$16.99</p><a href="https://www.amazon.com/dp/B0CFBGP29G?tag=eloabder-20&linkCode=osi&th=1&psc=1">View Product</a></div>
<div class="product"><a href="https://www.amazon.com/dp/B09CKXJFL1?tag=eloabder-20&linkCode=osi&th=1&psc=1"><img src="https://m.media-amazon.com/images/I/41bo99og2jL._SL500_.jpg" alt="Product Image"></a><p>RRFTOK Artist Easel Stand,Metal Tripod Adjustable Easel for Painting Canvases Height from 17 to 66 Inch,Carry Bag for Table-Top/Floor Drawing and Didplaying</p><p> -23% 0FF </p><p>$18.39</p><a href="https://www.amazon.com/dp/B09CKXJFL1?tag=eloabder-20&linkCode=osi&th=1&psc=1">View Product</a></div><div class="product"><a href="https://www.amazon.com/dp/B0BXS3NLZ3?tag=eloabder-20&linkCode=osi&th=1&psc=1"><img src="https://m.media-amazon.com/images/I/41QEnAIRAvL._SL500_.jpg" alt="Product Image"></a><p>Art Painting Display Easel Stand - Portable Adjustable Aluminum Metal Tripod Artist Easel with Bag, Height from 17" to 66", Extra Sturdy for Table-Top/Floor Painting, Drawing, and Displaying, Black</p><p> -37% 0FF </p><p>$18.39</p><a href="https://www.amazon.com/dp/B0BXS3NLZ3?tag=eloabder-20&linkCode=osi&th=1&psc=1">View Product</a></div><div class="product"><a href="https://www.amazon.com/dp/B07R5RHWVT?tag=eloabder-20&linkCode=osi&th=1&psc=1"><img src="https://m.media-amazon.com/images/I/41qUmoFSMiL._SL500_.jpg" alt="Product Image"></a><p>MEEDEN Versatile Studio H-Frame Easel - All Media Adjustable Beech Wood Studio Easel, Painting Floor Easel Stand, Movable and Tilting Flat Available, Holds Canvas Art up to 77"</p><p> -11% 0FF </p><p>$159.95</p><a href="https://www.amazon.com/dp/B07R5RHWVT?tag=eloabder-20&linkCode=osi&th=1&psc=1">View Product</a></div><div class="product"><a href="https://www.amazon.com/dp/B09KYHGKSB?tag=eloabder-20&linkCode=osi&th=1&psc=1"><img src="https://m.media-amazon.com/images/I/51yxWaZJsCL._SL500_.jpg" alt="Product Image"></a><p>Best Choice Products French Easel, 32pc Beginners Kit Portable Wooden Folding Adjustable Sketch Box Artist Tripod for Painting, Drawing w/Acrylic Paints, Brushes, Canvases, Palettes - Blue</p><p> -18% 0FF </p><p>$89.99</p><a href="https://www.amazon.com/dp/B09KYHGKSB?tag=eloabder-20&linkCode=osi&th=1&psc=1">View Product</a></div><div class="product"><a href="https://www.amazon.com/dp/B09TSQNQH9?tag=eloabder-20&linkCode=osi&th=1&psc=1"><img src="https://m.media-amazon.com/images/I/414Lw12-jXL._SL500_.jpg" alt="Product Image"></a><p>Easel Stand for Display, Aredy 63" Portable Painting Easel, Lightweight Metal Easels for Painting Canvas, Wedding Sign (2 pack)</p><p> -15% 0FF </p><p>$22.39</p><a href="https://www.amazon.com/dp/B09TSQNQH9?tag=eloabder-20&linkCode=osi&th=1&psc=1">View Product</a></div><div class="product"><a href="https://www.amazon.com/dp/B082HCKMP5?tag=eloabder-20&linkCode=osi&th=1&psc=1"><img src="https://m.media-amazon.com/images/I/41TKUQFyeaL._SL500_.jpg" alt="Product Image"></a><p>Premium Sketchbox Desktop Art Easel, Tabletop, Wooden for Painting, Student, Artist, Beginner</p><p> -11% 0FF </p><p>$32.88</p><a href="https://www.amazon.com/dp/B082HCKMP5?tag=eloabder-20&linkCode=osi&th=1&psc=1">View Product</a></div>
<div class="product"><a href="https://www.amazon.com/dp/B074W56CQ4?tag=eloabder-20&linkCode=osi&th=1&psc=1"><img src="https://m.media-amazon.com/images/I/41LkUciLZOL._SL500_.jpg" alt="Product Image"></a><p>Hulameda Paint Tray Palettes, Plastic Paint Pallets for Kids or Students to Paints on School Project or Art Class-12pcs</p><p> -13% 0FF </p><p>$6.99 ($0.58 / Count)</p><a href="https://www.amazon.com/dp/B074W56CQ4?tag=eloabder-20&linkCode=osi&th=1&psc=1">View Product</a></div><div class="product"><a href="https://www.amazon.com/dp/B0BWM34CR6?tag=eloabder-20&linkCode=osi&th=1&psc=1"><img src="https://m.media-amazon.com/images/I/31jHvJEw98L._SL500_.jpg" alt="Product Image"></a><p>Tamaki Acrylic Paint Palette Paint Pallet Clear Paint Tray Palette, Easy Clean Non-Stick Artist Pallet for Oil Watercolor Craft DIY Art Painting Palette, 2 PCS</p><p> -14% 0FF </p><p>$5.99</p><a href="https://www.amazon.com/dp/B0BWM34CR6?tag=eloabder-20&linkCode=osi&th=1&psc=1">View Product</a></div><div class="product"><a href="https://www.amazon.com/dp/B0B9R91Z2P?tag=eloabder-20&linkCode=osi&th=1&psc=1"><img src="https://m.media-amazon.com/images/I/310IAmNkqoL._SL500_.jpg" alt="Product Image"></a><p>Tamaki 2 Pack 11.8 x 7.9 Inch Acrylic Paint Palette with Thumb Hole Clear Paint Pallet, Easy Clean Non-Stick Artist Pallet for Oil Watercolor Craft DIY Art Painting Palette</p><p> -14% 0FF </p><p>$5.99</p><a href="https://www.amazon.com/dp/B0B9R91Z2P?tag=eloabder-20&linkCode=osi&th=1&psc=1">View Product</a></div><div class="product"><a href="https://www.amazon.com/dp/B09XCF523Q?tag=eloabder-20&linkCode=osi&th=1&psc=1"><img src="https://m.media-amazon.com/images/I/21C+8UGsBRL._SL500_.jpg" alt="Product Image"></a><p>Sweaty Pony 20 Well Watercolor Paint Tray Palette Pallet Acrylic Painting Mixing Plastic Artist Large Square Palette, 13 x 10 Inches, White, 1PCS</p><p> -25% 0FF </p><p>$5.99</p><a href="https://www.amazon.com/dp/B09XCF523Q?tag=eloabder-20&linkCode=osi&th=1&psc=1">View Product</a></div>
<div class="product"><a href="https://www.amazon.com/dp/B08TLK1ZSV?tag=eloabder-20&linkCode=osi&th=1&psc=1"><img src="https://m.media-amazon.com/images/I/51sM-NS8tJL._SL500_.jpg" alt="Product Image"></a><p>9 x 12 inches Sketch Book, Top Spiral Bound Sketch Pad, 1 Pack 100-Sheets (68lb/100gsm), Acid Free Art Sketchbook Artistic Drawing Painting Writing Paper for Kids Adults Beginners Artists</p><p> -50% 0FF </p><p>$8.99 ($0.09 / Count)</p><a href="https://www.amazon.com/dp/B08TLK1ZSV?tag=eloabder-20&linkCode=osi&th=1&psc=1">View Product</a></div><div class="product"><a href="https://www.amazon.com/dp/B0D5R7JRKZ?tag=eloabder-20&linkCode=osi&th=1&psc=1"><img src="https://m.media-amazon.com/images/I/41ip9gU5DFL._SL500_.jpg" alt="Product Image"></a><p>Hapikalor Watercolor Paper Pad, 9"x12" Water Color Paper, 140lb/300gsm Artist Painting Drawing Paper Book, Art Supplies for Adults Kids, Watercolors, Watercolor Paint Set, Sketchbook, Journal, Teal</p><p> -20% 0FF </p><p>$7.99</p><a href="https://www.amazon.com/dp/B0D5R7JRKZ?tag=eloabder-20&linkCode=osi&th=1&psc=1">View Product</a></div><div class="product"><a href="https://www.amazon.com/dp/B0027A75A4?tag=eloabder-20&linkCode=osi&th=1&psc=1"><img src="https://m.media-amazon.com/images/I/51dyOxxcgYL._SL500_.jpg" alt="Product Image"></a><p>Strathmore 200 Series Sketch Pad, 9x12 inch, 100 Sheets, Tape Bound - Artist Sketchbook for Drawing, Illustration, Art Class Students</p><p> -28% 0FF </p><p>$6.25 ($0.06 / Count)</p><a href="https://www.amazon.com/dp/B0027A75A4?tag=eloabder-20&linkCode=osi&th=1&psc=1">View Product</a></div><div class="product"><a href="https://www.amazon.com/dp/B0027ACP0O?tag=eloabder-20&linkCode=osi&th=1&psc=1"><img src="https://m.media-amazon.com/images/I/517YAKefnpL._SL500_.jpg" alt="Product Image"></a><p>Strathmore 300 Series Bristol Paper Pad, Smooth, Tape Bound, 11x14 inches, 20 Sheets (100lb/270g) - Artist Paper for Adults and Students - Markers, Pen and Ink</p><p> -58% 0FF </p><p>$7.49 ($0.37 / Count)</p><a href="https://www.amazon.com/dp/B0027ACP0O?tag=eloabder-20&linkCode=osi&th=1&psc=1">View Product</a></div><div class="product"><a href="https://www.amazon.com/dp/B09FYY48MN?tag=eloabder-20&linkCode=osi&th=1&psc=1"><img src="https://m.media-amazon.com/images/I/41Oe-iH-rSL._SL500_.jpg" alt="Product Image"></a><p>9" x 12" Sketch Book, Hardcover Sketchbook, Top Spiral Bound Sketch Pad, 100 Sheets (68lb/100gsm) Drawing Paper Pad, Art Supplies for Adults for Kids Drawing Notebook.</p><p> -17% 0FF </p><p>$9.59</p><a href="https://www.amazon.com/dp/B09FYY48MN?tag=eloabder-20&linkCode=osi&th=1&psc=1">View Product</a></div><div class="product"><a href="https://www.amazon.com/dp/B004M59O4C?tag=eloabder-20&linkCode=osi&th=1&psc=1"><img src="https://m.media-amazon.com/images/I/51u-bSUsNEL._SL500_.jpg" alt="Product Image"></a><p>Canson XL Series Watercolor Pad, Heavyweight White Paper, Foldover Binding, 30 Sheets, 9x12 inch</p><p> -46% 0FF </p><p>$12.40</p><a href="https://www.amazon.com/dp/B004M59O4C?tag=eloabder-20&linkCode=osi&th=1&psc=1">View Product</a></div>
<div class="product"><a href="https://www.amazon.com/dp/B08ZMH7LJY?tag=eloabder-20&linkCode=osi&th=1&psc=1"><img src="https://m.media-amazon.com/images/I/51mJIsLJA-S._SL500_.jpg" alt="Product Image"></a><p>PANDAFLY Professional Drawing Sketching Pencil Set - 12 Pieces Graphite Pencils(14B - 2H), Ideal for Drawing Art, Sketching, Shading, Artist Pencils for Beginners & Pro Artists</p><p> -33% 0FF </p><p>$5.99</p><a href="https://www.amazon.com/dp/B08ZMH7LJY?tag=eloabder-20&linkCode=osi&th=1&psc=1">View Product</a></div><div class="product"><a href="https://www.amazon.com/dp/B088K1G5NL?tag=eloabder-20&linkCode=osi&th=1&psc=1"><img src="https://m.media-amazon.com/images/I/51F2bOMZWnL._SL500_.jpg" alt="Product Image"></a><p>MARKART Professional Drawing Sketching Pencil Set - 14 Pieces,Graphite,(12B - 4H), Ideal for Drawing Art, Sketching, Shading, Artist Pencils for Beginners & Pro Artists</p><p> -46% 0FF </p><p>$6.99</p><a href="https://www.amazon.com/dp/B088K1G5NL?tag=eloabder-20&linkCode=osi&th=1&psc=1">View Product</a></div><div class="product"><a href="https://www.amazon.com/dp/B01N09ZDEI?tag=eloabder-20&linkCode=osi&th=1&psc=1"><img src="https://m.media-amazon.com/images/I/51awfumPEiL._SL500_.jpg" alt="Product Image"></a><p>Soucolor 72-Color Colored Pencils for Adult Coloring Books, Back to School Supplies, Soft Core Artist Sketching Drawing Pencils Drawing Supplies, Art Supplies Kit for Adults Kids, Coloring Pencils Set</p><p> -40% 0FF </p><p>$11.98</p><a href="https://www.amazon.com/dp/B01N09ZDEI?tag=eloabder-20&linkCode=osi&th=1&psc=1">View Product</a></div><div class="product"><a href="https://www.amazon.com/dp/B092M2FXB8?tag=eloabder-20&linkCode=osi&th=1&psc=1"><img src="https://m.media-amazon.com/images/I/51vZNdWo7nS._SL500_.jpg" alt="Product Image"></a><p>Prina 50 Pack Drawing Set Sketch Kit, Sketching Supplies with 3-Color Sketchbook, Graphite, and Charcoal Pencils, Pro Art Drawing Kit for Artists Adults Teens Beginner Kid, Ideal for Shading, Blending</p><p> -45% 0FF </p><p>$16.99</p><a href="https://www.amazon.com/dp/B092M2FXB8?tag=eloabder-20&linkCode=osi&th=1&psc=1">View Product</a></div><div class="product"><a href="https://www.amazon.com/dp/B07FML92JL?tag=eloabder-20&linkCode=osi&th=1&psc=1"><img src="https://m.media-amazon.com/images/I/41VVsR9JR9L._SL500_.jpg" alt="Product Image"></a><p>Winsor & Newton Studio Collection Artist Pencils, Sketching Pencils, Set of 10</p><p> -14% 0FF </p><p>$14.99</p><a href="https://www.amazon.com/dp/B07FML92JL?tag=eloabder-20&linkCode=osi&th=1&psc=1">View Product</a></div><div class="product"><a href="https://www.amazon.com/dp/B0D254P2NW?tag=eloabder-20&linkCode=osi&th=1&psc=1"><img src="https://m.media-amazon.com/images/I/51JrXvaxmUL._SL500_.jpg" alt="Product Image"></a><p>PANDAFLY Drawing Sketching Pencil Set, 42 Pack Pro Art Pencil Kit with Graphite Pencils (14B-4H), Charcoal Pencil, Ideal for Shading, Blending, Drawing Set for Beginners & Pro Artists</p><p> -50% 0FF </p><p>$7.99</p><a href="https://www.amazon.com/dp/B0D254P2NW?tag=eloabder-20&linkCode=osi&th=1&psc=1">View Product</a></div><div class="product"><a href="https://www.amazon.com/dp/B000I5MNC0?tag=eloabder-20&linkCode=osi&th=1&psc=1"><img src="https://m.media-amazon.com/images/I/41x3fiMbbxL._SL500_.jpg" alt="Product Image"></a><p>Faber-Castell 9000 Graphite Sketch Pencil Sets Art 8B - 2H set of 12</p><p> -23% 0FF </p><p>$16.86</p><a href="https://www.amazon.com/dp/B000I5MNC0?tag=eloabder-20&linkCode=osi&th=1&psc=1">View Product</a></div><div class="product"><a href="https://www.amazon.com/dp/B0716W4HT2?tag=eloabder-20&linkCode=osi&th=1&psc=1"><img src="https://m.media-amazon.com/images/I/413mbXo1tfL._SL500_.jpg" alt="Product Image"></a><p>Oil Pastel Pencils for Artists 48 ct - Oil Based Colored Pencils - Drawing, Sketching and Adult Coloring - Soft Core Art Coloring Pencils Set with Skin Tone</p><p> -35% 0FF </p><p>$17.49</p><a href="https://www.amazon.com/dp/B0716W4HT2?tag=eloabder-20&linkCode=osi&th=1&psc=1">View Product</a></div>
<div class="product"><a href="https://www.amazon.com/dp/B0778WXGC2?tag=eloabder-20&linkCode=osi&th=1&psc=1"><img src="https://m.media-amazon.com/images/I/612XF1pkfEL._SL500_.jpg" alt="Product Image"></a><p>Folkwear English Smock #221 Farmer Shirt Artist Blouse Traditional Old England Sewing Pattern (Pattern Only) folkwear221</p><p> -17% 0FF </p><p>$16.95</p><a href="https://www.amazon.com/dp/B0778WXGC2?tag=eloabder-20&linkCode=osi&th=1&psc=1">View Product</a></div>
<div class="product"><a href="https://www.amazon.com/dp/B0987JPQ74?tag=eloabder-20&linkCode=osi&th=1&psc=1"><img src="https://m.media-amazon.com/images/I/51T06yxPRCL._SL500_.jpg" alt="Product Image"></a><p>DIYSELF 16-Piece Craft Knife Set, Exacto Knife Set, 3-Piece Hobby Knife with 10-Piece Exacto Knife Blades, Precision Art Knife for Pumpkin Carving, Modeling, Exactly Knife, Pumpkin Carving Tools</p><p> -10% 0FF </p><p>$8.99</p><a href="https://www.amazon.com/dp/B0987JPQ74?tag=eloabder-20&linkCode=osi&th=1&psc=1">View Product</a></div><div class="product"><a href="https://www.amazon.com/dp/B0BV5S193T?tag=eloabder-20&linkCode=osi&th=1&psc=1"><img src="https://m.media-amazon.com/images/I/41K5HSjhJVL._SL500_.jpg" alt="Product Image"></a><p>5 Piece Palette knifes Painting Knife Set for Oil, Acrylic Paint,Cake Decorating,Stainless Steel Pallet Knife Paint Knife Art Spatula for Various Types of Painting,ColorMixing,Smearing</p><p> -17% 0FF </p><p>$4.99</p><a href="https://www.amazon.com/dp/B0BV5S193T?tag=eloabder-20&linkCode=osi&th=1&psc=1">View Product</a></div><div class="product"><a href="https://www.amazon.com/dp/B0851M3749?tag=eloabder-20&linkCode=osi&th=1&psc=1"><img src="https://m.media-amazon.com/images/I/41KKSGSDl5L._SL500_.jpg" alt="Product Image"></a><p>N NOROCME 12 PCS Blending Stumps and Tortillions Paper Art Blenders with Sandpaper Pencil Sharpener Pointer for Student Artist Charcoal Sketch Drawing Tools</p><p> -55% 0FF </p><p>$4.99</p><a href="https://www.amazon.com/dp/B0851M3749?tag=eloabder-20&linkCode=osi&th=1&psc=1">View Product</a></div>
<div class="product"><a href="https://www.amazon.com/dp/B017T977MI?tag=eloabder-20&linkCode=osi&th=1&psc=1"><img src="https://m.media-amazon.com/images/I/418eKRiCmHL._SL500_.jpg" alt="Product Image"></a><p>Lion Brand 24/7 Cotton Yarn, Lightweight Yarn for Knitting, Crocheting, and Crafts, Sky, 1 Pack</p><p> -29% 0FF </p><p>$4.87 ($0.01 / Foot)</p><a href="https://www.amazon.com/dp/B017T977MI?tag=eloabder-20&linkCode=osi&th=1&psc=1">View Product</a></div><div class="product"><a href="https://www.amazon.com/dp/B001EWBLYC?tag=eloabder-20&linkCode=osi&th=1&psc=1"><img src="https://m.media-amazon.com/images/I/51CsW4tWtWL._SL500_.jpg" alt="Product Image"></a><p>RED HEART Soft Baby Steps Yarn, Baby Blue</p><p> -27% 0FF </p><p>$6.54 ($0.01 / Foot)</p><a href="https://www.amazon.com/dp/B001EWBLYC?tag=eloabder-20&linkCode=osi&th=1&psc=1">View Product</a></div><div class="product"><a href="https://www.amazon.com/dp/B09WJG6BYH?tag=eloabder-20&linkCode=osi&th=1&psc=1"><img src="https://m.media-amazon.com/images/I/51J3kWAkcML._SL500_.jpg" alt="Product Image"></a><p>Bernat Baby Blanket Lovely Blue Yarn - 2 Pack of 300g/10.5oz - Polyester - 6 Super Bulky - 220 Yards - Knitting/Crochet</p><p> -12% 0FF </p><p>$22.78</p><a href="https://www.amazon.com/dp/B09WJG6BYH?tag=eloabder-20&linkCode=osi&th=1&psc=1">View Product</a></div><div class="product"><a href="https://www.amazon.com/dp/B079PB452K?tag=eloabder-20&linkCode=osi&th=1&psc=1"><img src="https://m.media-amazon.com/images/I/41uh2hj6jTL._SL500_.jpg" alt="Product Image"></a><p>Lion Brand Yarn Feels Like Butta Soft Yarn for Crocheting and Knitting, Velvety, 1-Pack, Dusty Blue</p><p> -38% 0FF </p><p>$3.99 ($0.01 / Foot)</p><a href="https://www.amazon.com/dp/B079PB452K?tag=eloabder-20&linkCode=osi&th=1&psc=1">View Product</a></div><div class="product"><a href="https://www.amazon.com/dp/B003D7O1UC?tag=eloabder-20&linkCode=osi&th=1&psc=1"><img src="https://m.media-amazon.com/images/I/413-j-cJxPL._SL500_.jpg" alt="Product Image"></a><p>Lion Brand Yarn (1 Skein) Vanna's Choice Yarn, Dusty Blue</p><p> -20% 0FF </p><p>$3.99 ($0.01 / Foot)</p><a href="https://www.amazon.com/dp/B003D7O1UC?tag=eloabder-20&linkCode=osi&th=1&psc=1">View Product</a></div><div class="product"><a href="https://www.amazon.com/dp/B08JTYHC8B?tag=eloabder-20&linkCode=osi&th=1&psc=1"><img src="https://m.media-amazon.com/images/I/416LqlC3EXL._SL500_.jpg" alt="Product Image"></a><p>Alize Diva Silky Effect 100% Microfiber Acrylic Yarn 1 Ball skeins 100gr 383yds Color (346 - Sky Blue)</p><p> -16% 0FF </p><p>$5.49 ($0.00 / Foot)</p><a href="https://www.amazon.com/dp/B08JTYHC8B?tag=eloabder-20&linkCode=osi&th=1&psc=1">View Product</a></div>
<div class="product"><a href="https://www.amazon.com/dp/B0B2WMHCS2?tag=eloabder-20&linkCode=osi&th=1&psc=1"><img src="https://m.media-amazon.com/images/I/51HdKWtmsqL._SL500_.jpg" alt="Product Image"></a><p>Quill Pen Vintage Feather Calligraphy Pen Refined Quill Ballpoint for Writing Signature or Gift Wedding Bridal (Black)</p><p> -10% 0FF </p><p>$4.30</p><a href="https://www.amazon.com/dp/B0B2WMHCS2?tag=eloabder-20&linkCode=osi&th=1&psc=1">View Product</a></div><div class="product"><a href="https://www.amazon.com/dp/B084LMTR6J?tag=eloabder-20&linkCode=osi&th=1&psc=1"><img src="https://m.media-amazon.com/images/I/31v-ETvx49L._SL500_.jpg" alt="Product Image"></a><p>Cricut Joy Extra Fine Point Pens 0.3mm, 3 Count, Black</p><p> -66% 0FF </p><p>$2.69 ($0.90 / Count)</p><a href="https://www.amazon.com/dp/B084LMTR6J?tag=eloabder-20&linkCode=osi&th=1&psc=1">View Product</a></div><div class="product"><a href="https://www.amazon.com/dp/B0CQF3BJ3S?tag=eloabder-20&linkCode=osi&th=1&psc=1"><img src="https://m.media-amazon.com/images/I/41gs6AOiP6L._SL500_.jpg" alt="Product Image"></a><p>3 in 1 Retractable Ballpoint Pen with Light and Stylus, Nice Pens for Journaling Writing in The Dark - White/Red Light Tip- 0.7mm Black Ink</p><p> -13% 0FF </p><p>$12.99</p><a href="https://www.amazon.com/dp/B0CQF3BJ3S?tag=eloabder-20&linkCode=osi&th=1&psc=1">View Product</a></div><div class="product"><a href="https://www.amazon.com/dp/B097MJBPQ4?tag=eloabder-20&linkCode=osi&th=1&psc=1"><img src="https://m.media-amazon.com/images/I/41vwBosmAUL._SL500_.jpg" alt="Product Image"></a><p>JANYUN 3 Pieces Pen Shape Resin Mold Ballpoint Pen Silicone Molds Epoxy Resin Molds Resin Casting Molds with 75 Pieces Ballpoint Refill Pens for DIY Resin Crafts Making (Black Blue)</p><p> -12% 0FF </p><p>$7.95 ($2.65 / Count)</p><a href="https://www.amazon.com/dp/B097MJBPQ4?tag=eloabder-20&linkCode=osi&th=1&psc=1">View Product</a></div><div class="product"><a href="https://www.amazon.com/dp/B0D8GL3RLX?tag=eloabder-20&linkCode=osi&th=1&psc=1"><img src="https://m.media-amazon.com/images/I/41pLKPe4lfL._SL500_.jpg" alt="Product Image"></a><p>MARTCOLOR Gold Silver White Gel Pens, 1mm Fine Point Gel Ink Pen Opaque Archival Ink Pens for Black Paper Drawing, Sketching, Illustration, Card Making, Bullet Journaling, 3 Pack</p><p> -14% 0FF </p><p>$5.99</p><a href="https://www.amazon.com/dp/B0D8GL3RLX?tag=eloabder-20&linkCode=osi&th=1&psc=1">View Product</a></div>
<div class="product"><a href="https://www.amazon.com/dp/B09G2979JS?tag=eloabder-20&linkCode=osi&th=1&psc=1"><img src="https://m.media-amazon.com/images/I/61NISgl9z4L._SL500_.jpg" alt="Product Image"></a><p>Gionlion 6000 Clay Beads Bracelet Making Kit, 24 Colors Flat Preppy Beads for Friendship Bracelets, Polymer Clay Beads with Charms for Jewelry Making, Crafts Gifts for Girls Ages 6-12</p><p> -70% 0FF </p><p>$8.99 ($0.00 / Count)</p><a href="https://www.amazon.com/dp/B09G2979JS?tag=eloabder-20&linkCode=osi&th=1&psc=1">View Product</a></div><div class="product"><a href="https://www.amazon.com/dp/B0CQJDDSN7?tag=eloabder-20&linkCode=osi&th=1&psc=1"><img src="https://m.media-amazon.com/images/I/61Un7cTgOyL._SL500_.jpg" alt="Product Image"></a><p>LIS HEGENSA 24 Color Pony Beads Bulk 1000 Pcs,Kandi Beads for Necklace Jewelry Making Earring Hair Braiding,Bracelets Making Kits,Hair Bead,Bracelet Beads,Plastic Beads for Crafts Braids Girls</p><p> -30% 0FF </p><p>$6.99</p><a href="https://www.amazon.com/dp/B0CQJDDSN7?tag=eloabder-20&linkCode=osi&th=1&psc=1">View Product</a></div><div class="product"><a href="https://www.amazon.com/dp/B0C6D7DCV9?tag=eloabder-20&linkCode=osi&th=1&psc=1"><img src="https://m.media-amazon.com/images/I/51Y7WgErJ4L._SL500_.jpg" alt="Product Image"></a><p>shynek 1400 Pieces 6mm Round Glass Beads for Jewelry Making, 28 Colors Crystal Beads for Bracelets Jewelry Making and DIY Crafts(Solid Color)</p><p> -44% 0FF </p><p>$13.99 ($0.01 / Count)</p><a href="https://www.amazon.com/dp/B0C6D7DCV9?tag=eloabder-20&linkCode=osi&th=1&psc=1">View Product</a></div><div class="product"><a href="https://www.amazon.com/dp/B0CF1BD1C4?tag=eloabder-20&linkCode=osi&th=1&psc=1"><img src="https://m.media-amazon.com/images/I/511uBv47XkL._SL500_.jpg" alt="Product Image"></a><p>SUTOUG 1000PCS Colourful Letter Beads for Threading, 4 x 7 MM, A-Z White Letter Beads and Colourful Heart Beads, Acrylic Round Beads for Jewellery DIY Making Crafts Bracelets Necklaces Ornaments-Gold</p><p> -13% 0FF </p><p>$5.99 ($1.21 / Ounce)</p><a href="https://www.amazon.com/dp/B0CF1BD1C4?tag=eloabder-20&linkCode=osi&th=1&psc=1">View Product</a></div><div class="product"><a href="https://www.amazon.com/dp/B0C5JBWBXB?tag=eloabder-20&linkCode=osi&th=1&psc=1"><img src="https://m.media-amazon.com/images/I/616c37RFkJL._SL500_.jpg" alt="Product Image"></a><p>Redtwo 3400pcs 4mm Glass Seed Beads for Jewelry Bracelet Making Kit, Small Beads Friendship Bracelet Kit, Tiny Waist Beads Kit with Letter Beads and Elastic String, DIY Art Craft Girls Gifts.</p><p> -22% 0FF </p><p>$6.99</p><a href="https://www.amazon.com/dp/B0C5JBWBXB?tag=eloabder-20&linkCode=osi&th=1&psc=1">View Product</a></div><div class="product"><a href="https://www.amazon.com/dp/B007QNXBR8?tag=eloabder-20&linkCode=osi&th=1&psc=1"><img src="https://m.media-amazon.com/images/I/51AU4aa67CL._SL500_.jpg" alt="Product Image"></a><p>Beadery B6262 The Sparkles Pony Bead Box - approximately 2300 beads</p><p> -44% 0FF </p><p>$12.97 ($0.01 / Count)</p><a href="https://www.amazon.com/dp/B007QNXBR8?tag=eloabder-20&linkCode=osi&th=1&psc=1">View Product</a></div>
<div class="product"><a href="https://www.amazon.com/dp/B07BNF8KH5?tag=eloabder-20&linkCode=osi&th=1&psc=1"><img src="https://m.media-amazon.com/images/I/51jVByheyVL._SL500_.jpg" alt="Product Image"></a><p>PH PandaHall 100 Yards 1mm Waxed Cotton Cord Thread Beading String for Bracelet Necklace Making Crafting Beading Macrame Vase Decor, Burlywood</p><p> -41% 0FF </p><p>$7.19 ($0.02 / Foot)</p><a href="https://www.amazon.com/dp/B07BNF8KH5?tag=eloabder-20&linkCode=osi&th=1&psc=1">View Product</a></div><div class="product"><a href="https://www.amazon.com/dp/B08F49YVQP?tag=eloabder-20&linkCode=osi&th=1&psc=1"><img src="https://m.media-amazon.com/images/I/41yCMIpj0rS._SL500_.jpg" alt="Product Image"></a><p>1mm Stretchy Bracelet String, Sturdy Rainbow Elastic String Elastic Cord for Jewelry Making, Necklaces, Beading and Crafts</p><p> -36% 0FF </p><p>$6.99 ($0.04 / Foot)</p><a href="https://www.amazon.com/dp/B08F49YVQP?tag=eloabder-20&linkCode=osi&th=1&psc=1">View Product</a></div><div class="product"><a href="https://www.amazon.com/dp/B0BZYSBG2N?tag=eloabder-20&linkCode=osi&th=1&psc=1"><img src="https://m.media-amazon.com/images/I/51apPSltd9L._SL500_.jpg" alt="Product Image"></a><p>Nylon String for Bracelets, 25 Colors 1125 Yards Chinese Knotting Cord, 0.8 mm Nylon Cord for Jewelry Making, Beading, Necklaces, Kumihimo, Friendship Bracelets, Tassels and Craft</p><p> -5% 0FF </p><p>$18.99 ($0.01 / Foot)</p><a href="https://www.amazon.com/dp/B0BZYSBG2N?tag=eloabder-20&linkCode=osi&th=1&psc=1">View Product</a></div><div class="product"><a href="https://www.amazon.com/dp/B001PZD1C8?tag=eloabder-20&linkCode=osi&th=1&psc=1"><img src="https://m.media-amazon.com/images/I/41r2T29Hr7S._SL500_.jpg" alt="Product Image"></a><p>Stretch Magic Bead & Jewelry Cord - Strong & Stretchy, Easy to Knot - Clear Color - 0.5mm diameter - 10-meter (32.8 ft) spool - Elastic String for making beaded jewelry</p><p> -36% 0FF </p><p>$4.50 ($0.14 / Foot)</p><a href="https://www.amazon.com/dp/B001PZD1C8?tag=eloabder-20&linkCode=osi&th=1&psc=1">View Product</a></div>
<div class="product"><a href="https://www.amazon.com/dp/B0CBRC7K9K?tag=eloabder-20&linkCode=osi&th=1&psc=1"><img src="https://m.media-amazon.com/images/I/41JvPiusoSL._SL500_.jpg" alt="Product Image"></a><p>FIVEIZERO 21 Pieces Beading Needles Set, 6 Sizes Seed Beads Needles Big Eye Beading Needles Collapsible Beading Needles Set for Jewelry Making</p><p> -30% 0FF </p><p>$6.99</p><a href="https://www.amazon.com/dp/B0CBRC7K9K?tag=eloabder-20&linkCode=osi&th=1&psc=1">View Product</a></div><div class="product"><a href="https://www.amazon.com/dp/B0BNTYN4X5?tag=eloabder-20&linkCode=osi&th=1&psc=1"><img src="https://m.media-amazon.com/images/I/51elL0Dm7cL._SL500_.jpg" alt="Product Image"></a><p>58 Pcs Beading Needles Set,50 Pcs Long Straight Beading Thread Needles, 8 Pcs Big Eye Beading Needles with Threader, Needle Bottle, Yarn Scissors,Tweezers for Bracelets and Jewelry Making</p><p> -22% 0FF </p><p>$6.99</p><a href="https://www.amazon.com/dp/B0BNTYN4X5?tag=eloabder-20&linkCode=osi&th=1&psc=1">View Product</a></div><div class="product"><a href="https://www.amazon.com/dp/B09VGLZKGJ?tag=eloabder-20&linkCode=osi&th=1&psc=1"><img src="https://m.media-amazon.com/images/I/41jYxsbzW1L._SL500_.jpg" alt="Product Image"></a><p>UOOU 28 Pcs Beading Needles Set Include 20 Pcs Long Straight Beading Thread Needles + 8 Pcs Big Eye Beading Needles, Embroidery Needles with Needle Bottle, Thimble, Needle Threaders for Jewelry Making</p><p> -14% 0FF </p><p>$5.99</p><a href="https://www.amazon.com/dp/B09VGLZKGJ?tag=eloabder-20&linkCode=osi&th=1&psc=1">View Product</a></div><div class="product"><a href="https://www.amazon.com/dp/B0D127NY14?tag=eloabder-20&linkCode=osi&th=1&psc=1"><img src="https://m.media-amazon.com/images/I/41sq0seXVfL._SL500_.jpg" alt="Product Image"></a><p>FIVEIZERO 60 Pieces Beading Needle Set, 5 Sizes Species Big Eye Beading Needles (with Threader) Needle Bottle, Yarn, Embroidery Needle, Thimble Foldable Beading Needle Set for Jewelry Making</p><p> -30% 0FF </p><p>$6.99</p><a href="https://www.amazon.com/dp/B0D127NY14?tag=eloabder-20&linkCode=osi&th=1&psc=1">View Product</a></div>
<div class="product"><a href="https://www.amazon.com/dp/B001GMUBJ6?tag=eloabder-20&linkCode=osi&th=1&psc=1"><img src="https://m.media-amazon.com/images/I/51ovvZkwriL._SL500_.jpg" alt="Product Image"></a><p>The Beadsmith Fireline by Berkley – Micro-Fused Braided Thread – 6lb. Test, 006”/.15mm Diameter, 50 Yard Spool, Crystal Color – Super Strong Stringing Material for Jewelry Making and Bead Weaving</p><p> -5% 0FF </p><p>$11.99</p><a href="https://www.amazon.com/dp/B001GMUBJ6?tag=eloabder-20&linkCode=osi&th=1&psc=1">View Product</a></div><div class="product"><a href="https://www.amazon.com/dp/B07FL95S7C?tag=eloabder-20&linkCode=osi&th=1&psc=1"><img src="https://m.media-amazon.com/images/I/41Pbjyx1lnL._SL500_.jpg" alt="Product Image"></a><p>Treasure Gurus Artificial Deer Sinew Waxed Beading Craft Poly Thread Spool Natural Wax Sinue</p><p> -7% 0FF </p><p>$13.25 ($0.01 / Foot)</p><a href="https://www.amazon.com/dp/B07FL95S7C?tag=eloabder-20&linkCode=osi&th=1&psc=1">View Product</a></div>
<div class="product"><a href="https://www.amazon.com/dp/B00D3KOB2W?tag=eloabder-20&linkCode=osi&th=1&psc=1"><img src="https://m.media-amazon.com/images/I/419Au7VfUYL._SL500_.jpg" alt="Product Image"></a><p>Beadalon 7 Strand Stainless Steel Bead Stringing Wire, 0.012 in / 0.30 mm, Bright, 100 ft / 31 m</p><p> -6% 0FF </p><p>$8.88</p><a href="https://www.amazon.com/dp/B00D3KOB2W?tag=eloabder-20&linkCode=osi&th=1&psc=1">View Product</a></div><div class="product"><a href="https://www.amazon.com/dp/B00109RIVO?tag=eloabder-20&linkCode=osi&th=1&psc=1"><img src="https://m.media-amazon.com/images/I/51ctGiWm+8L._SL500_.jpg" alt="Product Image"></a><p>Beadalon 19 Strand Stainless Steel Bead Stringing Wire, 015 in / 0.38 mm, Bright, 100 ft / 31 m</p><p> -26% 0FF </p><p>$20.99</p><a href="https://www.amazon.com/dp/B00109RIVO?tag=eloabder-20&linkCode=osi&th=1&psc=1">View Product</a></div><div class="product"><a href="https://www.amazon.com/dp/B001FCYJDG?tag=eloabder-20&linkCode=osi&th=1&psc=1"><img src="https://m.media-amazon.com/images/I/41ffmCFSOhL._SL500_.jpg" alt="Product Image"></a><p>Beadalon 19 Strand Stainless Steel Bead Stringing Wire.015 in (0.38 mm), Satin Silver, 30 ft (9.2 m)</p><p> -26% 0FF </p><p>$9.99</p><a href="https://www.amazon.com/dp/B001FCYJDG?tag=eloabder-20&linkCode=osi&th=1&psc=1">View Product</a></div>
<div class="product"><a href="https://www.amazon.com/dp/B01LWX2IO1?tag=eloabder-20&linkCode=osi&th=1&psc=1"><img src="https://m.media-amazon.com/images/I/412dCF1E4QL._SL500_.jpg" alt="Product Image"></a><p>Beesworks Yellow Beeswax Bars (6 oz) | 100% Pure, Cosmetic Grade, Triple-Filtered Beeswax for DIY Skin Care, Lip Balm, Lotion and Candle Making (1 oz Bars - Pack of 6)</p><p> -22% 0FF </p><p>$6.99 ($1.16 / Ounce)</p><a href="https://www.amazon.com/dp/B01LWX2IO1?tag=eloabder-20&linkCode=osi&th=1&psc=1">View Product</a></div><div class="product"><a href="https://www.amazon.com/dp/B07VSQ6PGD?tag=eloabder-20&linkCode=osi&th=1&psc=1"><img src="https://m.media-amazon.com/images/I/41sY3zrLyyL._SL500_.jpg" alt="Product Image"></a><p>EricX Light Beeswax Bars 7oz,1oz for Each Beeswax Bars,Pack of 7,Cosmetic Grade</p><p> -36% 0FF </p><p>$6.99 ($1.00 / Ounce)</p><a href="https://www.amazon.com/dp/B07VSQ6PGD?tag=eloabder-20&linkCode=osi&th=1&psc=1">View Product</a></div>
<div class="product"><a href="https://www.amazon.com/dp/B08KGTFR6T?tag=eloabder-20&linkCode=osi&th=1&psc=1"><img src="https://m.media-amazon.com/images/I/51Q3LghfEXL._SL500_.jpg" alt="Product Image"></a><p>Otylzto Premium Plastic Clips, 100 Pcs with Box, Sewing Notions for Sewing Quilting Supplies Crafting Tools, Assorted Colors for Craft</p><p> -16% 0FF </p><p>$6.69</p><a href="https://www.amazon.com/dp/B08KGTFR6T?tag=eloabder-20&linkCode=osi&th=1&psc=1">View Product</a></div><div class="product"><a href="https://www.amazon.com/dp/B01G90AEE6?tag=eloabder-20&linkCode=osi&th=1&psc=1"><img src="https://m.media-amazon.com/images/I/41-bfF+u5BL._SL500_.jpg" alt="Product Image"></a><p>Clover Mini Wonder Clips (Red & Blue/20 pcs.)</p><p> -40% 0FF </p><p>$9.35 ($0.47 / Count)</p><a href="https://www.amazon.com/dp/B01G90AEE6?tag=eloabder-20&linkCode=osi&th=1&psc=1">View Product</a></div>
<div class="product"><a href="https://www.amazon.com/dp/B0CL7N6GZS?tag=eloabder-20&linkCode=osi&th=1&psc=1"><img src="https://m.media-amazon.com/images/I/4119FS8tFqL._SL500_.jpg" alt="Product Image"></a><p>Mr. Pen- Pencil Pouch, 2Pack, Pencil Pouches, Pencil Pouch for 3 Ring Binder Pencil Pouch, Pencil Cases, Pencil Case for Binder Pouch, Zipper Pencil Pouch, 3 Ring Binder Pouch, Pencil Bags with Zipper</p><p> -22% 0FF </p><p>$6.99</p><a href="https://www.amazon.com/dp/B0CL7N6GZS?tag=eloabder-20&linkCode=osi&th=1&psc=1">View Product</a></div><div class="product"><a href="https://www.amazon.com/dp/B00AFTQ4X8?tag=eloabder-20&linkCode=osi&th=1&psc=1"><img src="https://m.media-amazon.com/images/I/31GQNXQlHrL._SL500_.jpg" alt="Product Image"></a><p>Swingline 3 Hole Punch, 20 Sheet Capacity Three Hole Puncher 3 Ring, Paper Punch, SmartTouch Low Effort, Black & Silver (74133)</p><p> -22% 0FF </p><p>$18.00</p><a href="https://www.amazon.com/dp/B00AFTQ4X8?tag=eloabder-20&linkCode=osi&th=1&psc=1">View Product</a></div>
<div class="product"><a href="https://www.amazon.com/dp/B005571VQA?tag=eloabder-20&linkCode=osi&th=1&psc=1"><img src="https://m.media-amazon.com/images/I/314C89Li8+L._SL500_.jpg" alt="Product Image"></a><p>We R Memory Keepers 0633356710899 Wire Cinch-1 Inch-Bark (2 Piece)</p><p> -15% 0FF </p><p>$9.53</p><a href="https://www.amazon.com/dp/B005571VQA?tag=eloabder-20&linkCode=osi&th=1&psc=1">View Product</a></div><div class="product"><a href="https://www.amazon.com/dp/B0D1XV3N8H?tag=eloabder-20&linkCode=osi&th=1&psc=1"><img src="https://m.media-amazon.com/images/I/41Esbkv-76L._SL500_.jpg" alt="Product Image"></a><p>JUPEAN Bookbinding Kit, Book Binding Kits, Book Press, 7.9”x11.6”, Book Binding Tools Book Binding Supplies with Wooden Binding Press Book Cover Book Board Bone Folder Awl Binding Strap for DIY</p><p> -10% 0FF </p><p>$37.99</p><a href="https://www.amazon.com/dp/B0D1XV3N8H?tag=eloabder-20&linkCode=osi&th=1&psc=1">View Product</a></div><div class="product"><a href="https://www.amazon.com/dp/B0B9BMMJW5?tag=eloabder-20&linkCode=osi&th=1&psc=1"><img src="https://m.media-amazon.com/images/I/41Jl3w+cJ4L._SL500_.jpg" alt="Product Image"></a><p>6 Pcs Bookbinding Kits, Bookbinding Supplies, Book Binding Starter Tools Set for DIY Bookbinding Crafts and Sewing Supplies</p><p> -7% 0FF </p><p>$6.99</p><a href="https://www.amazon.com/dp/B0B9BMMJW5?tag=eloabder-20&linkCode=osi&th=1&psc=1">View Product</a></div><div class="product"><a href="https://www.amazon.com/dp/B0D1X433Z6?tag=eloabder-20&linkCode=osi&th=1&psc=1"><img src="https://m.media-amazon.com/images/I/41apTG1e9fL._SL500_.jpg" alt="Product Image"></a><p>JUPEAN Book Binding Kits, Bookbinding Supplies, Book Binding Kit for Beginners Bone Folder Tool with Bone Folder Awl Waxed Thread Book Press for DIY 7.9”x11.6”</p><p> -13% 0FF </p><p>$25.99</p><a href="https://www.amazon.com/dp/B0D1X433Z6?tag=eloabder-20&linkCode=osi&th=1&psc=1">View Product</a></div><div class="product"><a href="https://www.amazon.com/dp/B0D4YHS3R7?tag=eloabder-20&linkCode=osi&th=1&psc=1"><img src="https://m.media-amazon.com/images/I/41lRDpWUjiL._SL500_.jpg" alt="Product Image"></a><p>Jupean Bookbinding Kit, Book Binding Kit for Beginners, Book Binding Materials, Book Binding Tools with Bone Folder Book Binding Awl Webbing Strap Storage Box</p><p> -20% 0FF </p><p>$15.99</p><a href="https://www.amazon.com/dp/B0D4YHS3R7?tag=eloabder-20&linkCode=osi&th=1&psc=1">View Product</a></div><div class="product"><a href="https://www.amazon.com/dp/B0BP7XXPJJ?tag=eloabder-20&linkCode=osi&th=1&psc=1"><img src="https://m.media-amazon.com/images/I/51m+QztxUoL._SL500_.jpg" alt="Product Image"></a><p>BeKnitting 20 Knit Blocking Combs for Knitting & Crochet Projects Blockers for Crafts, Lace, Sweaters, Cardigans, Scarves, Needlework, Mats</p><p> -16% 0FF </p><p>$14.94</p><a href="https://www.amazon.com/dp/B0BP7XXPJJ?tag=eloabder-20&linkCode=osi&th=1&psc=1">View Product</a></div>
<div class="product"><a href="https://www.amazon.com/dp/B00UY0WT1O?tag=eloabder-20&linkCode=osi&th=1&psc=1"><img src="https://m.media-amazon.com/images/I/41eBNPX-72L._SL500_.jpg" alt="Product Image"></a><p>We R Memory Keepers, Cinch Book Binding Machine 2, Pink/White, Easy to Use Design with Slide Ruler, Compatible with Wire or Spiral Coils, Make Professional Books, Notebooks, Calendars and More</p><p> -10% 0FF </p><p>$90.24</p><a href="https://www.amazon.com/dp/B00UY0WT1O?tag=eloabder-20&linkCode=osi&th=1&psc=1">View Product</a></div><div class="product"><a href="https://www.amazon.com/dp/B00AYKTA66?tag=eloabder-20&linkCode=osi&th=1&psc=1"><img src="https://m.media-amazon.com/images/I/51EjD50SJvL._SL500_.jpg" alt="Product Image"></a><p>We R Memory Keepers Mini Cinch Bundle Includes Book Binding Machine, 16 Wires, Wire Cutters, and Six Black Bookboards, Easy to Use Design, Ruler, Wire or Spiral Coils, DIY Books, Notebooks, Calendars</p><p> -13% 0FF </p><p>$69.89</p><a href="https://www.amazon.com/dp/B00AYKTA66?tag=eloabder-20&linkCode=osi&th=1&psc=1">View Product</a></div><div class="product"><a href="https://www.amazon.com/dp/B0BV3CC4J7?tag=eloabder-20&linkCode=osi&th=1&psc=1"><img src="https://m.media-amazon.com/images/I/41Ove9J1WyL._SL500_.jpg" alt="Product Image"></a><p>We R Memory Keepers Multi Cinch Kit (2 in 1 Circle & Disc) Book Binding Art Crafts Sewing Scrapbooking Journaling Printmaking Paper Craft Office Home Card Stock DIY Card Making Sticker Machine</p><p> -5% 0FF </p><p>$68.40</p><a href="https://www.amazon.com/dp/B0BV3CC4J7?tag=eloabder-20&linkCode=osi&th=1&psc=1">View Product</a></div><div class="product"><a href="https://www.amazon.com/dp/B0CZQJTTHT?tag=eloabder-20&linkCode=osi&th=1&psc=1"><img src="https://m.media-amazon.com/images/I/410goBiFC5L._SL500_.jpg" alt="Product Image"></a><p>Kreapa 30 pcs book binding kits Book Press Book Binding Supplies & Book Binding Kits Book Binding Kits Starter Kit with Real Bone Clips Awl Big Eye Needle Waxed Book Cloth DIY,11.6 x 7.7 inches</p><p> -50% 0FF </p><p>$21.49</p><a href="https://www.amazon.com/dp/B0CZQJTTHT?tag=eloabder-20&linkCode=osi&th=1&psc=1">View Product</a></div>
<div class="product"><a href="https://www.amazon.com/dp/B0049UZ8PY?tag=eloabder-20&linkCode=osi&th=1&psc=1"><img src="https://m.media-amazon.com/images/I/31-Uug6SnRL._SL500_.jpg" alt="Product Image"></a><p>Daler-Rowney FW Acrylic Ink Bottle Black - Versatile Acrylic Drawing Ink for Artists and Students - Permanent Calligraphy Ink - Archival Ink for Illustrating and More</p><p> -23% 0FF </p><p>$7.75</p><a href="https://www.amazon.com/dp/B0049UZ8PY?tag=eloabder-20&linkCode=osi&th=1&psc=1">View Product</a></div><div class="product"><a href="https://www.amazon.com/dp/B005P1QSFK?tag=eloabder-20&linkCode=osi&th=1&psc=1"><img src="https://m.media-amazon.com/images/I/414vi3MJ19L._SL500_.jpg" alt="Product Image"></a><p>Ranger, Archival Ink Pad, 0, Jet Black (789541031468)</p><p> -9% 0FF </p><p>$7.51 ($7.51 / count)</p><a href="https://www.amazon.com/dp/B005P1QSFK?tag=eloabder-20&linkCode=osi&th=1&psc=1">View Product</a></div>
<div class="product"><a href="https://www.amazon.com/dp/B07Q4TJCDJ?tag=eloabder-20&linkCode=osi&th=1&psc=1"><img src="https://m.media-amazon.com/images/I/315HYvYg-BL._SL500_.jpg" alt="Product Image"></a><p>Primbeeks 300pcs Blank Business Cards, Premium Blank White Cards, 3.5" x 2.2" Small Blank Cards, Blank Cardstock Cards, Small Note Cards, white blank cards, white business cards, kraft paper cards</p><p> -53% 0FF </p><p>$7.99</p><a href="https://www.amazon.com/dp/B07Q4TJCDJ?tag=eloabder-20&linkCode=osi&th=1&psc=1">View Product</a></div>
<div class="product"><a href="https://www.amazon.com/dp/B07D8MQ71H?tag=eloabder-20&linkCode=osi&th=1&psc=1"><img src="https://m.media-amazon.com/images/I/41eOrrAeW1L._SL500_.jpg" alt="Product Image"></a><p>Paper Junkie 48 Pack Small Blank Notebooks for Kids Bulk, Kraft Paper Journals for Students, Sketching Drawing, Writing (4.3 x 5.6 In)</p><p> -15% 0FF </p><p>$22.99</p><a href="https://www.amazon.com/dp/B07D8MQ71H?tag=eloabder-20&linkCode=osi&th=1&psc=1">View Product</a></div><div class="product"><a href="https://www.amazon.com/dp/B0CJGPBFCN?tag=eloabder-20&linkCode=osi&th=1&psc=1"><img src="https://m.media-amazon.com/images/I/41WVp+K3FmL._SL500_.jpg" alt="Product Image"></a><p>Mr. Pen- Colorful Blank Books, 4.2 x 5.5 Inches, 32 Pages, 8 Pack, Blank Notebooks for Kids, Mini Notebooks for Kids, Mini Journal for Students, Blank Journal for Kids, Unlined Notebook, Kids Journal</p><p> -17% 0FF </p><p>$4.99 ($0.62 / Count)</p><a href="https://www.amazon.com/dp/B0CJGPBFCN?tag=eloabder-20&linkCode=osi&th=1&psc=1">View Product</a></div><div class="product"><a href="https://www.amazon.com/dp/B0CP8RCH9R?tag=eloabder-20&linkCode=osi&th=1&psc=1"><img src="https://m.media-amazon.com/images/I/41IHpCydyOL._SL500_.jpg" alt="Product Image"></a><p>BLUMOST Spiral Sketchbook for Drawing, 120gsm Sketch Book for Sketching, Artist Drawing Blank Paper Notebook for Kids Adults Beginners, Inner Pocket, 5.75'' × 8.38''-Black</p><p> -50% 0FF </p><p>$4.49</p><a href="https://www.amazon.com/dp/B0CP8RCH9R?tag=eloabder-20&linkCode=osi&th=1&psc=1">View Product</a></div><div class="product"><a href="https://www.amazon.com/dp/B0CWS8VFN7?tag=eloabder-20&linkCode=osi&th=1&psc=1"><img src="https://m.media-amazon.com/images/I/31i+w2Y3cFL._SL500_.jpg" alt="Product Image"></a><p>Mr. Pen- Colorful Blank Books, 4.25 x 5.5 Inches, 6 Pack, 32 Pages, Blank Notebooks for Kids, Mini Notebooks for Kids, Mini Journal for Students, Blank Journal for Kids, Unlined Notebook, Kids Journal</p><p> -60% 0FF </p><p>$3.99</p><a href="https://www.amazon.com/dp/B0CWS8VFN7?tag=eloabder-20&linkCode=osi&th=1&psc=1">View Product</a></div>
<div class="product"><a href="https://www.amazon.com/dp/B0B3WWHWT2?tag=eloabder-20&linkCode=osi&th=1&psc=1"><img src="https://m.media-amazon.com/images/I/31m0FzXtPxL._SL500_.jpg" alt="Product Image"></a><p>Tamaki 6 Pack Colorful Blank Books for kids to Write, Drawing, Cute Sketchbook for Kid, 6 Colors (4.25 x 5.5 Inches)</p><p> -13% 0FF </p><p>$6.99</p><a href="https://www.amazon.com/dp/B0B3WWHWT2?tag=eloabder-20&linkCode=osi&th=1&psc=1">View Product</a></div>
<div class="product"><a href="https://www.amazon.com/dp/B0B19J9FZM?tag=eloabder-20&linkCode=osi&th=1&psc=1"><img src="https://m.media-amazon.com/images/I/41ABS9as04L._SL500_.jpg" alt="Product Image"></a><p>Soucolor 9" x 12" Sketch Book, 1-Pack 100 Sheets Spiral Bound Art Sketchbook, (68lb/100gsm) Acid Free Artist Drawing Book Paper Painting Sketching Pad for Kids Students Adults Beginners</p><p> -40% 0FF </p><p>$8.99</p><a href="https://www.amazon.com/dp/B0B19J9FZM?tag=eloabder-20&linkCode=osi&th=1&psc=1">View Product</a></div><div class="product"><a href="https://www.amazon.com/dp/B097L9D5C6?tag=eloabder-20&linkCode=osi&th=1&psc=1"><img src="https://m.media-amazon.com/images/I/51weNIrCWfL._SL500_.jpg" alt="Product Image"></a><p>Sketch Book 5.5 X 8.5 - Spiral Sketchbook Pack of 2, SuFly 200 Sheets (68 lb/100gsm) Acid Free Sketch Pads for Drawing for Adults Spiral-Bound with Hard Cover for Kids, 100 Sheets Each</p><p> -8% 0FF </p><p>$11.99 ($6.00 / Count)</p><a href="https://www.amazon.com/dp/B097L9D5C6?tag=eloabder-20&linkCode=osi&th=1&psc=1">View Product</a></div><div class="product"><a href="https://www.amazon.com/dp/B093MK1CLJ?tag=eloabder-20&linkCode=osi&th=1&psc=1"><img src="https://m.media-amazon.com/images/I/3168yaIXBOS._SL500_.jpg" alt="Product Image"></a><p>LayFlat Sketchbook - 8.27 x 11 Inches - Black Blank Note Book, 64 Sheets, Thick 100gsm Paper, for Drawing, Sketching, and journaling</p><p> -5% 0FF </p><p>$12.45</p><a href="https://www.amazon.com/dp/B093MK1CLJ?tag=eloabder-20&linkCode=osi&th=1&psc=1">View Product</a></div><div class="product"><a href="https://www.amazon.com/dp/B083SBPRTY?tag=eloabder-20&linkCode=osi&th=1&psc=1"><img src="https://m.media-amazon.com/images/I/61zFqh++bML._SL500_.jpg" alt="Product Image"></a><p>Artisto 9x12" Premium Sketch Book Set, Spiral Bound, Pack of 2, 200 Sheets (100g/m2), Acid-Free Drawing Paper, Ideal for Kids, Teens & Adults.</p><p> -28% 0FF </p><p>$20.99 ($0.10 / Count)</p><a href="https://www.amazon.com/dp/B083SBPRTY?tag=eloabder-20&linkCode=osi&th=1&psc=1">View Product</a></div><div class="product"><a href="https://www.amazon.com/dp/1441310223?tag=eloabder-20&linkCode=osi&th=1&psc=1"><img src="https://m.media-amazon.com/images/I/41fzQQFFDnL._SL500_.jpg" alt="Product Image"></a><p>Premium Sketchbook (Large journal)</p><p> -10% 0FF </p><p>$11.69</p><a href="https://www.amazon.com/dp/1441310223?tag=eloabder-20&linkCode=osi&th=1&psc=1">View Product</a></div>
<div class="product"><a href="https://www.amazon.com/dp/B075M9MSFH?tag=eloabder-20&linkCode=osi&th=1&psc=1"><img src="https://m.media-amazon.com/images/I/51x+szTX6TL._SL500_.jpg" alt="Product Image"></a><p>Bianyo Bleedproof Marker Paper Pad, A4(8.27"X11.69"), 50 Sheets, 18 LB / 70 GSM, Glue-Bound, 100% Cotton, White, Ideal for Use with Markers and Ink Mediums</p><p> -38% 0FF </p><p>$9.99</p><a href="https://www.amazon.com/dp/B075M9MSFH?tag=eloabder-20&linkCode=osi&th=1&psc=1">View Product</a></div><div class="product"><a href="https://www.amazon.com/dp/B0D97H6RR8?tag=eloabder-20&linkCode=osi&th=1&psc=1"><img src="https://m.media-amazon.com/images/I/41kq8GouD4L._SL500_.jpg" alt="Product Image"></a><p>135lb/200gsm Marker Paper Pad, 8.3×8.9in Double Sided Bleedproof Sketch Pad, 30 Sheets Art Paper Spiral Sketchbook, Smooth Alcohol Marker Paper Painting Coloring Paper for DIY, Gift, Christmas</p><p> -20% 0FF </p><p>$7.99</p><a href="https://www.amazon.com/dp/B0D97H6RR8?tag=eloabder-20&linkCode=osi&th=1&psc=1">View Product</a></div><div class="product"><a href="https://www.amazon.com/dp/B0CS3KH6S1?tag=eloabder-20&linkCode=osi&th=1&psc=1"><img src="https://m.media-amazon.com/images/I/41pg37CppxL._SL500_.jpg" alt="Product Image"></a><p>Ohuhu Double Sided Marker Pads Art Sketchbook Bleedproof - 7.6"x10" Large Paper Size - 90LB/150GSM Smooth Drawing Paper - 60 Sheets/120 Pages, Spiral Bound Sketching Book for Alcohol Markers Christmas</p><p> -9% 0FF </p><p>$19.99 ($0.33 / Count)</p><a href="https://www.amazon.com/dp/B0CS3KH6S1?tag=eloabder-20&linkCode=osi&th=1&psc=1">View Product</a></div><div class="product"><a href="https://www.amazon.com/dp/B0CS3DZ7QL?tag=eloabder-20&linkCode=osi&th=1&psc=1"><img src="https://m.media-amazon.com/images/I/41kUDF2DXdL._SL500_.jpg" alt="Product Image"></a><p>Ohuhu Double Sided Marker Pad Art Sketchbook Bleedproof - 9"x12" Large Paper Size - 90LB/150GSM Smooth Drawing Paper - 60 Sheets/120 Pages, Glue-Bound Sketching Book for Alcohol Markers Christmas Gift</p><p> -9% 0FF </p><p>$19.99 ($0.44 / Sq Ft)</p><a href="https://www.amazon.com/dp/B0CS3DZ7QL?tag=eloabder-20&linkCode=osi&th=1&psc=1">View Product</a></div>
<div class="product"><a href="https://www.amazon.com/dp/B000J09PFM?tag=eloabder-20&linkCode=osi&th=1&psc=1"><img src="https://m.media-amazon.com/images/I/51yPRc4nvoL._SL500_.jpg" alt="Product Image"></a><p>Speedball Water-Soluble Block Printing Ink Starter Set, 6 Bold Colors with Satin Finish, 1.25-Ounce Tubes</p><p> -9% 0FF </p><p>$29.99 ($4.00 / Fl Oz)</p><a href="https://www.amazon.com/dp/B000J09PFM?tag=eloabder-20&linkCode=osi&th=1&psc=1">View Product</a></div><div class="product"><a href="https://www.amazon.com/dp/B0042ST318?tag=eloabder-20&linkCode=osi&th=1&psc=1"><img src="https://m.media-amazon.com/images/I/41+uFUT9CNL._SL500_.jpg" alt="Product Image"></a><p>Sax True Flow Water Soluble Block Printing Ink, 8 Ounce Jar, Black - 461924</p><p> -23% 0FF </p><p>$10.75</p><a href="https://www.amazon.com/dp/B0042ST318?tag=eloabder-20&linkCode=osi&th=1&psc=1">View Product</a></div><div class="product"><a href="https://www.amazon.com/dp/B00C1JUJWW?tag=eloabder-20&linkCode=osi&th=1&psc=1"><img src="https://m.media-amazon.com/images/I/41zDtJ6f5hL._SL500_.jpg" alt="Product Image"></a><p>Speedball Fabric Block Printing Ink, 2.5-Ounce, Black</p><p> -5% 0FF </p><p>$9.99 ($4.00 / Fl Oz)</p><a href="https://www.amazon.com/dp/B00C1JUJWW?tag=eloabder-20&linkCode=osi&th=1&psc=1">View Product</a></div><div class="product"><a href="https://www.amazon.com/dp/B0042SRDG0?tag=eloabder-20&linkCode=osi&th=1&psc=1"><img src="https://m.media-amazon.com/images/I/41+wjL7y0oL._SL500_.jpg" alt="Product Image"></a><p>Sax 1299777 True Flow Water Soluble Block Printing Ink - 16 Ounces - Black</p><p> -22% 0FF </p><p>$17.99</p><a href="https://www.amazon.com/dp/B0042SRDG0?tag=eloabder-20&linkCode=osi&th=1&psc=1">View Product</a></div>
<div class="product"><a href="https://www.amazon.com/dp/B0BN53F73Z?tag=eloabder-20&linkCode=osi&th=1&psc=1"><img src="https://m.media-amazon.com/images/I/41UfqrebfDL._SL500_.jpg" alt="Product Image"></a><p>Oopsu 4 Pack Rubber Block Stamp Carving Blocks with Cutter Tools and Rubber Brayer Roller for Printmaking and More Crafts</p><p> -15% 0FF </p><p>$16.99 ($5.66 / Count)</p><a href="https://www.amazon.com/dp/B0BN53F73Z?tag=eloabder-20&linkCode=osi&th=1&psc=1">View Product</a></div><div class="product"><a href="https://www.amazon.com/dp/B0017D8W5E?tag=eloabder-20&linkCode=osi&th=1&psc=1"><img src="https://m.media-amazon.com/images/I/41WwtE85+2L._SL500_.jpg" alt="Product Image"></a><p>Speedball Linoleum Cutter Kit Assortment #1 - Linocut Carving Tools for Block Printing, Includes 5 Blades</p><p> -7% 0FF </p><p>$13.99</p><a href="https://www.amazon.com/dp/B0017D8W5E?tag=eloabder-20&linkCode=osi&th=1&psc=1">View Product</a></div><div class="product"><a href="https://www.amazon.com/dp/B07ZJBZN5S?tag=eloabder-20&linkCode=osi&th=1&psc=1"><img src="https://m.media-amazon.com/images/I/41UbN58y9uS._SL500_.jpg" alt="Product Image"></a><p>SGHUO 12pcs 4"x6" Pink Rubber Carving Blocks Linoleum Block Stamp Making Kit</p><p> -12% 0FF </p><p>$22.99 ($1.92 / Count)</p><a href="https://www.amazon.com/dp/B07ZJBZN5S?tag=eloabder-20&linkCode=osi&th=1&psc=1">View Product</a></div>
<div class="product"><a href="https://www.amazon.com/dp/B00L2DYUM8?tag=eloabder-20&linkCode=osi&th=1&psc=1"><img src="https://m.media-amazon.com/images/I/51l5FZ0+5AL._SL500_.jpg" alt="Product Image"></a><p>Strathmore 300 Series Printmaking Paper Pad, Glue Bound, 5x7 inches, 40 Sheets (120g) - Artist Paper for Adults and Students - Block Printing, Linocut, Screen Printing, White</p><p> -25% 0FF </p><p>$5.94</p><a href="https://www.amazon.com/dp/B00L2DYUM8?tag=eloabder-20&linkCode=osi&th=1&psc=1">View Product</a></div><div class="product"><a href="https://www.amazon.com/dp/B00K5562WA?tag=eloabder-20&linkCode=osi&th=1&psc=1"><img src="https://m.media-amazon.com/images/I/51cZMCeflnL._SL500_.jpg" alt="Product Image"></a><p>Strathmore Printmaking Paper Pad 8"X10"-20 Sheets -62433800, White</p><p> -24% 0FF </p><p>$10.76</p><a href="https://www.amazon.com/dp/B00K5562WA?tag=eloabder-20&linkCode=osi&th=1&psc=1">View Product</a></div><div class="product"><a href="https://www.amazon.com/dp/B003IFWXHC?tag=eloabder-20&linkCode=osi&th=1&psc=1"><img src="https://m.media-amazon.com/images/I/41BilVeKXDL._SL500_.jpg" alt="Product Image"></a><p>Speedball Printmaster Paper, 9"x12", 50-Sheets, 70lb, 104gsm for Block and Relief Printmaking, Ideal for Students and Everyday Use</p><p> -7% 0FF </p><p>$13.99 ($0.28 / Count)</p><a href="https://www.amazon.com/dp/B003IFWXHC?tag=eloabder-20&linkCode=osi&th=1&psc=1">View Product</a></div><div class="product"><a href="https://www.amazon.com/dp/B07RL81DD2?tag=eloabder-20&linkCode=osi&th=1&psc=1"><img src="https://m.media-amazon.com/images/I/51Qs3GXKhnL._SL500_.jpg" alt="Product Image"></a><p>Richeson Printmaking Paper, 88# 6x9 inches, 50 Sheets (100757)</p><p> -12% 0FF </p><p>$8.93 ($0.18 / Count)</p><a href="https://www.amazon.com/dp/B07RL81DD2?tag=eloabder-20&linkCode=osi&th=1&psc=1">View Product</a></div><div class="product"><a href="https://www.amazon.com/dp/B0CBRKYF99?tag=eloabder-20&linkCode=osi&th=1&psc=1"><img src="https://m.media-amazon.com/images/I/41yOd+I8g8L._SL500_.jpg" alt="Product Image"></a><p>50/100 Sheets FIVEIZERO A4 Mulberry Paper Sheets Natural Fiber Rice Paper,8.3x11.7in Natural Decoupage Tissue Paper For Writing Painting, Decorative Paper, Card Making Paper DIY Craft</p><p> -10% 0FF </p><p>$8.95</p><a href="https://www.amazon.com/dp/B0CBRKYF99?tag=eloabder-20&linkCode=osi&th=1&psc=1">View Product</a></div>
<div class="product"><a href="https://www.amazon.com/dp/B07YDNKSH6?tag=eloabder-20&linkCode=osi&th=1&psc=1"><img src="https://m.media-amazon.com/images/I/41JGrHa7mSL._SL500_.jpg" alt="Product Image"></a><p>4-Inch Rubber Brayer Roller for Printmaking, Great for Gluing Application Also. (Original Version)</p><p> -36% 0FF </p><p>$6.99</p><a href="https://www.amazon.com/dp/B07YDNKSH6?tag=eloabder-20&linkCode=osi&th=1&psc=1">View Product</a></div><div class="product"><a href="https://www.amazon.com/dp/B003IG27OK?tag=eloabder-20&linkCode=osi&th=1&psc=1"><img src="https://m.media-amazon.com/images/I/416NUaYo1DL._SL500_.jpg" alt="Product Image"></a><p>Speedball Block Printing Baren - Comfortable Wooden Handle, Made in the USA - 4 Inches</p><p> -12% 0FF </p><p>$29.49</p><a href="https://www.amazon.com/dp/B003IG27OK?tag=eloabder-20&linkCode=osi&th=1&psc=1">View Product</a></div>
<div class="product"><a href="https://www.amazon.com/dp/B0CMZTVW28?tag=eloabder-20&linkCode=osi&th=1&psc=1"><img src="https://m.media-amazon.com/images/I/41tZXfCViDL._SL500_.jpg" alt="Product Image"></a><p>Ecoofor Blotting Paper for Flower Press, 20 Sheets Large A4 Highly Absorbent and Reusable Blotter Paper for Flower Press Paper Craft 8.26 x 11.4 inch</p><p> -17% 0FF </p><p>$9.99</p><a href="https://www.amazon.com/dp/B0CMZTVW28?tag=eloabder-20&linkCode=osi&th=1&psc=1">View Product</a></div><div class="product"><a href="https://www.amazon.com/dp/B0CQMMYSBR?tag=eloabder-20&linkCode=osi&th=1&psc=1"><img src="https://m.media-amazon.com/images/I/413SlUi6IDL._SL500_.jpg" alt="Product Image"></a><p>Wisreach Blotting Paper for Flower Press, 20 Sheets Flower Press Paper Highly Absorbent and Reusable Blotter Paper for Flower Art A4 Size 8.26 x 11.4 inch</p><p> -17% 0FF </p><p>$9.99</p><a href="https://www.amazon.com/dp/B0CQMMYSBR?tag=eloabder-20&linkCode=osi&th=1&psc=1">View Product</a></div><div class="product"><a href="https://www.amazon.com/dp/B0CTCD1VY7?tag=eloabder-20&linkCode=osi&th=1&psc=1"><img src="https://m.media-amazon.com/images/I/41xzeYmMKDL._SL500_.jpg" alt="Product Image"></a><p>24 Sheets A4 Reusable Blotting Paper for Flower Press, Highly Absorbent Blotter Paper for Flower Pressing Kit(11.8x8.27 inch)</p><p> -22% 0FF </p><p>$6.99</p><a href="https://www.amazon.com/dp/B0CTCD1VY7?tag=eloabder-20&linkCode=osi&th=1&psc=1">View Product</a></div>
<div class="product"><a href="https://www.amazon.com/dp/B085XDSB3Y?tag=eloabder-20&linkCode=osi&th=1&psc=1"><img src="https://m.media-amazon.com/images/I/41zCK3QUcGL._SL500_.jpg" alt="Product Image"></a><p>Ecohu Bone Folder & Creaser Tool - 2PCS - Scoring, Folding for Origami, Paper Crafts, Bookbinding, Leather Crafts and Card Making & Folding Paper</p><p> -32% 0FF </p><p>$9.95</p><a href="https://www.amazon.com/dp/B085XDSB3Y?tag=eloabder-20&linkCode=osi&th=1&psc=1">View Product</a></div><div class="product"><a href="https://www.amazon.com/dp/B071227D92?tag=eloabder-20&linkCode=osi&th=1&psc=1"><img src="https://m.media-amazon.com/images/I/51MYSCdI-kL._SL500_.jpg" alt="Product Image"></a><p>ARTEZA Bone Folders, Set of 4 Scoring Tools for Origami Paper Crafts, Art Supplies for Book Binding, Card Making, and Paper Folding</p><p> -24% 0FF </p><p>$13.99 ($3.50 / Count)</p><a href="https://www.amazon.com/dp/B071227D92?tag=eloabder-20&linkCode=osi&th=1&psc=1">View Product</a></div>
<div class="product"><a href="https://www.amazon.com/dp/B0007LS8G0?tag=eloabder-20&linkCode=osi&th=1&psc=1"><img src="https://m.media-amazon.com/images/I/41gnrMp4vXL._SL500_.jpg" alt="Product Image"></a><p>Lineco Bookbinding Super Cloth, Book Making Book Repair Cloth Material for Repairing Old Books, 18x30 Inch. Neutral Color.</p><p> -10% 0FF </p><p>$8.07</p><a href="https://www.amazon.com/dp/B0007LS8G0?tag=eloabder-20&linkCode=osi&th=1&psc=1">View Product</a></div><div class="product"><a href="https://www.amazon.com/dp/B0D2T5BY6F?tag=eloabder-20&linkCode=osi&th=1&psc=1"><img src="https://m.media-amazon.com/images/I/41k1Uc0DisL._SL500_.jpg" alt="Product Image"></a><p>10pcs Book Cloth,14”x10”,Fabric Surface and Paper Backed, book cloth for book binding,book binding fabric,5 Colors Bookbinding Cloth for DIY fabric book cover,bookbinding paper (Style C)</p><p> -10% 0FF </p><p>$8.99</p><a href="https://www.amazon.com/dp/B0D2T5BY6F?tag=eloabder-20&linkCode=osi&th=1&psc=1">View Product</a></div><div class="product"><a href="https://www.amazon.com/dp/B0CLL2999Y?tag=eloabder-20&linkCode=osi&th=1&psc=1"><img src="https://m.media-amazon.com/images/I/51qVluU6kYL._SL500_.jpg" alt="Product Image"></a><p>8pcs Book Cloth 14x10 Inch Fabric Surface Paper Backed 4 Colors Bookbinding Cloth for Adult DIY Book Album Cover (Style C)</p><p> -10% 0FF </p><p>$8.99</p><a href="https://www.amazon.com/dp/B0CLL2999Y?tag=eloabder-20&linkCode=osi&th=1&psc=1">View Product</a></div><div class="product"><a href="https://www.amazon.com/dp/B0D2C9CQ9R?tag=eloabder-20&linkCode=osi&th=1&psc=1"><img src="https://m.media-amazon.com/images/I/51ZB8HlWbHL._SL500_.jpg" alt="Product Image"></a><p>Bookbinding Cloth (White:2pieces39x45inches,Other Colours;10 pieces14x10inches) Book Cloth for Book Production Bookbinding Super Cloth Book Restoration Cloth Material for Restoring Old Book bindings</p><p> -30% 0FF </p><p>$11.89</p><a href="https://www.amazon.com/dp/B0D2C9CQ9R?tag=eloabder-20&linkCode=osi&th=1&psc=1">View Product</a></div>
<div class="product"><a href="https://www.amazon.com/dp/B0CQM7GN9K?tag=eloabder-20&linkCode=osi&th=1&psc=1"><img src="https://m.media-amazon.com/images/I/41iSoCGfQPL._SL500_.jpg" alt="Product Image"></a><p>VONEEDL Heavy Duty Hand Sewing Needles Set - 26 Straight and Curved Hand Sewing Needles for Upholstery, Leather, Carpet, Canvas Repair and Sail Crafts</p><p> -8% 0FF </p><p>$6.28 ($0.24 / Count)</p><a href="https://www.amazon.com/dp/B0CQM7GN9K?tag=eloabder-20&linkCode=osi&th=1&psc=1">View Product</a></div>
<div class="product"><a href="https://www.amazon.com/dp/B0025U108E?tag=eloabder-20&linkCode=osi&th=1&psc=1"><img src="https://m.media-amazon.com/images/I/31tAXQM8ItL._SL500_.jpg" alt="Product Image"></a><p>Books by Hand Linen Thread, Archival Quality Natural Unbleached and Unwaxed, 50 Yards 35/3 Gauge, Ideal for Bookbinding and Sewing Signatures</p><p> -38% 0FF </p><p>$9.26</p><a href="https://www.amazon.com/dp/B0025U108E?tag=eloabder-20&linkCode=osi&th=1&psc=1">View Product</a></div><div class="product"><a href="https://www.amazon.com/dp/B09KBTWJWG?tag=eloabder-20&linkCode=osi&th=1&psc=1"><img src="https://m.media-amazon.com/images/I/5139R+MumEL._SL500_.jpg" alt="Product Image"></a><p>BUTUZE 330 Yards Leather Sewing Waxed Thread - 150D 33 Yards Per Spool Stitching Thread for Leather Craft DIY,Bookbinding,Shoe Repairing,Leather Sewing</p><p> -20% 0FF </p><p>$7.99 ($0.01 / Foot)</p><a href="https://www.amazon.com/dp/B09KBTWJWG?tag=eloabder-20&linkCode=osi&th=1&psc=1">View Product</a></div>
<div class="product"><a href="https://www.amazon.com/dp/B07JQPDD9R?tag=eloabder-20&linkCode=osi&th=1&psc=1"><img src="https://m.media-amazon.com/images/I/41qf-76odYL._SL500_.jpg" alt="Product Image"></a><p>We R Memory Keepers, Journal Book Binding Punch Guide Set, Includes Guide, Awl, Curved and Straight Needle, Waxed Thread, Japanese Stitching Template and Storage, for Japanese and Copic Bound Books</p><p> -17% 0FF </p><p>$24.99</p><a href="https://www.amazon.com/dp/B07JQPDD9R?tag=eloabder-20&linkCode=osi&th=1&psc=1">View Product</a></div><div class="product"><a href="https://www.amazon.com/dp/B0C4L31Q4B?tag=eloabder-20&linkCode=osi&th=1&psc=1"><img src="https://m.media-amazon.com/images/I/51-mr3CFowL._SL500_.jpg" alt="Product Image"></a><p>49 Pcs Hand Bookbinding Tools Bookbinding Kits for Beginners Bookbinding Supplies with Paper Awl Binding Ribbon Glue Brush and Steel Ruler for DIY Bookbinding Crafts</p><p> -15% 0FF </p><p>$16.14</p><a href="https://www.amazon.com/dp/B0C4L31Q4B?tag=eloabder-20&linkCode=osi&th=1&psc=1">View Product</a></div>
<div class="product"><a href="https://www.amazon.com/dp/B0811DGL9Y?tag=eloabder-20&linkCode=osi&th=1&psc=1"><img src="https://m.media-amazon.com/images/I/51Kc8OFy8xL._SL500_.jpg" alt="Product Image"></a><p>Motbach 200Pcs Plastic Bottle Caps for DIY Craft Environmental Protection and Development of Children’s Intelligence (Mixed Color)</p><p> -7% 0FF </p><p>$13.90</p><a href="https://www.amazon.com/dp/B0811DGL9Y?tag=eloabder-20&linkCode=osi&th=1&psc=1">View Product</a></div><div class="product"><a href="https://www.amazon.com/dp/B0B2KPKFBD?tag=eloabder-20&linkCode=osi&th=1&psc=1"><img src="https://m.media-amazon.com/images/I/51l9I4uCYXL._SL500_.jpg" alt="Product Image"></a><p>Jedulin 100PCS Plastic Bottle Caps DIY Craft Environmental Protection Bottle Caps for Children Intelligence Development Kindergarten Stickes (Mixed Color)</p><p> -20% 0FF </p><p>$7.99</p><a href="https://www.amazon.com/dp/B0B2KPKFBD?tag=eloabder-20&linkCode=osi&th=1&psc=1">View Product</a></div><div class="product"><a href="https://www.amazon.com/dp/B0C7C8SXGR?tag=eloabder-20&linkCode=osi&th=1&psc=1"><img src="https://m.media-amazon.com/images/I/51og4kgswUL._SL500_.jpg" alt="Product Image"></a><p>Thyle DIY Craft Assorted Colors Plastic Bottle Caps for Children Intelligence Development Kindergarten Scrapbook Mixed Color (500 Pcs)</p><p> -35% 0FF </p><p>$14.99</p><a href="https://www.amazon.com/dp/B0C7C8SXGR?tag=eloabder-20&linkCode=osi&th=1&psc=1">View Product</a></div><div class="product"><a href="https://www.amazon.com/dp/B0BTBDXYCH?tag=eloabder-20&linkCode=osi&th=1&psc=1"><img src="https://m.media-amazon.com/images/I/51jDHmexj7L._SL500_.jpg" alt="Product Image"></a><p>ZEAYEA 300 Pcs Plastic Bottle Caps, DIY Craft Environmental Protection Bottle Caps, Mixed Color Bottle Caps for Children Intelligence Development Kindergarten Stickers Kids DIY Craft</p><p> -22% 0FF </p><p>$17.99 ($0.06 / Count)</p><a href="https://www.amazon.com/dp/B0BTBDXYCH?tag=eloabder-20&linkCode=osi&th=1&psc=1">View Product</a></div>
<div class="product"><a href="https://www.amazon.com/dp/B072VWN1GV?tag=eloabder-20&linkCode=osi&th=1&psc=1"><img src="https://m.media-amazon.com/images/I/21vZmhaRk5L._SL500_.jpg" alt="Product Image"></a><p>Cricut Brayer, Rubber Roller for Crafts, Works with Fabric, Vinyl, Iron-On & Inking Blocks, Extend Life of Cricut FabricGrip Mat, Compatible with Cricut Maker</p><p> -50% 0FF </p><p>$8.99</p><a href="https://www.amazon.com/dp/B072VWN1GV?tag=eloabder-20&linkCode=osi&th=1&psc=1">View Product</a></div><div class="product"><a href="https://www.amazon.com/dp/B08PP6QCWP?tag=eloabder-20&linkCode=osi&th=1&psc=1"><img src="https://m.media-amazon.com/images/I/31fzR6GvMeL._SL500_.jpg" alt="Product Image"></a><p>3 Pack Printmaking Brayers - Premium Brayer Rollers for Crafting, Hard Rubber Roller Brayers, Vinyl Roller Ink Paint Brush for Wallpapers Stamping Gluing Application (2.4’’, 4’’, 7.9’’) (black)</p><p> -6% 0FF </p><p>$16.99</p><a href="https://www.amazon.com/dp/B08PP6QCWP?tag=eloabder-20&linkCode=osi&th=1&psc=1">View Product</a></div><div class="product"><a href="https://www.amazon.com/dp/B072VY7CTF?tag=eloabder-20&linkCode=osi&th=1&psc=1"><img src="https://m.media-amazon.com/images/I/21Sg48Q+UoL._SL500_.jpg" alt="Product Image"></a><p>Cricut Brayer & MAT Remover Set</p><p> -52% 0FF </p><p>$11.99</p><a href="https://www.amazon.com/dp/B072VY7CTF?tag=eloabder-20&linkCode=osi&th=1&psc=1">View Product</a></div><div class="product"><a href="https://www.amazon.com/dp/B0007ZJ8T2?tag=eloabder-20&linkCode=osi&th=1&psc=1"><img src="https://m.media-amazon.com/images/I/31Oh43aFt9L._SL500_.jpg" alt="Product Image"></a><p>Speedball Pop-in Soft Rubber Brayer, 4" – Roller Tool for Crafting and Block Printing, Vinyl, Comfort Grip Handle</p><p> -14% 0FF </p><p>$11.99</p><a href="https://www.amazon.com/dp/B0007ZJ8T2?tag=eloabder-20&linkCode=osi&th=1&psc=1">View Product</a></div>
<div class="product"><a href="https://www.amazon.com/dp/B099DWCRZ5?tag=eloabder-20&linkCode=osi&th=1&psc=1"><img src="https://m.media-amazon.com/images/I/41rr5hT-8TL._SL500_.jpg" alt="Product Image"></a><p>milo Fluorescent Acrylic Paint Set of 6 Colors | 4 oz Bottles | Student Neon Colors Acrylics Painting Pack | Made in the USA | Non-Toxic Art & Craft Paints for Artists, Kids, & Hobby Painters</p><p> -8% 0FF </p><p>$22.90 ($0.95 / Fl Oz)</p><a href="https://www.amazon.com/dp/B099DWCRZ5?tag=eloabder-20&linkCode=osi&th=1&psc=1">View Product</a></div><div class="product"><a href="https://www.amazon.com/dp/B0871TN9QJ?tag=eloabder-20&linkCode=osi&th=1&psc=1"><img src="https://m.media-amazon.com/images/I/51YLdXlUP6L._SL500_.jpg" alt="Product Image"></a><p>Artecho Neon Paint - Set of 6 Colors, 59 ml / 2 oz Acrylic Paint for Decoration, Art Painting, Outdoor and Indoor Art Craft, Supplies for Canvas, Rock, Wood, Fabric, Waterproof Rich Pigments</p><p> -20% 0FF </p><p>$13.59 ($1.14 / Fl Oz)</p><a href="https://www.amazon.com/dp/B0871TN9QJ?tag=eloabder-20&linkCode=osi&th=1&psc=1">View Product</a></div><div class="product"><a href="https://www.amazon.com/dp/B09133GRBN?tag=eloabder-20&linkCode=osi&th=1&psc=1"><img src="https://m.media-amazon.com/images/I/51gFnhPRtSL._SL500_.jpg" alt="Product Image"></a><p>ABEIER Iridescent Acrylic Paint, Set of 18 Chameleon Colors, 2 oz/60ml Bottles, Color-shifting, Non-Toxic, High Viscosity, Blendable, Paints on Rocks Crafts Canvas Wood, Fabric, Ceramic & Stone</p><p> -20% 0FF </p><p>$20.79 ($0.58 / Fl Oz)</p><a href="https://www.amazon.com/dp/B09133GRBN?tag=eloabder-20&linkCode=osi&th=1&psc=1">View Product</a></div>
<div class="product"><a href="https://www.amazon.com/dp/B0009RRT9Y?tag=eloabder-20&linkCode=osi&th=1&psc=1"><img src="https://m.media-amazon.com/images/I/51ZhyYPOB5L._SL500_.jpg" alt="Product Image"></a><p>General Pencil Company The Masters Brush Cleaner & Preserver 2.5 0z.</p><p> -30% 0FF </p><p>$11.96</p><a href="https://www.amazon.com/dp/B0009RRT9Y?tag=eloabder-20&linkCode=osi&th=1&psc=1">View Product</a></div><div class="product"><a href="https://www.amazon.com/dp/B001TNR7VM?tag=eloabder-20&linkCode=osi&th=1&psc=1"><img src="https://m.media-amazon.com/images/I/51xdVglpEJL._SL500_.jpg" alt="Product Image"></a><p>General Pencil The Master's Brush Cleaner & Preserver, 1 oz</p><p> -7% 0FF </p><p>$8.01</p><a href="https://www.amazon.com/dp/B001TNR7VM?tag=eloabder-20&linkCode=osi&th=1&psc=1">View Product</a></div><div class="product"><a href="https://www.amazon.com/dp/B00F38YVQS?tag=eloabder-20&linkCode=osi&th=1&psc=1"><img src="https://m.media-amazon.com/images/I/51yjmSTzzML._SL500_.jpg" alt="Product Image"></a><p>B & J Original Brush Cleaner - 2.5 Oz/12ct Display</p><p> -6% 0FF </p><p>$11.99 ($4.80 / Ounce)</p><a href="https://www.amazon.com/dp/B00F38YVQS?tag=eloabder-20&linkCode=osi&th=1&psc=1">View Product</a></div><div class="product"><a href="https://www.amazon.com/dp/B004BN7QQ8?tag=eloabder-20&linkCode=osi&th=1&psc=1"><img src="https://m.media-amazon.com/images/I/31fEWB-h4VL._SL500_.jpg" alt="Product Image"></a><p>Winsor & Newton Brush Cleaner & Restorer, 16.0-oz Bottle</p><p> -14% 0FF </p><p>$21.87 ($1.37 / Fl Oz)</p><a href="https://www.amazon.com/dp/B004BN7QQ8?tag=eloabder-20&linkCode=osi&th=1&psc=1">View Product</a></div><div class="product"><a href="https://www.amazon.com/dp/B0049UZ8Z4?tag=eloabder-20&linkCode=osi&th=1&psc=1"><img src="https://m.media-amazon.com/images/I/51RVD9jAf9L._SL500_.jpg" alt="Product Image"></a><p>General Pencil 103-BJ The Masters Brush Cleaner and Preserver Tub, 24-Ounce</p><p> -19% 0FF </p><p>$28.29</p><a href="https://www.amazon.com/dp/B0049UZ8Z4?tag=eloabder-20&linkCode=osi&th=1&psc=1">View Product</a></div><div class="product"><a href="https://www.amazon.com/dp/B00JB1AUU4?tag=eloabder-20&linkCode=osi&th=1&psc=1"><img src="https://m.media-amazon.com/images/I/51YWgMhI8PL._SL500_.jpg" alt="Product Image"></a><p>General Pencil Masters Brush Cleaner and Preserver 1-Ounce (GP100)</p><p> -29% 0FF </p><p>$8.54</p><a href="https://www.amazon.com/dp/B00JB1AUU4?tag=eloabder-20&linkCode=osi&th=1&psc=1">View Product</a></div>
<div class="product"><a href="https://www.amazon.com/dp/B06X93CZ2F?tag=eloabder-20&linkCode=osi&th=1&psc=1"><img src="https://m.media-amazon.com/images/I/51N++pZFFoL._SL500_.jpg" alt="Product Image"></a><p>JTDEAL Paint Brush Holder, 22 Slots Paint Brush Storage for Acrylic Oil Watercolor Gouache Artist Paint Brush Roll Canvas Pouch, Silver white Holds 100 brushes</p><p> -23% 0FF </p><p>$9.98</p><a href="https://www.amazon.com/dp/B06X93CZ2F?tag=eloabder-20&linkCode=osi&th=1&psc=1">View Product</a></div><div class="product"><a href="https://www.amazon.com/dp/B000GJ76SE?tag=eloabder-20&linkCode=osi&th=1&psc=1"><img src="https://m.media-amazon.com/images/I/41bXOXEav9L._SL500_.jpg" alt="Product Image"></a><p>ArtBin KW903 Brush Box with Foam Inserts, Fine Art Portable Paint Brush Organizer, Plastic, Clear, 1.0 Count</p><p> -20% 0FF </p><p>$15.97</p><a href="https://www.amazon.com/dp/B000GJ76SE?tag=eloabder-20&linkCode=osi&th=1&psc=1">View Product</a></div><div class="product"><a href="https://www.amazon.com/dp/B0D476RJ27?tag=eloabder-20&linkCode=osi&th=1&psc=1"><img src="https://m.media-amazon.com/images/I/513n7TQ7WhL._SL500_.jpg" alt="Product Image"></a><p>SBYURE Wooden Paint Brush Holder Artist Brush Holder 67 Hole Paintbrush Holder Organizer Wood Paint Brush Rack for Pens Pencils and Art Tools</p><p> -17% 0FF </p><p>$9.99</p><a href="https://www.amazon.com/dp/B0D476RJ27?tag=eloabder-20&linkCode=osi&th=1&psc=1">View Product</a></div>
<div class="product"><a href="https://www.amazon.com/dp/B000THNGVO?tag=eloabder-20&linkCode=osi&th=1&psc=1"><img src="https://m.media-amazon.com/images/I/416vczORVSL._SL500_.jpg" alt="Product Image"></a><p>Pentel Fude Brush Pen, Medium (XFL2L)</p><p> -44% 0FF </p><p>$5.59</p><a href="https://www.amazon.com/dp/B000THNGVO?tag=eloabder-20&linkCode=osi&th=1&psc=1">View Product</a></div><div class="product"><a href="https://www.amazon.com/dp/B07DQ4292Y?tag=eloabder-20&linkCode=osi&th=1&psc=1"><img src="https://m.media-amazon.com/images/I/41-kgHpaPvL._SL500_.jpg" alt="Product Image"></a><p>Tombow 62039 Fudenosuke Brush Pens, 3-Pack. Soft, Hard, and Twin Tip Markers for Calligraphy and Art Drawings</p><p> -41% 0FF </p><p>$7.29 ($2.43 / Count)</p><a href="https://www.amazon.com/dp/B07DQ4292Y?tag=eloabder-20&linkCode=osi&th=1&psc=1">View Product</a></div><div class="product"><a href="https://www.amazon.com/dp/B08FCZC2R3?tag=eloabder-20&linkCode=osi&th=1&psc=1"><img src="https://m.media-amazon.com/images/I/51TWqPlqpfL._SL500_.jpg" alt="Product Image"></a><p>Craft 'n' Beyond Calligraphy Brush Pens Pack of 3 Small, Medium and Large Markers for Hand Lettering, Art Drawing, Sketching, Scrapbooking, Journaling - Beginner Kit with Fadeproof Black Ink</p><p> -20% 0FF </p><p>$5.99</p><a href="https://www.amazon.com/dp/B08FCZC2R3?tag=eloabder-20&linkCode=osi&th=1&psc=1">View Product</a></div><div class="product"><a href="https://www.amazon.com/dp/B0752Q39TF?tag=eloabder-20&linkCode=osi&th=1&psc=1"><img src="https://m.media-amazon.com/images/I/318NZq+SxqL._SL500_.jpg" alt="Product Image"></a><p>Zebra Pen Zensations Brush Pen, Brush Tip, Black Water-Resistant Ink, 1-Pack</p><p> -40% 0FF </p><p>$1.71</p><a href="https://www.amazon.com/dp/B0752Q39TF?tag=eloabder-20&linkCode=osi&th=1&psc=1">View Product</a></div><div class="product"><a href="https://www.amazon.com/dp/B01MS96OLD?tag=eloabder-20&linkCode=osi&th=1&psc=1"><img src="https://m.media-amazon.com/images/I/31bfqw+ZWDL._SL500_.jpg" alt="Product Image"></a><p>Tombow Abt Dual Brush Pen N15 Black Pack of 2</p><p> -10% 0FF </p><p>$6.23 ($3.12 / Count)</p><a href="https://www.amazon.com/dp/B01MS96OLD?tag=eloabder-20&linkCode=osi&th=1&psc=1">View Product</a></div>
<div class="product"><a href="https://www.amazon.com/dp/B09KNVGJLG?tag=eloabder-20&linkCode=osi&th=1&psc=1"><img src="https://m.media-amazon.com/images/I/51M8YXIl+HL._SL500_.jpg" alt="Product Image"></a><p>U.S. Art Supply 16 Hole Multi-Function Paint Brush Washer, Cleaner and Holder, 18 Palette Wells, Lid Plastic - Clean, Dry, Rest, Store, Hold Artist Brushes - Cleaning Acrylic, Watercolor, Oil Painting</p><p> -29% 0FF </p><p>$9.99</p><a href="https://www.amazon.com/dp/B09KNVGJLG?tag=eloabder-20&linkCode=osi&th=1&psc=1">View Product</a></div><div class="product"><a href="https://www.amazon.com/dp/B0CF959SCV?tag=eloabder-20&linkCode=osi&th=1&psc=1"><img src="https://m.media-amazon.com/images/I/41ab3WRFu8L._SL500_.jpg" alt="Product Image"></a><p>NIUCOO 2024 Upgraded Paint Brush Cleaner Brush Rinser: Paintbrush Cleaners Painting Station Paint Brush Rinse Paint Brush Washer Estacion De Pintura Flush My Brush Washing</p><p> -17% 0FF </p><p>$9.98</p><a href="https://www.amazon.com/dp/B0CF959SCV?tag=eloabder-20&linkCode=osi&th=1&psc=1">View Product</a></div><div class="product"><a href="https://www.amazon.com/dp/B0017880ME?tag=eloabder-20&linkCode=osi&th=1&psc=1"><img src="https://m.media-amazon.com/images/I/41qGjgJEnsL._SL500_.jpg" alt="Product Image"></a><p>Masterson Fresh Water Rinse Well Brush Cleaner for Cleaning Paintbrushes, Cleaning System for Acrylic, Watercolor, and Water-Based Paints, Great for Studio, Classroom, and Face Painting, Made in USA</p><p> -5% 0FF </p><p>$22.29</p><a href="https://www.amazon.com/dp/B0017880ME?tag=eloabder-20&linkCode=osi&th=1&psc=1">View Product</a></div>
<div class="product"><a href="https://www.amazon.com/dp/B07GH7WGC3?tag=eloabder-20&linkCode=osi&th=1&psc=1"><img src="https://m.media-amazon.com/images/I/51vzX1OZI6L._SL500_.jpg" alt="Product Image"></a><p>BOSOBO Paint Brushes Set, 2 Pack 20 Pcs Round-Pointed Tip Paintbrushes Nylon Hair Artist Acrylic Paint Brushes for Acrylic Oil Watercolor, Face Nail Art, Miniature Detailing & Rock Painting, Blue</p><p> -54% 0FF </p><p>$5.99 ($0.30 / Count)</p><a href="https://www.amazon.com/dp/B07GH7WGC3?tag=eloabder-20&linkCode=osi&th=1&psc=1">View Product</a></div><div class="product"><a href="https://www.amazon.com/dp/B09HH97QTK?tag=eloabder-20&linkCode=osi&th=1&psc=1"><img src="https://m.media-amazon.com/images/I/51LLw4EEEBL._SL500_.jpg" alt="Product Image"></a><p>20 Pcs Paint Brush Set for Acrylic Painting, Watercolor, Miniature Detailing, and Rock Painting</p><p> -50% 0FF </p><p>$4.99</p><a href="https://www.amazon.com/dp/B09HH97QTK?tag=eloabder-20&linkCode=osi&th=1&psc=1">View Product</a></div><div class="product"><a href="https://www.amazon.com/dp/B095M9LKPN?tag=eloabder-20&linkCode=osi&th=1&psc=1"><img src="https://m.media-amazon.com/images/I/51V-4Zpr+iS._SL500_.jpg" alt="Product Image"></a><p>Paint Brushes Set of 24 Pieces Wooden Handles Brushes with Canvas Brush Case, Professional for Oil, Acrylic and Watercolor Painting</p><p> -33% 0FF </p><p>$11.99</p><a href="https://www.amazon.com/dp/B095M9LKPN?tag=eloabder-20&linkCode=osi&th=1&psc=1">View Product</a></div><div class="product"><a href="https://www.amazon.com/dp/B078XJ2DCJ?tag=eloabder-20&linkCode=osi&th=1&psc=1"><img src="https://m.media-amazon.com/images/I/616oHEXPN1S._SL500_.jpg" alt="Product Image"></a><p>Pro Grade - Chip Paint Brushes - 36-Pack - 2 Inch Chip Brush for Paints, Stains, Varnishes, Glues, & Gesso</p><p> -28% 0FF </p><p>$17.99</p><a href="https://www.amazon.com/dp/B078XJ2DCJ?tag=eloabder-20&linkCode=osi&th=1&psc=1">View Product</a></div><div class="product"><a href="https://www.amazon.com/dp/B0878MN2VR?tag=eloabder-20&linkCode=osi&th=1&psc=1"><img src="https://m.media-amazon.com/images/I/51NycGy8AYL._SL500_.jpg" alt="Product Image"></a><p>Acrylic Paint Brush Set, 1 Packs / 10 pcs Watercolor Brushes Painting Brush Nylon Hair Brushes for All Purpose Oil Watercolor Painting Artist Professional Kits.</p><p> -56% 0FF </p><p>$3.99</p><a href="https://www.amazon.com/dp/B0878MN2VR?tag=eloabder-20&linkCode=osi&th=1&psc=1">View Product</a></div><div class="product"><a href="https://www.amazon.com/dp/B07X9SRV4H?tag=eloabder-20&linkCode=osi&th=1&psc=1"><img src="https://m.media-amazon.com/images/I/41Tq91myMWL._SL500_.jpg" alt="Product Image"></a><p>UPINS 30 Pcs Flat Paint Brushes, Small Brush Bulk for Detail Painting</p><p> -56% 0FF </p><p>$6.59 ($0.22 / Count)</p><a href="https://www.amazon.com/dp/B07X9SRV4H?tag=eloabder-20&linkCode=osi&th=1&psc=1">View Product</a></div><div class="product"><a href="https://www.amazon.com/dp/B08CY551NH?tag=eloabder-20&linkCode=osi&th=1&psc=1"><img src="https://m.media-amazon.com/images/I/514-YFHUt2L._SL500_.jpg" alt="Product Image"></a><p>Paint Brushes Set for Acrylic Painting, 20 Pcs Oil Watercolor Acrylic Paint Brush, Artist Paintbrushes for Body Face Rock Canvas, Kids Adult Drawing Arts Crafts Supplies, Blue</p><p> -11% 0FF </p><p>$7.99 ($0.40 / Count)</p><a href="https://www.amazon.com/dp/B08CY551NH?tag=eloabder-20&linkCode=osi&th=1&psc=1">View Product</a></div><div class="product"><a href="https://www.amazon.com/dp/B078XK6XRH?tag=eloabder-20&linkCode=osi&th=1&psc=1"><img src="https://m.media-amazon.com/images/I/51pi8RvmeJL._SL500_.jpg" alt="Product Image"></a><p>Pro Grade - Chip Paint Brushes - 96 Ea 2 Inch Chip Brush for Paints, Stains, Varnishes, Glues, & Gesso</p><p> -24% 0FF </p><p>$33.99</p><a href="https://www.amazon.com/dp/B078XK6XRH?tag=eloabder-20&linkCode=osi&th=1&psc=1">View Product</a></div>
<div class="product"><a href="https://www.amazon.com/dp/B081J66MVD?tag=eloabder-20&linkCode=osi&th=1&psc=1"><img src="https://m.media-amazon.com/images/I/61lZh1TW74L._SL500_.jpg" alt="Product Image"></a><p>Greentime 1500 pcs Round Resin Buttons Mixed Color Assorted Sizes for Crafts Sewing DIY Manual Button Painting DIY Handmade Ornament Buttons, 2 Holes and 4 Holes</p><p> -47% 0FF </p><p>$12.99</p><a href="https://www.amazon.com/dp/B081J66MVD?tag=eloabder-20&linkCode=osi&th=1&psc=1">View Product</a></div><div class="product"><a href="https://www.amazon.com/dp/B076FLR6X1?tag=eloabder-20&linkCode=osi&th=1&psc=1"><img src="https://m.media-amazon.com/images/I/51FdE2YnRTL._SL500_.jpg" alt="Product Image"></a><p>500-700 PCS Assorted Mixed Color Resin Buttons 2 and 4 Holes Round Craft for Sewing DIY Crafts Children's Manual Button Painting,DIY Handmade Ornament</p><p> -13% 0FF </p><p>$6.99</p><a href="https://www.amazon.com/dp/B076FLR6X1?tag=eloabder-20&linkCode=osi&th=1&psc=1">View Product</a></div>
<div class="product"><a href="https://www.amazon.com/dp/B0026SBYUE?tag=eloabder-20&linkCode=osi&th=1&psc=1"><img src="https://m.media-amazon.com/images/I/412Ga9k1q8L._SL500_.jpg" alt="Product Image"></a><p>Higgins Black Calligraphy Ink, 2.5 Ounce Bottle (44314)</p><p> -14% 0FF </p><p>$5.99</p><a href="https://www.amazon.com/dp/B0026SBYUE?tag=eloabder-20&linkCode=osi&th=1&psc=1">View Product</a></div><div class="product"><a href="https://www.amazon.com/dp/B0863983QL?tag=eloabder-20&linkCode=osi&th=1&psc=1"><img src="https://m.media-amazon.com/images/I/51z4eQeSGIL._SL500_.jpg" alt="Product Image"></a><p>SVBAQUUY Calligraphy Ink,12 Colors Dip Calligraphy Pen Inks Set for Art,Writing,Signatures,Calligraphy, Decoration,Gift (15ml)</p><p> -8% 0FF </p><p>$21.99</p><a href="https://www.amazon.com/dp/B0863983QL?tag=eloabder-20&linkCode=osi&th=1&psc=1">View Product</a></div><div class="product"><a href="https://www.amazon.com/dp/B0012F3HHU?tag=eloabder-20&linkCode=osi&th=1&psc=1"><img src="https://m.media-amazon.com/images/I/41pJiFMJ5NL._SL500_.jpg" alt="Product Image"></a><p>Winsor & Newton Calligraphy 6-Jar Ink Set, 30ml</p><p> -38% 0FF </p><p>$24.99 ($4.11 / Fl Oz)</p><a href="https://www.amazon.com/dp/B0012F3HHU?tag=eloabder-20&linkCode=osi&th=1&psc=1">View Product</a></div>
<div class="product"><a href="https://www.amazon.com/dp/B0007ZJ8QU?tag=eloabder-20&linkCode=osi&th=1&psc=1"><img src="https://m.media-amazon.com/images/I/41vTwN7L9NL._SL500_.jpg" alt="Product Image"></a><p>Speedball C-Series Lettering Pen Set - 1 Penholder w/ 6 Nibs</p><p> -8% 0FF </p><p>$11.99</p><a href="https://www.amazon.com/dp/B0007ZJ8QU?tag=eloabder-20&linkCode=osi&th=1&psc=1">View Product</a></div>
<div class="product"><a href="https://www.amazon.com/dp/B000KNNVX0?tag=eloabder-20&linkCode=osi&th=1&psc=1"><img src="https://m.media-amazon.com/images/I/51RAGoN6UsL._SL500_.jpg" alt="Product Image"></a><p>Strathmore STR- 50 Sheet Tape Bound Calligraphy Pad, 8.5 by 11", White</p><p> -26% 0FF </p><p>$6.90</p><a href="https://www.amazon.com/dp/B000KNNVX0?tag=eloabder-20&linkCode=osi&th=1&psc=1">View Product</a></div><div class="product"><a href="https://www.amazon.com/dp/B08X6CSGMK?tag=eloabder-20&linkCode=osi&th=1&psc=1"><img src="https://m.media-amazon.com/images/I/41cuzxFTUkL._SL500_.jpg" alt="Product Image"></a><p>Cotton Deckle Edge Paper Loose Leaf Sheets for Writing Calligraphy, Printing, Scrapbook Crafts, Map, Certificate, Invitation 150 GSM Ivory White-501-5x7-20</p><p> -35% 0FF </p><p>$12.99</p><a href="https://www.amazon.com/dp/B08X6CSGMK?tag=eloabder-20&linkCode=osi&th=1&psc=1">View Product</a></div>
<div class="product"><a href="https://www.amazon.com/dp/B001DKJLEC?tag=eloabder-20&linkCode=osi&th=1&psc=1"><img src="https://m.media-amazon.com/images/I/41T7Ur1AtUL._SL500_.jpg" alt="Product Image"></a><p>Speedball Elegant Writer Calligraphy 4 Marker Set, Black, 2.0 mm, 2.5 mm & 3.0 mm Chisel Nib Tip Pens for Drawing, Journaling, and Scrapbooking</p><p> -17% 0FF </p><p>$9.99 ($2.50 / Count)</p><a href="https://www.amazon.com/dp/B001DKJLEC?tag=eloabder-20&linkCode=osi&th=1&psc=1">View Product</a></div><div class="product"><a href="https://www.amazon.com/dp/B07RF533S7?tag=eloabder-20&linkCode=osi&th=1&psc=1"><img src="https://m.media-amazon.com/images/I/51JgvR-kW9L._SL500_.jpg" alt="Product Image"></a><p>Faber-Castell Calligraphy Pitt Artist Pen Set - 6 Multi Colored Calligraphy Pens</p><p> -41% 0FF </p><p>$14.19</p><a href="https://www.amazon.com/dp/B07RF533S7?tag=eloabder-20&linkCode=osi&th=1&psc=1">View Product</a></div><div class="product"><a href="https://www.amazon.com/dp/B08RYWH185?tag=eloabder-20&linkCode=osi&th=1&psc=1"><img src="https://m.media-amazon.com/images/I/51GFkyfC3iL._SL500_.jpg" alt="Product Image"></a><p>Piochoo Calligraphy Pens,8 Size Calligraphy Pens for Writing,Brush Pens Calligraphy Set for Beginners, Hand Lettering Pens</p><p> -24% 0FF </p><p>$12.99</p><a href="https://www.amazon.com/dp/B08RYWH185?tag=eloabder-20&linkCode=osi&th=1&psc=1">View Product</a></div>
<div class="product"><a href="https://www.amazon.com/dp/B01N5NKSQ3?tag=eloabder-20&linkCode=osi&th=1&psc=1"><img src="https://m.media-amazon.com/images/I/51HdJ6WBmEL._SL500_.jpg" alt="Product Image"></a><p>Mont Marte Calligraphy Set, 32 Piece. Includes Calligraphy Pens, Calligraphy Nibs, Ink Cartridges, Introduction Booklet and Exercise Booklet, Packaging May Vary</p><p> -13% 0FF </p><p>$23.42</p><a href="https://www.amazon.com/dp/B01N5NKSQ3?tag=eloabder-20&linkCode=osi&th=1&psc=1">View Product</a></div><div class="product"><a href="https://www.amazon.com/dp/B093TGXLLD?tag=eloabder-20&linkCode=osi&th=1&psc=1"><img src="https://m.media-amazon.com/images/I/61ZllSpD4FS._SL500_.jpg" alt="Product Image"></a><p>GC QUILL Calligraphy Fountain Pen Set- 7 with Different Nibs and 40 Ink Cartridges for Beginners- MU-09</p><p> -25% 0FF </p><p>$24.89</p><a href="https://www.amazon.com/dp/B093TGXLLD?tag=eloabder-20&linkCode=osi&th=1&psc=1">View Product</a></div><div class="product"><a href="https://www.amazon.com/dp/B0BCVDNPRJ?tag=eloabder-20&linkCode=osi&th=1&psc=1"><img src="https://m.media-amazon.com/images/I/51J-hFN4AeL._SL500_.jpg" alt="Product Image"></a><p>GC QUILL Calligraphy Pens Set 64pcs - Calligraphy Fountain Pen Set with 3 Fountain Pens, 7 Varied Nibs, 54 Ink Cartridges(10 Colors) - Writing, Drawing and Calligraphy Practice for beginner GC-F354</p><p> -35% 0FF </p><p>$23.99</p><a href="https://www.amazon.com/dp/B0BCVDNPRJ?tag=eloabder-20&linkCode=osi&th=1&psc=1">View Product</a></div>
<div class="product"><a href="https://www.amazon.com/dp/B00RK5HERU?tag=eloabder-20&linkCode=osi&th=1&psc=1"><img src="https://m.media-amazon.com/images/I/31XKJDOBVRL._SL500_.jpg" alt="Product Image"></a><p>Pacific Arc Ames Lettering Guide for Lettering, Writing, Architecture, and Drawing</p><p> -26% 0FF </p><p>$5.15</p><a href="https://www.amazon.com/dp/B00RK5HERU?tag=eloabder-20&linkCode=osi&th=1&psc=1">View Product</a></div><div class="product"><a href="https://www.amazon.com/dp/B01M0ERS1V?tag=eloabder-20&linkCode=osi&th=1&psc=1"><img src="https://m.media-amazon.com/images/I/41RPeg4SP7L._SL500_.jpg" alt="Product Image"></a><p>Tombow 56190 Beginner Lettering Set. Includes Essential Tools to Start Hand Lettering</p><p> -51% 0FF </p><p>$7.81</p><a href="https://www.amazon.com/dp/B01M0ERS1V?tag=eloabder-20&linkCode=osi&th=1&psc=1">View Product</a></div>
<div class="product"><a href="https://www.amazon.com/dp/B06Y3T5RV4?tag=eloabder-20&linkCode=osi&th=1&psc=1"><img src="https://m.media-amazon.com/images/I/61yZyP8eZTL._SL500_.jpg" alt="Product Image"></a><p>Candle Dyes for Soy Candle Making - Wax Сolor Dye Color Chips for Soy Wax - 16 Popular Colors Wax Dye Flakes</p><p> -30% 0FF </p><p>$13.99 ($8.74 / Ounce)</p><a href="https://www.amazon.com/dp/B06Y3T5RV4?tag=eloabder-20&linkCode=osi&th=1&psc=1">View Product</a></div><div class="product"><a href="https://www.amazon.com/dp/B08J1D4CN2?tag=eloabder-20&linkCode=osi&th=1&psc=1"><img src="https://m.media-amazon.com/images/I/51xAau3LTLL._SL500_.jpg" alt="Product Image"></a><p>Hearth & Harbor Candle Dye for Soy Candle Making – Candle Color Dye for Soy Wax, 24 Popular Colors Candle Wax Dye Blocks, Nontoxic Candle Dyes for Candle Making, Candle Making Supplies for DIY Candles</p><p> -43% 0FF </p><p>$11.87 ($1.75 / Ounce)</p><a href="https://www.amazon.com/dp/B08J1D4CN2?tag=eloabder-20&linkCode=osi&th=1&psc=1">View Product</a></div><div class="product"><a href="https://www.amazon.com/dp/B0CMCPGLQZ?tag=eloabder-20&linkCode=osi&th=1&psc=1"><img src="https://m.media-amazon.com/images/I/51G9e-Epa0L._SL500_.jpg" alt="Product Image"></a><p>Candle Dye - 12 Colors Wax Melt Dye for Candle Making, Oil-Based Dye for Wax, Highly Concentrate Liquid Candle Color Dye</p><p> -11% 0FF </p><p>$7.99</p><a href="https://www.amazon.com/dp/B0CMCPGLQZ?tag=eloabder-20&linkCode=osi&th=1&psc=1">View Product</a></div>
<div class="product"><a href="https://www.amazon.com/dp/B09ZG8P7ZB?tag=eloabder-20&linkCode=osi&th=1&psc=1"><img src="https://m.media-amazon.com/images/I/51o+EjUxogL._SL500_.jpg" alt="Product Image"></a><p>Hearth & Harbor Soy Candle Wax for Candle Making 10 lb Bag, Premium Natural Soy Wax Flakes, 100 Cotton Candle Wicks, 100 Wick Stickers, & 2 Centering Devices</p><p> -8% 0FF </p><p>$36.99</p><a href="https://www.amazon.com/dp/B09ZG8P7ZB?tag=eloabder-20&linkCode=osi&th=1&psc=1">View Product</a></div><div class="product"><a href="https://www.amazon.com/dp/B0BX2NXZCN?tag=eloabder-20&linkCode=osi&th=1&psc=1"><img src="https://m.media-amazon.com/images/I/51nxdXNpRYL._SL500_.jpg" alt="Product Image"></a><p>Complete Candle Making Kits for Adults Beginners,DIY Candle Making Supplies Include Soy Wax,Wax Melter,Scents,Dyes,Wicks,Wicks Sticker,Candle Tins & More-Full Candle Making Set - Arts & Crafts Kits</p><p> -43% 0FF </p><p>$22.99</p><a href="https://www.amazon.com/dp/B0BX2NXZCN?tag=eloabder-20&linkCode=osi&th=1&psc=1">View Product</a></div><div class="product"><a href="https://www.amazon.com/dp/B09KG8CXJV?tag=eloabder-20&linkCode=osi&th=1&psc=1"><img src="https://m.media-amazon.com/images/I/518SqpeIjbL._SL500_.jpg" alt="Product Image"></a><p>SAEUYVB Candle Making Kit for Adults with Hot Plate, DIY Starter Soy Candle Making Supplies/Kit - Perfect as Home Decorations（Black）</p><p> -13% 0FF </p><p>$54.99</p><a href="https://www.amazon.com/dp/B09KG8CXJV?tag=eloabder-20&linkCode=osi&th=1&psc=1">View Product</a></div><div class="product"><a href="https://www.amazon.com/dp/B09RX3HR32?tag=eloabder-20&linkCode=osi&th=1&psc=1"><img src="https://m.media-amazon.com/images/I/51yOqj55w3L._SL500_.jpg" alt="Product Image"></a><p>FAIRYELF Candle Making Kit with Wax Melter, Complete Candle Making Supplies, Soy Candle Wax Kit for Kids, Beginners, Adults, Including Electronic Stove, Soy Wax, Melting Pot, Rich Scents and Dyes</p><p> -17% 0FF </p><p>$49.99</p><a href="https://www.amazon.com/dp/B09RX3HR32?tag=eloabder-20&linkCode=osi&th=1&psc=1">View Product</a></div>
<div class="product"><a href="https://www.amazon.com/dp/B0CH67W758?tag=eloabder-20&linkCode=osi&th=1&psc=1"><img src="https://m.media-amazon.com/images/I/41jiPzWJO4L._SL500_.jpg" alt="Product Image"></a><p>Diamond Ball Mold Ball Candle Mold Diamond Shape Resin Casting Mold Resin Making Molds Silicone Mold for Candle Home Decorate Mold Candle Making Mold 3D Animal Mold</p><p> -17% 0FF </p><p>$9.99</p><a href="https://www.amazon.com/dp/B0CH67W758?tag=eloabder-20&linkCode=osi&th=1&psc=1">View Product</a></div><div class="product"><a href="https://www.amazon.com/dp/B09P9RFKJF?tag=eloabder-20&linkCode=osi&th=1&psc=1"><img src="https://m.media-amazon.com/images/I/41r1hyLKb7L._SL500_.jpg" alt="Product Image"></a><p>Silicone Candle Molds Set, 4PCS Bubble Candle Molds, Candle Molds for Candle Making, Epoxy Mold for Decor, Soap Making Resin Mold for Handmade Chocolate, Pudding, Clay, Ornament</p><p> -50% 0FF </p><p>$5.99</p><a href="https://www.amazon.com/dp/B09P9RFKJF?tag=eloabder-20&linkCode=osi&th=1&psc=1">View Product</a></div>
<div class="product"><a href="https://www.amazon.com/dp/B015W8DWUO?tag=eloabder-20&linkCode=osi&th=1&psc=1"><img src="https://m.media-amazon.com/images/I/41umHqV4zhL._SL500_.jpg" alt="Product Image"></a><p>EricX Light 100 Piece Cotton Candle Wick 6" Pre-Waxed for Candle Making,Candle DIY</p><p> -34% 0FF </p><p>$5.25</p><a href="https://www.amazon.com/dp/B015W8DWUO?tag=eloabder-20&linkCode=osi&th=1&psc=1">View Product</a></div><div class="product"><a href="https://www.amazon.com/dp/B097D7S6KB?tag=eloabder-20&linkCode=osi&th=1&psc=1"><img src="https://m.media-amazon.com/images/I/41jpnnrDAjL._SL500_.jpg" alt="Product Image"></a><p>CandMak Candle Wick Kit, 60 Cotton Candle Wicks with Candle Making Tools for Candle Making (Thick 4"+6"+8")</p><p> -30% 0FF </p><p>$6.99</p><a href="https://www.amazon.com/dp/B097D7S6KB?tag=eloabder-20&linkCode=osi&th=1&psc=1">View Product</a></div><div class="product"><a href="https://www.amazon.com/dp/B084ZSZQ4T?tag=eloabder-20&linkCode=osi&th=1&psc=1"><img src="https://m.media-amazon.com/images/I/41vLRbXIHhL._SL500_.jpg" alt="Product Image"></a><p>Candle Wick,100 Piece Candle Wicks for Candle Making DIY, 6 Inch Pre-Waxed Cotton Wick with Tabs</p><p> -40% 0FF </p><p>$4.79</p><a href="https://www.amazon.com/dp/B084ZSZQ4T?tag=eloabder-20&linkCode=osi&th=1&psc=1">View Product</a></div><div class="product"><a href="https://www.amazon.com/dp/B08Z334W66?tag=eloabder-20&linkCode=osi&th=1&psc=1"><img src="https://m.media-amazon.com/images/I/51nsfCzAwwL._SL500_.jpg" alt="Product Image"></a><p>DINGPAI 100pcs Cotton Candle Wicks, 6 inches Low Smoke Pre-Waxed Candle Wicks for Candle Making, Candle DIY</p><p> -41% 0FF </p><p>$4.99</p><a href="https://www.amazon.com/dp/B08Z334W66?tag=eloabder-20&linkCode=osi&th=1&psc=1">View Product</a></div>
<div class="product"><a href="https://www.amazon.com/dp/B087CPQ9GW?tag=eloabder-20&linkCode=osi&th=1&psc=1"><img src="https://m.media-amazon.com/images/I/41TL1NEX1NL._SL500_.jpg" alt="Product Image"></a><p>Simetufy Canvas Boards for Painting 52 Pack 8 x 10 Inch Blank Canvas Panels 100% Cotton Canvases Pre-Primed for Acrylic & Oil Paint</p><p> -29% 0FF </p><p>$35.99</p><a href="https://www.amazon.com/dp/B087CPQ9GW?tag=eloabder-20&linkCode=osi&th=1&psc=1">View Product</a></div><div class="product"><a href="https://www.amazon.com/dp/B087F4F5DK?tag=eloabder-20&linkCode=osi&th=1&psc=1"><img src="https://m.media-amazon.com/images/I/41zXOPu42qL._SL500_.jpg" alt="Product Image"></a><p>Simetufy 11 x 14 Inch Canvas Boards for Painting 32 Pack, Pre-Primed Blank Canvases for Painting 100% Cotton Paint Canvas for Acrylic, Oil</p><p> -25% 0FF </p><p>$37.99</p><a href="https://www.amazon.com/dp/B087F4F5DK?tag=eloabder-20&linkCode=osi&th=1&psc=1">View Product</a></div><div class="product"><a href="https://www.amazon.com/dp/B0CFV54VSS?tag=eloabder-20&linkCode=osi&th=1&psc=1"><img src="https://m.media-amazon.com/images/I/518YbprzAiL._SL500_.jpg" alt="Product Image"></a><p>Simetufy 8 Pack 8x10 Inch Canvas Boards for Painting Canvas Panels Painting Canvas-Gesso Primed Acid-Free 100% Cotton Canvases for Acrylics Oil Watercolor Tempera Paints</p><p> -5% 0FF </p><p>$8.99</p><a href="https://www.amazon.com/dp/B0CFV54VSS?tag=eloabder-20&linkCode=osi&th=1&psc=1">View Product</a></div><div class="product"><a href="https://www.amazon.com/dp/B07RT3865J?tag=eloabder-20&linkCode=osi&th=1&psc=1"><img src="https://m.media-amazon.com/images/I/51N9Bt-h3PL._SL500_.jpg" alt="Product Image"></a><p>FIXSMITH Canvas Boards for Painting 5x7 Inch, Super Value 24 Pack Mini Canvases, White Blank Canvas Panels, 100% Cotton Primed, Painting Art Supplies</p><p> -16% 0FF </p><p>$15.99</p><a href="https://www.amazon.com/dp/B07RT3865J?tag=eloabder-20&linkCode=osi&th=1&psc=1">View Product</a></div>
<div class="product"><a href="https://www.amazon.com/dp/B09MCHDSPR?tag=eloabder-20&linkCode=osi&th=1&psc=1"><img src="https://m.media-amazon.com/images/I/41S+37Lx2wL._SL500_.jpg" alt="Product Image"></a><p>100% Natural Cotton 7 oz Canvas Fabric (Duck), 63 Inches Wide X 3 Yards Long</p><p> -23% 0FF </p><p>$29.95</p><a href="https://www.amazon.com/dp/B09MCHDSPR?tag=eloabder-20&linkCode=osi&th=1&psc=1">View Product</a></div>
<div class="product"><a href="https://www.amazon.com/dp/B07D4YF3K4?tag=eloabder-20&linkCode=osi&th=1&psc=1"><img src="https://m.media-amazon.com/images/I/41ffykOOE7L._SL500_.jpg" alt="Product Image"></a><p>Neenah Index Cardstock, 8.5" x 11", 90 lb/163 gsm, White, Lightweight, 94 Brightness, 300 Sheets (91437)</p><p> -34% 0FF </p><p>$12.99</p><a href="https://www.amazon.com/dp/B07D4YF3K4?tag=eloabder-20&linkCode=osi&th=1&psc=1">View Product</a></div><div class="product"><a href="https://www.amazon.com/dp/B00006IDRW?tag=eloabder-20&linkCode=osi&th=1&psc=1"><img src="https://m.media-amazon.com/images/I/412xLv5ae7L._SL500_.jpg" alt="Product Image"></a><p>Neenah Premium Cardstock, 8.5" x 11", 65 lb/176 gsm, Bright White, 250 Sheets (91904)</p><p> -5% 0FF </p><p>$14.29</p><a href="https://www.amazon.com/dp/B00006IDRW?tag=eloabder-20&linkCode=osi&th=1&psc=1">View Product</a></div><div class="product"><a href="https://www.amazon.com/dp/B0CYPPHFV9?tag=eloabder-20&linkCode=osi&th=1&psc=1"><img src="https://m.media-amazon.com/images/I/51IQR4E5R1L._SL500_.jpg" alt="Product Image"></a><p>96 Sheets Colored Cardstock 24 Colors, 8.5x11 Color Cardstock Bulk, 200gsm/75lb Assorted Colors Construction Paper for Printing, Card Making, Die Cutting, Crafts, Scrapbooking, Party Decorations</p><p> -7% 0FF </p><p>$12.99</p><a href="https://www.amazon.com/dp/B0CYPPHFV9?tag=eloabder-20&linkCode=osi&th=1&psc=1">View Product</a></div><div class="product"><a href="https://www.amazon.com/dp/B08DCF5B4P?tag=eloabder-20&linkCode=osi&th=1&psc=1"><img src="https://m.media-amazon.com/images/I/41GRzmuulDL._SL500_.jpg" alt="Product Image"></a><p>Hammermill White Cardstock, 110 Lb, 8.5 x 11 Colored Cardstock, 1 Pack (200 Sheets) - Thick Card Stock, Made in the USA, 168380R</p><p> -38% 0FF </p><p>$13.32</p><a href="https://www.amazon.com/dp/B08DCF5B4P?tag=eloabder-20&linkCode=osi&th=1&psc=1">View Product</a></div><div class="product"><a href="https://www.amazon.com/dp/B0CNVRRWT1?tag=eloabder-20&linkCode=osi&th=1&psc=1"><img src="https://m.media-amazon.com/images/I/31WHKeB3LrL._SL500_.jpg" alt="Product Image"></a><p>BigOtters 27Sheets Black Cardstock Paper 8.5” x 11”, Craft Cardstock Construction Card Stock for Card Making Kids Art Crafts Scrapbooking, School Supplies, 92lb/250gsm</p><p> -43% 0FF </p><p>$3.99</p><a href="https://www.amazon.com/dp/B0CNVRRWT1?tag=eloabder-20&linkCode=osi&th=1&psc=1">View Product</a></div><div class="product"><a href="https://www.amazon.com/dp/B07QNMF4ZP?tag=eloabder-20&linkCode=osi&th=1&psc=1"><img src="https://m.media-amazon.com/images/I/41k97BuiQeL._SL500_.jpg" alt="Product Image"></a><p>Printworks White Cardstock, Standard, 67 lb. Vellum, 92 Bright, 250 sheets, 8.5 x 11, For Office, Home & School Printing, Craft Projects (00564)</p><p> -11% 0FF </p><p>$13.35</p><a href="https://www.amazon.com/dp/B07QNMF4ZP?tag=eloabder-20&linkCode=osi&th=1&psc=1">View Product</a></div>
<div class="product"><a href="https://www.amazon.com/dp/B0CW1LC631?tag=eloabder-20&linkCode=osi&th=1&psc=1"><img src="https://m.media-amazon.com/images/I/51wPMkRVlrL._SL500_.jpg" alt="Product Image"></a><p>Dragon Creek Wood Whittling Kit Complete Whittling Knife Wood Carving Tools Set Wood Carving Knives Kit for Kids Adults Beginners</p><p> -50% 0FF </p><p>$19.49</p><a href="https://www.amazon.com/dp/B0CW1LC631?tag=eloabder-20&linkCode=osi&th=1&psc=1">View Product</a></div>
<div class="product"><a href="https://www.amazon.com/dp/B07TVWD15T?tag=eloabder-20&linkCode=osi&th=1&psc=1"><img src="https://m.media-amazon.com/images/I/51fGMe-HqPL._SL500_.jpg" alt="Product Image"></a><p>AUGSUN Wood Carving Knife Set - 20 PCS Hand Carving Tool Set for DIY Sculpture Carpenter Experts & Beginners</p><p> -6% 0FF </p><p>$14.99</p><a href="https://www.amazon.com/dp/B07TVWD15T?tag=eloabder-20&linkCode=osi&th=1&psc=1">View Product</a></div><div class="product"><a href="https://www.amazon.com/dp/B001UYUVL8?tag=eloabder-20&linkCode=osi&th=1&psc=1"><img src="https://m.media-amazon.com/images/I/51Idf3mdhXL._SL500_.jpg" alt="Product Image"></a><p>FLEXCUT Carving Tools, Micro Palm Craving Set, Set of 4 (FR804)</p><p> -7% 0FF </p><p>$68.94</p><a href="https://www.amazon.com/dp/B001UYUVL8?tag=eloabder-20&linkCode=osi&th=1&psc=1">View Product</a></div><div class="product"><a href="https://www.amazon.com/dp/B0BZ7GMCST?tag=eloabder-20&linkCode=osi&th=1&psc=1"><img src="https://m.media-amazon.com/images/I/413mIJ+ZgrL._SL500_.jpg" alt="Product Image"></a><p>Blisstime 18PCS Clay Sculpting Tools, Basic Clay Pottery Carving Tool Kit with Wooden Handles and Tool Bag</p><p> -40% 0FF </p><p>$11.99</p><a href="https://www.amazon.com/dp/B0BZ7GMCST?tag=eloabder-20&linkCode=osi&th=1&psc=1">View Product</a></div>
<div class="product"><a href="https://www.amazon.com/dp/B09Q612DBG?tag=eloabder-20&linkCode=osi&th=1&psc=1"><img src="https://m.media-amazon.com/images/I/511LJ44qugL._SL500_.jpg" alt="Product Image"></a><p>Teexpert Epoxy Resin Crystal Clear: 64OZ Epoxy Resin kit Fast Curing Heat Resistant for Casting Coating Art DIY Craft Jewelry Wood Table Top Flower Preservation- 2 Part(32OZ Resin and 32OZ Hardener)</p><p> -10% 0FF </p><p>$22.49 ($0.35 / Fl Oz)</p><a href="https://www.amazon.com/dp/B09Q612DBG?tag=eloabder-20&linkCode=osi&th=1&psc=1">View Product</a></div><div class="product"><a href="https://www.amazon.com/dp/B0B2K12XQ8?tag=eloabder-20&linkCode=osi&th=1&psc=1"><img src="https://m.media-amazon.com/images/I/51qEL8qPgCL._SL500_.jpg" alt="Product Image"></a><p>LET'S RESIN 80oz Crystal Clear Casting Resin Kit,Bubbles Free Epoxy Resin Supplies,Clear Resin for Craft,Tumblers,Molds,Jewelry,Resin and Hardener with 6 Mica Powders,Large Silicone Cup</p><p> -42% 0FF </p><p>$36.79 ($0.46 / Ounce)</p><a href="https://www.amazon.com/dp/B0B2K12XQ8?tag=eloabder-20&linkCode=osi&th=1&psc=1">View Product</a></div><div class="product"><a href="https://www.amazon.com/dp/B086L1CDMT?tag=eloabder-20&linkCode=osi&th=1&psc=1"><img src="https://m.media-amazon.com/images/I/41icNRW2NRL._SL500_.jpg" alt="Product Image"></a><p>Epoxy Resin, 32OZ Resin Kit, Epoxy Resin Crystal Clear-Not Yellowing and No Bubble Self Leveling Easy Mix 1:1 Casting & Coating for DIY Jewelry Making of The Art Resin & Epoxy Resin (32oz)</p><p> -10% 0FF </p><p>$15.29</p><a href="https://www.amazon.com/dp/B086L1CDMT?tag=eloabder-20&linkCode=osi&th=1&psc=1">View Product</a></div><div class="product"><a href="https://www.amazon.com/dp/B0BY2PFY62?tag=eloabder-20&linkCode=osi&th=1&psc=1"><img src="https://m.media-amazon.com/images/I/51jY4DbLEVL._SL500_.jpg" alt="Product Image"></a><p>LET'S RESIN Polyurethane Resin, 60oz 2 Part Casting Resin, Fast Cured Resin within 10 Minutes, Ultra Low Viscosity & Low Odor Pourable Liquid Plastic for Casting Models, Prototypes & Other Resin Craft</p><p> -5% 0FF </p><p>$40.99 ($0.68 / Ounce)</p><a href="https://www.amazon.com/dp/B0BY2PFY62?tag=eloabder-20&linkCode=osi&th=1&psc=1">View Product</a></div><div class="product"><a href="https://www.amazon.com/dp/B0CPVCRD93?tag=eloabder-20&linkCode=osi&th=1&psc=1"><img src="https://m.media-amazon.com/images/I/51mBmD2NCqL._SL500_.jpg" alt="Product Image"></a><p>Puduo Epoxy Resin Kit 72OZ，Newly Formulated Crystal Clear Epoxy Resin，Strong, Bubble-Free, Anti-Yellowing Art Resin That，Suitable for Casting, DIY, Resin Art, Molds, Jewelry, Easy to Mix 1:1 Ratio</p><p> -21% 0FF </p><p>$36.99 ($0.51 / Ounce)</p><a href="https://www.amazon.com/dp/B0CPVCRD93?tag=eloabder-20&linkCode=osi&th=1&psc=1">View Product</a></div><div class="product"><a href="https://www.amazon.com/dp/B0B7DZ4YPN?tag=eloabder-20&linkCode=osi&th=1&psc=1"><img src="https://m.media-amazon.com/images/I/51NIBuS801L._SL500_.jpg" alt="Product Image"></a><p>Epoxy Resin 64OZ - Crystal Clear Epoxy Resin Kit - No Yellowing No Bubble Art Resin Casting Resin for Art Crafts, Jewelry Making, Wood & Resin Molds(32OZ x 2)</p><p> -32% 0FF </p><p>$29.99 ($0.47 / Ounce)</p><a href="https://www.amazon.com/dp/B0B7DZ4YPN?tag=eloabder-20&linkCode=osi&th=1&psc=1">View Product</a></div><div class="product"><a href="https://www.amazon.com/dp/B0C1FL6QR3?tag=eloabder-20&linkCode=osi&th=1&psc=1"><img src="https://m.media-amazon.com/images/I/51Lv4KyEb4L._SL500_.jpg" alt="Product Image"></a><p>LET'S RESIN 1 Gallon Casting Epoxy Resin with Pumps, Crystal Clear Epoxy Resin Kit for Beginners, with Ocean White Paste, Color Pigment, for DIY Art, Craft,Jewelry,River Table</p><p> -5% 0FF </p><p>$74.99</p><a href="https://www.amazon.com/dp/B0C1FL6QR3?tag=eloabder-20&linkCode=osi&th=1&psc=1">View Product</a></div><div class="product"><a href="https://www.amazon.com/dp/B08SJ58YBG?tag=eloabder-20&linkCode=osi&th=1&psc=1"><img src="https://m.media-amazon.com/images/I/51vDNE5fyxL._SL500_.jpg" alt="Product Image"></a><p>JDiction Epoxy Resin Clear High Gloss Epoxy Resin, Maximum 1.5 Inch Deep Pour 1 Gallon Casting Resin for Jewelry Making, Table Top, Wood and Mold Crafts</p><p> -35% 0FF </p><p>$47.99 ($0.37 / Fl Oz)</p><a href="https://www.amazon.com/dp/B08SJ58YBG?tag=eloabder-20&linkCode=osi&th=1&psc=1">View Product</a></div>
<div class="product"><a href="https://www.amazon.com/dp/B0021IK626?tag=eloabder-20&linkCode=osi&th=1&psc=1"><img src="https://m.media-amazon.com/images/I/317wgA0GITL._SL500_.jpg" alt="Product Image"></a><p>Winsor & Newton Artist Vine Charcoal Sticks, Soft, Box of 12 Sticks</p><p> -12% 0FF </p><p>$10.56</p><a href="https://www.amazon.com/dp/B0021IK626?tag=eloabder-20&linkCode=osi&th=1&psc=1">View Product</a></div><div class="product"><a href="https://www.amazon.com/dp/B004O7FFR8?tag=eloabder-20&linkCode=osi&th=1&psc=1"><img src="https://m.media-amazon.com/images/I/51JJnYm-n2L._SL500_.jpg" alt="Product Image"></a><p>Strathmore 300 Series Charcoal Paper Pad, Top Wire Bound, 9x12 inches, 32 Sheets (64lb/95g) - Artist Paper for Adults and Students - Charcoal and Pastel</p><p> -28% 0FF </p><p>$7.82</p><a href="https://www.amazon.com/dp/B004O7FFR8?tag=eloabder-20&linkCode=osi&th=1&psc=1">View Product</a></div><div class="product"><a href="https://www.amazon.com/dp/B004XMELLA?tag=eloabder-20&linkCode=osi&th=1&psc=1"><img src="https://m.media-amazon.com/images/I/41wklAOeEwS._SL500_.jpg" alt="Product Image"></a><p>CRETACOLOR Charcoal Powder, 175 gram</p><p> -17% 0FF </p><p>$19.99</p><a href="https://www.amazon.com/dp/B004XMELLA?tag=eloabder-20&linkCode=osi&th=1&psc=1">View Product</a></div>
<div class="product"><a href="https://www.amazon.com/dp/B08MFWBCKT?tag=eloabder-20&linkCode=osi&th=1&psc=1"><img src="https://m.media-amazon.com/images/I/41I3tDQXv9L._SL500_.jpg" alt="Product Image"></a><p>Winsor & Newton Studio Collection, 6 Count, Charcoal Pencils</p><p> -29% 0FF </p><p>$9.99</p><a href="https://www.amazon.com/dp/B08MFWBCKT?tag=eloabder-20&linkCode=osi&th=1&psc=1">View Product</a></div>
<div class="product"><a href="https://www.amazon.com/dp/B001BYK7RA?tag=eloabder-20&linkCode=osi&th=1&psc=1"><img src="https://m.media-amazon.com/images/I/316EZYjc1XL._SL500_.jpg" alt="Product Image"></a><p>Winsor & Newton Artist Vine Charcoal Sticks, Soft, Box of 3 Sticks</p><p> -27% 0FF </p><p>$2.99 ($1.00 / Count)</p><a href="https://www.amazon.com/dp/B001BYK7RA?tag=eloabder-20&linkCode=osi&th=1&psc=1">View Product</a></div><div class="product"><a href="https://www.amazon.com/dp/B08L8JKP72?tag=eloabder-20&linkCode=osi&th=1&psc=1"><img src="https://m.media-amazon.com/images/I/41pXzOgpC8L._SL500_.jpg" alt="Product Image"></a><p>Pacific Arc Compressed Charcoal Sticks Soft 12 Pack for Drawing, Sketching, and Shading</p><p> -24% 0FF </p><p>$9.17</p><a href="https://www.amazon.com/dp/B08L8JKP72?tag=eloabder-20&linkCode=osi&th=1&psc=1">View Product</a></div>
<div class="product"><a href="https://www.amazon.com/dp/B07BYVFMB1?tag=eloabder-20&linkCode=osi&th=1&psc=1"><img src="https://m.media-amazon.com/images/I/31rrg6weNlL._SL500_.jpg" alt="Product Image"></a><p>50 Chipboard Sheets 8.5 x 11 inch - 50pt (point) Heavy Weight Brown Kraft Cardboard for Scrapbooking & Picture Frame Backing (.050 Caliper Thick) Paper Board | MagicWater Supply</p><p> -42% 0FF </p><p>$24.99</p><a href="https://www.amazon.com/dp/B07BYVFMB1?tag=eloabder-20&linkCode=osi&th=1&psc=1">View Product</a></div><div class="product"><a href="https://www.amazon.com/dp/B00161W6L8?tag=eloabder-20&linkCode=osi&th=1&psc=1"><img src="https://m.media-amazon.com/images/I/41MflHlo3JL._SL500_.jpg" alt="Product Image"></a><p>GRAFIX Natural Medium Weight Chipboard Sheets 8.5"X11" 25/Pkg, 8.5"x11"x0.057", Count</p><p> -27% 0FF </p><p>$18.26 ($0.73 / Count)</p><a href="https://www.amazon.com/dp/B00161W6L8?tag=eloabder-20&linkCode=osi&th=1&psc=1">View Product</a></div>
<div class="product"><a href="https://www.amazon.com/dp/B0CG82NVDX?tag=eloabder-20&linkCode=osi&th=1&psc=1"><img src="https://m.media-amazon.com/images/I/41LZLhnqZ2L._SL500_.jpg" alt="Product Image"></a><p>4 Piece Wood Chisel Sets Woodworking Tools Set, Wood Chisels for Woodworking with Steel Hammer End, Wood Tools Chisel Set Woodworking with Ergonomic Plastic Handle, 6mm, 12mm, 18mm, 24mm</p><p> -8% 0FF </p><p>$9.18</p><a href="https://www.amazon.com/dp/B0CG82NVDX?tag=eloabder-20&linkCode=osi&th=1&psc=1">View Product</a></div><div class="product"><a href="https://www.amazon.com/dp/B07GGYNHSQ?tag=eloabder-20&linkCode=osi&th=1&psc=1"><img src="https://m.media-amazon.com/images/I/41jGbSe1quL._SL500_.jpg" alt="Product Image"></a><p>HURRICANE 4 Piece Wood Chisel Set for Woodworking, CR-V Steel Beveled Edge Blade, Durable PVC High Impact Handle Wood Chisel</p><p> -30% 0FF </p><p>$13.99</p><a href="https://www.amazon.com/dp/B07GGYNHSQ?tag=eloabder-20&linkCode=osi&th=1&psc=1">View Product</a></div><div class="product"><a href="https://www.amazon.com/dp/B07WPHDX7L?tag=eloabder-20&linkCode=osi&th=1&psc=1"><img src="https://m.media-amazon.com/images/I/51dts-90AqL._SL500_.jpg" alt="Product Image"></a><p>GREBSTK 9.5in Wood Chisel Set for Woodworking, 4pcs Chrome Vanadium Steel Bevel-Edge Bench Chisels with Cap, Comfortable Beech High Impact Handle, with Oxford Bag</p><p> -25% 0FF </p><p>$14.99</p><a href="https://www.amazon.com/dp/B07WPHDX7L?tag=eloabder-20&linkCode=osi&th=1&psc=1">View Product</a></div>
<div class="product"><a href="https://www.amazon.com/dp/B07DMGLTVZ?tag=eloabder-20&linkCode=osi&th=1&psc=1"><img src="https://m.media-amazon.com/images/I/41UaGK9mQ+L._SL500_.jpg" alt="Product Image"></a><p>Darnell Nehemiah Metal Alloy Sugar Paste Extruder Craft Gun with 20 Tips Sugar Craft Fondant Cake Sculpture Polymer Clay Tool Perfect (Green)</p><p> -14% 0FF </p><p>$5.99</p><a href="https://www.amazon.com/dp/B07DMGLTVZ?tag=eloabder-20&linkCode=osi&th=1&psc=1">View Product</a></div><div class="product"><a href="https://www.amazon.com/dp/B0DDCDZCCV?tag=eloabder-20&linkCode=osi&th=1&psc=1"><img src="https://m.media-amazon.com/images/I/410i1A+6UmL._SL500_.jpg" alt="Product Image"></a><p>ORIISIN Automatic Clay Extruder, Electric Extruder for Polymer Clay & Fondant, Clay Extruder for Pottery, Polymer Clay Extruder with Multiple Disks</p><p> -20% 0FF </p><p>$19.99</p><a href="https://www.amazon.com/dp/B0DDCDZCCV?tag=eloabder-20&linkCode=osi&th=1&psc=1">View Product</a></div><div class="product"><a href="https://www.amazon.com/dp/B0CNH2G6PB?tag=eloabder-20&linkCode=osi&th=1&psc=1"><img src="https://m.media-amazon.com/images/I/51l5sO0abDL._SL500_.jpg" alt="Product Image"></a><p>FVIEXE 2PCS Clay Extruder Tool, Polymer Clay Extruder Kit with 40 Extruder Discs and 40 Clay Cutters, Sugar Paste Fondant Extruder Tool Gun Cake Fondant Decorating Tool Set for Making Craft Border</p><p> -6% 0FF </p><p>$15.99</p><a href="https://www.amazon.com/dp/B0CNH2G6PB?tag=eloabder-20&linkCode=osi&th=1&psc=1">View Product</a></div>
<div class="product"><a href="https://www.amazon.com/dp/B0776SN7Y5?tag=eloabder-20&linkCode=osi&th=1&psc=1"><img src="https://m.media-amazon.com/images/I/41qik78i76L._SL500_.jpg" alt="Product Image"></a><p>RUBFAC Polymer Clay Tools, Clay Tools Kit, 24pcs Clay Sculpting Tools Set with Stylus and Rock Painting Kit - Air Dry Clay Modeling Tools for Pottery and Sculpture</p><p> -25% 0FF </p><p>$8.99</p><a href="https://www.amazon.com/dp/B0776SN7Y5?tag=eloabder-20&linkCode=osi&th=1&psc=1">View Product</a></div>
<div class="product"><a href="https://www.amazon.com/dp/B00T5LIRFU?tag=eloabder-20&linkCode=osi&th=1&psc=1"><img src="https://m.media-amazon.com/images/I/41HLrbxWYNL._SL500_.jpg" alt="Product Image"></a><p>Sculpey Tools Clay Conditioning Pasta Machine, polymer oven-bake clay tool, 9 thickness settings, includes clamp and hand crank, great for all skill levels and craft projects</p><p> -23% 0FF </p><p>$39.44</p><a href="https://www.amazon.com/dp/B00T5LIRFU?tag=eloabder-20&linkCode=osi&th=1&psc=1">View Product</a></div>
<div class="product"><a href="https://www.amazon.com/dp/B0D473MKHZ?tag=eloabder-20&linkCode=osi&th=1&psc=1"><img src="https://m.media-amazon.com/images/I/41GZeErV9FL._SL500_.jpg" alt="Product Image"></a><p>JRKOO Clay Tools Kit,28 PCS Pottery Tools,Polymer Clay Tools,Air Dry Clay Tools Set for Kids, Adults,Pottery Craft,Drawing,Dotting,Carving,Molding,Baking,Modeling,Shaping</p><p> -25% 0FF </p><p>$7.49</p><a href="https://www.amazon.com/dp/B0D473MKHZ?tag=eloabder-20&linkCode=osi&th=1&psc=1">View Product</a></div>
<div class="product"><a href="https://www.amazon.com/dp/B06XG9XHCG?tag=eloabder-20&linkCode=osi&th=1&psc=1"><img src="https://m.media-amazon.com/images/I/51deqHG5MFL._SL500_.jpg" alt="Product Image"></a><p>ARTEZA Pottery & Polymer Clay Tools, 42-Piece Sculpting Set, Steel Tip Pottery Tools with Wooden Handles, Craft Kit for Pottery Modeling, Carving</p><p> -34% 0FF </p><p>$29.39 ($0.70 / Count)</p><a href="https://www.amazon.com/dp/B06XG9XHCG?tag=eloabder-20&linkCode=osi&th=1&psc=1">View Product</a></div>
<div class="product"><a href="https://www.amazon.com/dp/B07KBZQN2F?tag=eloabder-20&linkCode=osi&th=1&psc=1"><img src="https://m.media-amazon.com/images/I/41Or4t3NbSL._SL500_.jpg" alt="Product Image"></a><p>Artlicious Drawing Board - 13 x 17 Sketch Boards with Handle for Drafting Art - Portable Wooden Clipboard for Class or Studio Fit in Artists Tote</p><p> -12% 0FF </p><p>$16.25</p><a href="https://www.amazon.com/dp/B07KBZQN2F?tag=eloabder-20&linkCode=osi&th=1&psc=1">View Product</a></div><div class="product"><a href="https://www.amazon.com/dp/B096DGLQRK?tag=eloabder-20&linkCode=osi&th=1&psc=1"><img src="https://m.media-amazon.com/images/I/31tsJJ2gVUL._SL500_.jpg" alt="Product Image"></a><p>2-Pack Artist's Drawing Sketch Boards, Large Art Clipboards with Left-Side Handle Holes and Paper Retaining Rubber Bands, Portable Drafting Boards for Home, Office, Studio, and Field (13x17 in)</p><p> -30% 0FF </p><p>$13.99</p><a href="https://www.amazon.com/dp/B096DGLQRK?tag=eloabder-20&linkCode=osi&th=1&psc=1">View Product</a></div><div class="product"><a href="https://www.amazon.com/dp/B0027AAMSG?tag=eloabder-20&linkCode=osi&th=1&psc=1"><img src="https://m.media-amazon.com/images/I/31fE-qZkGQL._SL500_.jpg" alt="Product Image"></a><p>Art Advantage Artist Sketch Tote Board 23x26, Drawing Board, Art Board, Painting Board, Masonite Board, Hardboard, Paint Board, Sketch Board, Drawing Boards for Artists</p><p> -11% 0FF </p><p>$26.69</p><a href="https://www.amazon.com/dp/B0027AAMSG?tag=eloabder-20&linkCode=osi&th=1&psc=1">View Product</a></div><div class="product"><a href="https://www.amazon.com/dp/B08PBD8JZH?tag=eloabder-20&linkCode=osi&th=1&psc=1"><img src="https://m.media-amazon.com/images/I/411Zn2OP2YL._SL500_.jpg" alt="Product Image"></a><p>Artist Sketch Board, 8K Wooden Water Proof Sketching Clipboard Student Travel Art Drawing Writing Board with Metal Clip for Classroom Studio or Field Use</p><p> -5% 0FF </p><p>$13.10</p><a href="https://www.amazon.com/dp/B08PBD8JZH?tag=eloabder-20&linkCode=osi&th=1&psc=1">View Product</a></div><div class="product"><a href="https://www.amazon.com/dp/B096DNF5LW?tag=eloabder-20&linkCode=osi&th=1&psc=1"><img src="https://m.media-amazon.com/images/I/41WTiS7xFZL._SL500_.jpg" alt="Product Image"></a><p>Bright Creations 2-Pack Artist's Drawing Sketch Boards, Large Art Clipboard with Left-Side Handle Holes & Paper Holding Rubber Bands, Portable Drafting Boards for Home, Office, Studio, Field(18x18")</p><p> -16% 0FF </p><p>$26.99</p><a href="https://www.amazon.com/dp/B096DNF5LW?tag=eloabder-20&linkCode=osi&th=1&psc=1">View Product</a></div>
<div class="product"><a href="https://www.amazon.com/dp/B07H6JWKCK?tag=eloabder-20&linkCode=osi&th=1&psc=1"><img src="https://m.media-amazon.com/images/I/41o0NPLKJtL._SL500_.jpg" alt="Product Image"></a><p>LWR CRAFTS Jute Cord Twine 1.5mm 90ft Natural for Mini Clothespins</p><p> -13% 0FF </p><p>$3.49 ($0.04 / Foot)</p><a href="https://www.amazon.com/dp/B07H6JWKCK?tag=eloabder-20&linkCode=osi&th=1&psc=1">View Product</a></div><div class="product"><a href="https://www.amazon.com/dp/B08GM954K3?tag=eloabder-20&linkCode=osi&th=1&psc=1"><img src="https://m.media-amazon.com/images/I/51HzWiyDe7L._SL500_.jpg" alt="Product Image"></a><p>Wenrook 300 Pack Safety Pins Assorted, 4 Different Sizes, Strong Nickel Plated Steel, Safety Pins for Clothes, Crafts, Pinning and More</p><p> -28% 0FF </p><p>$5.79 ($0.02 / Count)</p><a href="https://www.amazon.com/dp/B08GM954K3?tag=eloabder-20&linkCode=osi&th=1&psc=1">View Product</a></div><div class="product"><a href="https://www.amazon.com/dp/B0BHVGYVJJ?tag=eloabder-20&linkCode=osi&th=1&psc=1"><img src="https://m.media-amazon.com/images/I/4169Jf5yW0L._SL500_.jpg" alt="Product Image"></a><p>Sewing clips for fabric and quilting,WENICE 40pcs embroidery clips of sewing products for sewing supplies and accessories</p><p> -36% 0FF </p><p>$4.49</p><a href="https://www.amazon.com/dp/B0BHVGYVJJ?tag=eloabder-20&linkCode=osi&th=1&psc=1">View Product</a></div>
<div class="product"><a href="https://www.amazon.com/dp/B0BHYGM2XG?tag=eloabder-20&linkCode=osi&th=1&psc=1"><img src="https://m.media-amazon.com/images/I/51D88wLFFAL._SL500_.jpg" alt="Product Image"></a><p>KALOUR 72 Count Colored Pencils for Adult Coloring Books, Soft Core,Ideal for Drawing Blending Shading,Color Pencils Set Gift for Adults Kids Beginners</p><p> -40% 0FF </p><p>$11.99</p><a href="https://www.amazon.com/dp/B0BHYGM2XG?tag=eloabder-20&linkCode=osi&th=1&psc=1">View Product</a></div><div class="product"><a href="https://www.amazon.com/dp/B0CCJ8K7BG?tag=eloabder-20&linkCode=osi&th=1&psc=1"><img src="https://m.media-amazon.com/images/I/51+YRjtIYnL._SL500_.jpg" alt="Product Image"></a><p>HIFORNY 125 Pack Colored Pencils Set for Adult Coloring,120 Colors Coloring Pencils with Extras,Drawing Pencils Art Craft Supplies for Adults Beginners</p><p> -26% 0FF </p><p>$13.29</p><a href="https://www.amazon.com/dp/B0CCJ8K7BG?tag=eloabder-20&linkCode=osi&th=1&psc=1">View Product</a></div><div class="product"><a href="https://www.amazon.com/dp/B09FJN5R5C?tag=eloabder-20&linkCode=osi&th=1&psc=1"><img src="https://m.media-amazon.com/images/I/51HNg7VkaPL._SL500_.jpg" alt="Product Image"></a><p>PRINA Art Supplies 120 Colors Colored Pencils Set for Adults Coloring Books with Sketchbook, Professional Vibrant Artists Coloring Pencils for Drawing Sketching Blending Shading, Soft Core Oil Based</p><p> -10% 0FF </p><p>$27.99</p><a href="https://www.amazon.com/dp/B09FJN5R5C?tag=eloabder-20&linkCode=osi&th=1&psc=1">View Product</a></div><div class="product"><a href="https://www.amazon.com/dp/B0B8MFGW36?tag=eloabder-20&linkCode=osi&th=1&psc=1"><img src="https://m.media-amazon.com/images/I/51umBJsfZDL._SL500_.jpg" alt="Product Image"></a><p>KALOUR Premium Colored Pencils,Set of 120 Colors,Artists Soft Core with Vibrant Color,Ideal for Drawing Sketching Shading,Coloring Pencils for Adults Beginners kids</p><p> -17% 0FF </p><p>$24.99</p><a href="https://www.amazon.com/dp/B0B8MFGW36?tag=eloabder-20&linkCode=osi&th=1&psc=1">View Product</a></div><div class="product"><a href="https://www.amazon.com/dp/B06ZZNF7GS?tag=eloabder-20&linkCode=osi&th=1&psc=1"><img src="https://m.media-amazon.com/images/I/51yeXw2QRdL._SL500_.jpg" alt="Product Image"></a><p>Castle Art Supplies 72 Colored Pencils Set | Quality Soft Core Colored Leads for Adult Artists, Professionals and Colorists | Protected and Organized in Presentation Tin Box</p><p> -35% 0FF </p><p>$36.98</p><a href="https://www.amazon.com/dp/B06ZZNF7GS?tag=eloabder-20&linkCode=osi&th=1&psc=1">View Product</a></div><div class="product"><a href="https://www.amazon.com/dp/B005O2ZU68?tag=eloabder-20&linkCode=osi&th=1&psc=1"><img src="https://m.media-amazon.com/images/I/51iZ-dj8GBL._SL500_.jpg" alt="Product Image"></a><p>Prismacolor Premier Colored Pencils, Soft Core, 150 Count, Lightfast, Ultra-smooth, Adult Coloring Books</p><p> -7% 0FF </p><p>$139.99</p><a href="https://www.amazon.com/dp/B005O2ZU68?tag=eloabder-20&linkCode=osi&th=1&psc=1">View Product</a></div>
<div class="product"><a href="https://www.amazon.com/dp/B004BN9U30?tag=eloabder-20&linkCode=osi&th=1&psc=1"><img src="https://m.media-amazon.com/images/I/51r8f-9WzoL._SL500_.jpg" alt="Product Image"></a><p>ACTIVA Decor Sand, 5-Pound, Light Blue,4555</p><p> -13% 0FF </p><p>$20.30 ($0.25 / Ounce)</p><a href="https://www.amazon.com/dp/B004BN9U30?tag=eloabder-20&linkCode=osi&th=1&psc=1">View Product</a></div>
<div class="product"><a href="https://www.amazon.com/dp/B076TT3TYN?tag=eloabder-20&linkCode=osi&th=1&psc=1"><img src="https://m.media-amazon.com/images/I/614S+VRElYL._SL500_.jpg" alt="Product Image"></a><p>Embroidery Floss Rainbow Color 50 Skeins Per Pack Cross Stitch Threads Friendship Bracelets Floss Crafts Floss</p><p> -60% 0FF </p><p>$5.97 ($0.00 / Foot)</p><a href="https://www.amazon.com/dp/B076TT3TYN?tag=eloabder-20&linkCode=osi&th=1&psc=1">View Product</a></div><div class="product"><a href="https://www.amazon.com/dp/B06XRF1LCM?tag=eloabder-20&linkCode=osi&th=1&psc=1"><img src="https://m.media-amazon.com/images/I/51HOGqvHonS._SL500_.jpg" alt="Product Image"></a><p>CiaraQ Sewing Threads Kits, 30 Colors Polyester 250 Yards Per Spools for Hand Sewing & Embroidery</p><p> -47% 0FF </p><p>$8.99 ($0.00 / Foot)</p><a href="https://www.amazon.com/dp/B06XRF1LCM?tag=eloabder-20&linkCode=osi&th=1&psc=1">View Product</a></div><div class="product"><a href="https://www.amazon.com/dp/B002KASKRS?tag=eloabder-20&linkCode=osi&th=1&psc=1"><img src="https://m.media-amazon.com/images/I/51GVfmIT-kL._SL500_.jpg" alt="Product Image"></a><p>Singer 264 Polyester Thread, Assorted Colors, 24 Spools</p><p> -31% 0FF </p><p>$2.69 ($0.00 / Foot)</p><a href="https://www.amazon.com/dp/B002KASKRS?tag=eloabder-20&linkCode=osi&th=1&psc=1">View Product</a></div>
<div class="product"><a href="https://www.amazon.com/dp/B0868M9MFP?tag=eloabder-20&linkCode=osi&th=1&psc=1"><img src="https://m.media-amazon.com/images/I/41MathwPKuL._SL500_.jpg" alt="Product Image"></a><p>Simetufy 360 Sheets 36 Multicolor Tissue Paper Bulk Gift Wrapping Tissue Paper Decorative Art Rainbow Tissue Paper 11.5in x 8in for Art Craft Floral Birthday Party Festival Tissue Paper Pom Pom</p><p> -38% 0FF </p><p>$7.99 ($0.02 / Count)</p><a href="https://www.amazon.com/dp/B0868M9MFP?tag=eloabder-20&linkCode=osi&th=1&psc=1">View Product</a></div><div class="product"><a href="https://www.amazon.com/dp/B0B9SF3Y4D?tag=eloabder-20&linkCode=osi&th=1&psc=1"><img src="https://m.media-amazon.com/images/I/419aeFWjtAL._SL500_.jpg" alt="Product Image"></a><p>Simetufy 60 Sheets Tissue Paper for Gift Bags, 10 Bold Colored Tissue Paper for Crafts, Art Tissue Paper Bulk, Gift Tissue Paper 20 x 20 Inch</p><p> -7% 0FF </p><p>$6.49 ($0.65 / Count)</p><a href="https://www.amazon.com/dp/B0B9SF3Y4D?tag=eloabder-20&linkCode=osi&th=1&psc=1">View Product</a></div><div class="product"><a href="https://www.amazon.com/dp/B0C8SYQJS1?tag=eloabder-20&linkCode=osi&th=1&psc=1"><img src="https://m.media-amazon.com/images/I/41gbdOrx9cL._SL500_.jpg" alt="Product Image"></a><p>VGOODALL 450 Sheets Multicolor Tissue Paper, Gift Wrapping Paper 11.5x8 Inch Craft Tissue Paper for Holiday Birthday Gift Wrapping DIY Project 40 Assorted Colors</p><p> -44% 0FF </p><p>$4.99 ($0.01 / Count)</p><a href="https://www.amazon.com/dp/B0C8SYQJS1?tag=eloabder-20&linkCode=osi&th=1&psc=1">View Product</a></div><div class="product"><a href="https://www.amazon.com/dp/B0CSG6Q67Y?tag=eloabder-20&linkCode=osi&th=1&psc=1"><img src="https://m.media-amazon.com/images/I/417iKgFw8BL._SL500_.jpg" alt="Product Image"></a><p>Longerse Colored Tissue Paper for Gift Bags,60 Sheets Art Tissue Paper Bulk,20”x20” Tissue Paper for Gift Wrapping,Gift Decoration,Art and DIY (Colorful)</p><p> -60% 0FF </p><p>$3.99 ($0.07 / Count)</p><a href="https://www.amazon.com/dp/B0CSG6Q67Y?tag=eloabder-20&linkCode=osi&th=1&psc=1">View Product</a></div><div class="product"><a href="https://www.amazon.com/dp/B08PP63JVH?tag=eloabder-20&linkCode=osi&th=1&psc=1"><img src="https://m.media-amazon.com/images/I/51Z1SH4GpyL._SL500_.jpg" alt="Product Image"></a><p>KESOTE Colored Tissue Paper for Gift Bags Crafts, 14" x 20" Tissue Paper Bulk 100 Sheets Gift Paper Tissue for Packaging - 20 Colors</p><p> -11% 0FF </p><p>$7.99 ($0.08 / Count)</p><a href="https://www.amazon.com/dp/B08PP63JVH?tag=eloabder-20&linkCode=osi&th=1&psc=1">View Product</a></div>
<div class="product"><a href="https://www.amazon.com/dp/B0CGR8W9QL?tag=eloabder-20&linkCode=osi&th=1&psc=1"><img src="https://m.media-amazon.com/images/I/51Zzm+7K6CL._SL500_.jpg" alt="Product Image"></a><p>Beautiful Adult Coloring Book Set of 2 for Relaxation - Gratitude and Mindfulness Books with Inspirational Quotes Making it a Great Gift - Perfect Stress-Relieving Books Fun to Color for Women</p><p> -10% 0FF </p><p>$11.69 ($5.84 / Count)</p><a href="https://www.amazon.com/dp/B0CGR8W9QL?tag=eloabder-20&linkCode=osi&th=1&psc=1">View Product</a></div><div class="product"><a href="https://www.amazon.com/dp/B01ELWWX98?tag=eloabder-20&linkCode=osi&th=1&psc=1"><img src="https://m.media-amazon.com/images/I/51g67GhksOL._SL500_.jpg" alt="Product Image"></a><p>Maybe Swearing Will Help Adult Coloring Book Set - for Adults Relaxation with Markers in a Case - Motivational Swear Word Anxiety Relief - Color Cuss & Laugh Your Way to Less Stress</p><p> -13% 0FF </p><p>$24.99</p><a href="https://www.amazon.com/dp/B01ELWWX98?tag=eloabder-20&linkCode=osi&th=1&psc=1">View Product</a></div><div class="product"><a href="https://www.amazon.com/dp/B0828BM6PW?tag=eloabder-20&linkCode=osi&th=1&psc=1"><img src="https://m.media-amazon.com/images/I/61rJ0ivLQ0L._SL500_.jpg" alt="Product Image"></a><p>ARTEZA Adult Coloring Book, Doodle Designs, 72 Sheets, 6.4x6.4 Inches Coloring Pages, 100 lb Paper</p><p> -43% 0FF </p><p>$7.40</p><a href="https://www.amazon.com/dp/B0828BM6PW?tag=eloabder-20&linkCode=osi&th=1&psc=1">View Product</a></div><div class="product"><a href="https://www.amazon.com/dp/B09NB2GZTD?tag=eloabder-20&linkCode=osi&th=1&psc=1"><img src="https://m.media-amazon.com/images/I/51FROdttEnL._SL500_.jpg" alt="Product Image"></a><p>RYVE Adult Coloring Book for Women - Mindfulness Coloring Book with Personal Growth Prompts - Coloring Book for Adults Relaxation, Coloring Book Adult, Mindfulness Gifts, Relaxation Gifts for Women</p><p> -35% 0FF </p><p>$12.95</p><a href="https://www.amazon.com/dp/B09NB2GZTD?tag=eloabder-20&linkCode=osi&th=1&psc=1">View Product</a></div><div class="product"><a href="https://www.amazon.com/dp/B07P57M4ZR?tag=eloabder-20&linkCode=osi&th=1&psc=1"><img src="https://m.media-amazon.com/images/I/6101oGV4dKL._SL500_.jpg" alt="Product Image"></a><p>Adult Coloring Book Bundle with 10 Deluxe Coloring Books for Adults and Teens (Over 250 Stress Relieving Patterns).</p><p> -6% 0FF </p><p>$16.96</p><a href="https://www.amazon.com/dp/B07P57M4ZR?tag=eloabder-20&linkCode=osi&th=1&psc=1">View Product</a></div>
<div class="product"><a href="https://www.amazon.com/dp/B0BWH7CWFW?tag=eloabder-20&linkCode=osi&th=1&psc=1"><img src="https://m.media-amazon.com/images/I/51jUg2AkDyL._SL500_.jpg" alt="Product Image"></a><p>AnyMark 60 Colors Alcohol Markers, Markers Set, Dual Tip Alcohol Based Art Markers for Kids Adults Coloring Drawing, Chisel & Fine</p><p> -15% 0FF </p><p>$16.99 ($0.28 / Count)</p><a href="https://www.amazon.com/dp/B0BWH7CWFW?tag=eloabder-20&linkCode=osi&th=1&psc=1">View Product</a></div><div class="product"><a href="https://www.amazon.com/dp/B09SG83ZZG?tag=eloabder-20&linkCode=osi&th=1&psc=1"><img src="https://m.media-amazon.com/images/I/51Qb5KktWiL._SL500_.jpg" alt="Product Image"></a><p>Sunacme Art Supplier Dual Brush Markers Pens, 110 Artist Coloring Marker Set, Fineliner & Brush Tip Pen with Premium Case for Adults Coloring Books & Kids Journal, Drawing, Doodlin</p><p> -14% 0FF </p><p>$29.99</p><a href="https://www.amazon.com/dp/B09SG83ZZG?tag=eloabder-20&linkCode=osi&th=1&psc=1">View Product</a></div><div class="product"><a href="https://www.amazon.com/dp/B075WQPKNK?tag=eloabder-20&linkCode=osi&th=1&psc=1"><img src="https://m.media-amazon.com/images/I/51EOXvmdwnL._SL500_.jpg" alt="Product Image"></a><p>Dual Brush Marker Pens for Coloring Books, Tanmit Fine Tip Coloring Marker & Brush Pen Set for Journaling Note Taking Writing Planning Art Project</p><p> -29% 0FF </p><p>$9.97</p><a href="https://www.amazon.com/dp/B075WQPKNK?tag=eloabder-20&linkCode=osi&th=1&psc=1">View Product</a></div><div class="product"><a href="https://www.amazon.com/dp/B0CMLFSJ32?tag=eloabder-20&linkCode=osi&th=1&psc=1"><img src="https://m.media-amazon.com/images/I/51tOlopoSsL._SL500_.jpg" alt="Product Image"></a><p>TOSHARE Double Brush Marker Pens, 72 Colors Art Markers Set with Fine Tip and Brush Tip for Kids Adult Coloring Book Hand Lettering Calligraphy Drawing Art Supplies Kit</p><p> -43% 0FF </p><p>$16.99</p><a href="https://www.amazon.com/dp/B0CMLFSJ32?tag=eloabder-20&linkCode=osi&th=1&psc=1">View Product</a></div>
<div class="product"><a href="https://www.amazon.com/dp/B011KGGTYI?tag=eloabder-20&linkCode=osi&th=1&psc=1"><img src="https://m.media-amazon.com/images/I/5132ds0q8dL._SL500_.jpg" alt="Product Image"></a><p>Prang (Formerly Art Street) Construction Paper, 10 Assorted Colors, Standard Weight, 9" x 12", 500 Sheets</p><p> -39% 0FF </p><p>$11.88</p><a href="https://www.amazon.com/dp/B011KGGTYI?tag=eloabder-20&linkCode=osi&th=1&psc=1">View Product</a></div><div class="product"><a href="https://www.amazon.com/dp/B00JKHFR2K?tag=eloabder-20&linkCode=osi&th=1&psc=1"><img src="https://m.media-amazon.com/images/I/31-VtYKPhLL._SL500_.jpg" alt="Product Image"></a><p>Childcraft Construction Paper, 9 x 12 Inches, Assorted Colors, 500 Sheets - 1465886</p><p> -12% 0FF </p><p>$14.02 ($0.03 / Count)</p><a href="https://www.amazon.com/dp/B00JKHFR2K?tag=eloabder-20&linkCode=osi&th=1&psc=1">View Product</a></div><div class="product"><a href="https://www.amazon.com/dp/B0044O9S9M?tag=eloabder-20&linkCode=osi&th=1&psc=1"><img src="https://m.media-amazon.com/images/I/51LYJXeYUuL._SL500_.jpg" alt="Product Image"></a><p>Crayola 9" x 12" 8-Assorted Color Construction Paper - 96/Pack</p><p> -7% 0FF </p><p>$7.53 ($0.08 / Count)</p><a href="https://www.amazon.com/dp/B0044O9S9M?tag=eloabder-20&linkCode=osi&th=1&psc=1">View Product</a></div><div class="product"><a href="https://www.amazon.com/dp/B07RPBV5QV?tag=eloabder-20&linkCode=osi&th=1&psc=1"><img src="https://m.media-amazon.com/images/I/31NYvEA9UbL._SL500_.jpg" alt="Product Image"></a><p>Colorations Construction Paper, Classroom Art Supplies, 9" x 12" Craft Paper 2200 Sheet Pack, Heavyweight Construction Paper, Bulk Packs, Assorted Colors, Drawing, Coloring, Painting, School Supplies</p><p> -7% 0FF </p><p>$82.99 ($0.04 / Count)</p><a href="https://www.amazon.com/dp/B07RPBV5QV?tag=eloabder-20&linkCode=osi&th=1&psc=1">View Product</a></div><div class="product"><a href="https://www.amazon.com/dp/B0017OHG1O?tag=eloabder-20&linkCode=osi&th=1&psc=1"><img src="https://m.media-amazon.com/images/I/21ulYe3YW0L._SL500_.jpg" alt="Product Image"></a><p>Prang (Formerly SunWorks) Construction Paper, White, 9" x 12", 100 Sheets</p><p> -11% 0FF </p><p>$4.27</p><a href="https://www.amazon.com/dp/B0017OHG1O?tag=eloabder-20&linkCode=osi&th=1&psc=1">View Product</a></div>
<div class="product"><a href="https://www.amazon.com/dp/B07VPLN92N?tag=eloabder-20&linkCode=osi&th=1&psc=1"><img src="https://m.media-amazon.com/images/I/419sJC3gTyS._SL500_.jpg" alt="Product Image"></a><p>Colorations® Geo Shapes Dough Cutters and Rolling Pin, Set of 9, 8 different Shapes & the Roller, Use with Dough, Dough Cutter Shapes, Great Starter Set for using Dough, Learn About Shapes</p><p> -41% 0FF </p><p>$7.49</p><a href="https://www.amazon.com/dp/B07VPLN92N?tag=eloabder-20&linkCode=osi&th=1&psc=1">View Product</a></div><div class="product"><a href="https://www.amazon.com/dp/B07JG76SSJ?tag=eloabder-20&linkCode=osi&th=1&psc=1"><img src="https://m.media-amazon.com/images/I/41AXTn1lZjL._SL500_.jpg" alt="Product Image"></a><p>Wilton Plastic Cookie Cutters Gift Boxed 10/Pkg, Christmas</p><p> -23% 0FF </p><p>$9.99</p><a href="https://www.amazon.com/dp/B07JG76SSJ?tag=eloabder-20&linkCode=osi&th=1&psc=1">View Product</a></div><div class="product"><a href="https://www.amazon.com/dp/B0D95TVN4T?tag=eloabder-20&linkCode=osi&th=1&psc=1"><img src="https://m.media-amazon.com/images/I/51tcz-zfq1L._SL500_.jpg" alt="Product Image"></a><p>KEOKER Halloween Polymer Clay Cutters, 12 Shapes Polymer Clay Cutters Halloween, Halloween Clay Cutters for Polymer Clay Jewelry, Halloween Clay Cutters for Earrings, Polymer Clay Halloween Cutters</p><p> -6% 0FF </p><p>$15.99</p><a href="https://www.amazon.com/dp/B0D95TVN4T?tag=eloabder-20&linkCode=osi&th=1&psc=1">View Product</a></div>
<div class="product"><a href="https://www.amazon.com/dp/B01MR5DSCM?tag=eloabder-20&linkCode=osi&th=1&psc=1"><img src="https://m.media-amazon.com/images/I/41TXQrK84SL._SL500_.jpg" alt="Product Image"></a><p>Zehhe Copper Foil Tape with Double-Sided Conductive - EMI Shielding,Stained Glass,Soldering,Electrical Repairs,Paper Circuits,Grounding (1/4inch)</p><p> -16% 0FF </p><p>$5.88 ($0.09 / Foot)</p><a href="https://www.amazon.com/dp/B01MR5DSCM?tag=eloabder-20&linkCode=osi&th=1&psc=1">View Product</a></div><div class="product"><a href="https://www.amazon.com/dp/B00WVKO1LG?tag=eloabder-20&linkCode=osi&th=1&psc=1"><img src="https://m.media-amazon.com/images/I/31J15yH0QGL._SL500_.jpg" alt="Product Image"></a><p>K&S 6020 Metallic Copper Crafting Foil, 0.005" Thick x 12" Width x 30" Long, 1 Piece, Made in The USA</p><p> -22% 0FF </p><p>$14.89</p><a href="https://www.amazon.com/dp/B00WVKO1LG?tag=eloabder-20&linkCode=osi&th=1&psc=1">View Product</a></div><div class="product"><a href="https://www.amazon.com/dp/B01MPYH5EQ?tag=eloabder-20&linkCode=osi&th=1&psc=1"><img src="https://m.media-amazon.com/images/I/51DowmFlktL._SL500_.jpg" alt="Product Image"></a><p>7/32" Edco Silver Backed Foil - 1.0 Mil</p><p> -15% 0FF </p><p>$15.49</p><a href="https://www.amazon.com/dp/B01MPYH5EQ?tag=eloabder-20&linkCode=osi&th=1&psc=1">View Product</a></div><div class="product"><a href="https://www.amazon.com/dp/B000VGRVSC?tag=eloabder-20&linkCode=osi&th=1&psc=1"><img src="https://m.media-amazon.com/images/I/51fDxB9va0L._SL500_.jpg" alt="Product Image"></a><p>Studio Pro 7/32-Inch Black Lined Copper Foil</p><p> -27% 0FF </p><p>$10.99</p><a href="https://www.amazon.com/dp/B000VGRVSC?tag=eloabder-20&linkCode=osi&th=1&psc=1">View Product</a></div>
<div class="product"><a href="https://www.amazon.com/dp/B08ZMVBT4F?tag=eloabder-20&linkCode=osi&th=1&psc=1"><img src="https://m.media-amazon.com/images/I/51nhj8aUk3L._SL500_.jpg" alt="Product Image"></a><p>NOANTA Natural Macrame Cord 3mm x 109Yards, Beige Macrame Rope, Cotton Cord for Wall Hanging, Plant Hangers, Christmas Crafts, Knitting</p><p> -50% 0FF </p><p>$4.99 ($0.02 / Foot)</p><a href="https://www.amazon.com/dp/B08ZMVBT4F?tag=eloabder-20&linkCode=osi&th=1&psc=1">View Product</a></div><div class="product"><a href="https://www.amazon.com/dp/B08YJBQ7WZ?tag=eloabder-20&linkCode=osi&th=1&psc=1"><img src="https://m.media-amazon.com/images/I/51MPyR+wDWL._SL500_.jpg" alt="Product Image"></a><p>45 Color Options Macrame Cord 2mm/3mm/4mm/5mm/6mmx109 Yards Cotton Cord, 4 Ply Twisted Yarn, Natural Perfect Supplies DIY Crafts (Natural White)</p><p> -29% 0FF </p><p>$4.98 ($0.02 / Foot)</p><a href="https://www.amazon.com/dp/B08YJBQ7WZ?tag=eloabder-20&linkCode=osi&th=1&psc=1">View Product</a></div><div class="product"><a href="https://www.amazon.com/dp/B08PZ2VDPM?tag=eloabder-20&linkCode=osi&th=1&psc=1"><img src="https://m.media-amazon.com/images/I/51DQgq3cfXL._SL500_.jpg" alt="Product Image"></a><p>Tenn Well Nylon Satin Cord, 295 Feet 2mm Black Nylon String for Jewelry Making, Silky Rattail Cord for Bracelets, Necklaces, Macrame Keychains, Lanyards, Beading</p><p> -33% 0FF </p><p>$7.99 ($0.03 / Foot)</p><a href="https://www.amazon.com/dp/B08PZ2VDPM?tag=eloabder-20&linkCode=osi&th=1&psc=1">View Product</a></div><div class="product"><a href="https://www.amazon.com/dp/B08GXFQ2ZZ?tag=eloabder-20&linkCode=osi&th=1&psc=1"><img src="https://m.media-amazon.com/images/I/51ETQrmuWuL._SL500_.jpg" alt="Product Image"></a><p>NOANTA Natural Macrame Cord 2mm x 220yards, Colored Macrame Rope, 3 Strand Twisted Cotton Rope Macrame Yarn, Colorful Cotton Craft Cord for Wall Hanging, Plant Hangers, Crafts, Knitting</p><p> -29% 0FF </p><p>$4.99 ($0.01 / Foot)</p><a href="https://www.amazon.com/dp/B08GXFQ2ZZ?tag=eloabder-20&linkCode=osi&th=1&psc=1">View Product</a></div>
<div class="product"><a href="https://www.amazon.com/dp/B009MRH3R0?tag=eloabder-20&linkCode=osi&th=1&psc=1"><img src="https://m.media-amazon.com/images/I/51KvHbQ47aL._SL500_.jpg" alt="Product Image"></a><p>Hygloss Corrugated Cardboard Sheets, 8-Pack, 8 Pieces</p><p> -37% 0FF </p><p>$5.35 ($0.67 / Count)</p><a href="https://www.amazon.com/dp/B009MRH3R0?tag=eloabder-20&linkCode=osi&th=1&psc=1">View Product</a></div><div class="product"><a href="https://www.amazon.com/dp/B0013JR8QQ?tag=eloabder-20&linkCode=osi&th=1&psc=1"><img src="https://m.media-amazon.com/images/I/41xFj3BmirL._SL500_.jpg" alt="Product Image"></a><p>Uchida Corru-Gator Paper Crimper, 8-1/2-Inch, Straight</p><p> -37% 0FF </p><p>$13.79</p><a href="https://www.amazon.com/dp/B0013JR8QQ?tag=eloabder-20&linkCode=osi&th=1&psc=1">View Product</a></div>
<div class="product"><a href="https://www.amazon.com/dp/B07FFM3DPB?tag=eloabder-20&linkCode=osi&th=1&psc=1"><img src="https://m.media-amazon.com/images/I/51J4bxAVK3L._SL500_.jpg" alt="Product Image"></a><p>Caydo [400 pcs] - 300 Pieces 1 Inch Assorted Pompoms with 100pieces Wiggle Eyes Multicolor Arts and Crafts Pom Poms Balls for Kids DIY Art Creative Crafts Decorations</p><p> -15% 0FF </p><p>$7.64</p><a href="https://www.amazon.com/dp/B07FFM3DPB?tag=eloabder-20&linkCode=osi&th=1&psc=1">View Product</a></div><div class="product"><a href="https://www.amazon.com/dp/B000F8XACW?tag=eloabder-20&linkCode=osi&th=1&psc=1"><img src="https://m.media-amazon.com/images/I/41g1iHmB5ML._SL500_.jpg" alt="Product Image"></a><p>Creativity Street Cotton Decorated Craft Fluff Ball, Pink, Pack of 100,4 oz</p><p> -14% 0FF </p><p>$9.91</p><a href="https://www.amazon.com/dp/B000F8XACW?tag=eloabder-20&linkCode=osi&th=1&psc=1">View Product</a></div><div class="product"><a href="https://www.amazon.com/dp/B01MTOWHJH?tag=eloabder-20&linkCode=osi&th=1&psc=1"><img src="https://m.media-amazon.com/images/I/513R8zmLclL._SL500_.jpg" alt="Product Image"></a><p>HEHALI 1000pcs Multicolor Pom Pom Balls, Assorted Sizes & Colors Pompoms for Arts and Craft Making Decorations</p><p> -25% 0FF </p><p>$8.99</p><a href="https://www.amazon.com/dp/B01MTOWHJH?tag=eloabder-20&linkCode=osi&th=1&psc=1">View Product</a></div><div class="product"><a href="https://www.amazon.com/dp/B0BHSYPBH1?tag=eloabder-20&linkCode=osi&th=1&psc=1"><img src="https://m.media-amazon.com/images/I/51RUOSHbY5L._SL500_.jpg" alt="Product Image"></a><p>Iooleem Multi-Color Pom Poms, 1200pcs Assorted Size & Color, Pom Poms for Arts and Crafts, Pom Pom Balls with Wiggle Eyes in jar, Glitter Pom Poms, Craft Supplies.</p><p> -15% 0FF </p><p>$6.76</p><a href="https://www.amazon.com/dp/B0BHSYPBH1?tag=eloabder-20&linkCode=osi&th=1&psc=1">View Product</a></div>
<div class="product"><a href="https://www.amazon.com/dp/B0B1J8TYT1?tag=eloabder-20&linkCode=osi&th=1&psc=1"><img src="https://m.media-amazon.com/images/I/41NdyrANVlL._SL500_.jpg" alt="Product Image"></a><p>HOTGODEN Medium Weight 100% Cotton Muslin Fabric: 63 inch x 2,5,10 Yards Unbleached Muslin Linen Fabric Material for Sewing Material Apparel Cloth</p><p> -19% 0FF </p><p>$12.99</p><a href="https://www.amazon.com/dp/B0B1J8TYT1?tag=eloabder-20&linkCode=osi&th=1&psc=1">View Product</a></div><div class="product"><a href="https://www.amazon.com/dp/B08GJHYMGN?tag=eloabder-20&linkCode=osi&th=1&psc=1"><img src="https://m.media-amazon.com/images/I/51wD1FT1eeL._SL500_.jpg" alt="Product Image"></a><p>50pcs 8 x 8 inches Multicolor Cotton Fabric Bundle Squares for Quilting Sewing, Precut Fabric Squares for Craft Patchwork</p><p> -14% 0FF </p><p>$13.77</p><a href="https://www.amazon.com/dp/B08GJHYMGN?tag=eloabder-20&linkCode=osi&th=1&psc=1">View Product</a></div><div class="product"><a href="https://www.amazon.com/dp/B0CRBH5FZT?tag=eloabder-20&linkCode=osi&th=1&psc=1"><img src="https://m.media-amazon.com/images/I/41v-8KZCA5L._SL500_.jpg" alt="Product Image"></a><p>Singer Fabric, 100% Cotton, Pink Purple Sunset Solid 5Pc Bundle</p><p> -24% 0FF </p><p>$8.02 ($1.60 / Count)</p><a href="https://www.amazon.com/dp/B0CRBH5FZT?tag=eloabder-20&linkCode=osi&th=1&psc=1">View Product</a></div>
<div class="product"><a href="https://www.amazon.com/dp/B08GCSLV5T?tag=eloabder-20&linkCode=osi&th=1&psc=1"><img src="https://m.media-amazon.com/images/I/51qmNvhzRUS._SL500_.jpg" alt="Product Image"></a><p>Macrame Cord 4mm x 328Yards(984Feet),Natural Cotton Macrame Rope - 3 Strands Twisted Macrame Cotton Cord for Wall Hanging, Plant Hangers, Crafts, Gift Wrapping and Wedding Decorations</p><p> -15% 0FF </p><p>$16.99 ($0.02 / Foot)</p><a href="https://www.amazon.com/dp/B08GCSLV5T?tag=eloabder-20&linkCode=osi&th=1&psc=1">View Product</a></div><div class="product"><a href="https://www.amazon.com/dp/B07XFYVM62?tag=eloabder-20&linkCode=osi&th=1&psc=1"><img src="https://m.media-amazon.com/images/I/51u2PPpSoOL._SL500_.jpg" alt="Product Image"></a><p>Tenn Well 8mm Macrame Cord, 59 Feet 3Ply Twisted Craft Cotton Rope Thick Nautical Rope for Crafts, Wall Hangings, Plant Hangers, Knotting, Rope Basket Making (Beige)</p><p> -33% 0FF </p><p>$9.99 ($0.17 / Foot)</p><a href="https://www.amazon.com/dp/B07XFYVM62?tag=eloabder-20&linkCode=osi&th=1&psc=1">View Product</a></div><div class="product"><a href="https://www.amazon.com/dp/B07GX8B3PC?tag=eloabder-20&linkCode=osi&th=1&psc=1"><img src="https://m.media-amazon.com/images/I/416oClGC4ZL._SL500_.jpg" alt="Product Image"></a><p>Tenn Well 5mm Macrame Cord, 165Feet Braided Cotton Rope Thick Craft Twine for Macrame Plant Hangers, Wall Hangings, Drawstrings, Clothes Lines, DIY Crafts (Beige)</p><p> -31% 0FF </p><p>$8.99 ($0.05 / Foot)</p><a href="https://www.amazon.com/dp/B07GX8B3PC?tag=eloabder-20&linkCode=osi&th=1&psc=1">View Product</a></div>

<div class="product"><a href="https://www.amazon.com/dp/B00178KLEY?tag=eloabder-20&linkCode=osi&th=1&psc=1"><img src="https://m.media-amazon.com/images/I/31wcgL5xRkL._SL500_.jpg" alt="Product Image"></a><p>Aleene's All Purpose Tacky Glue, 8-Ounce</p><p> -30% 0FF </p><p>$2.44 ($0.30 / Fl Oz)</p><a href="https://www.amazon.com/dp/B00178KLEY?tag=eloabder-20&linkCode=osi&th=1&psc=1">View Product</a></div><div class="product"><a href="https://www.amazon.com/dp/B088NN5GD8?tag=eloabder-20&linkCode=osi&th=1&psc=1"><img src="https://m.media-amazon.com/images/I/417dgxV3dfL._SL500_.jpg" alt="Product Image"></a><p>Bearly Art Precision Craft Glue - The Mini - 2fl oz with Tip Kit - Acid Free Archival - Strong Hold Adhesive - Ideal for Fine Paper Crafting Scrapbooking and Card Making - Made in USA</p><p> -13% 0FF </p><p>$12.99 ($6.50 / Fl Oz)</p><a href="https://www.amazon.com/dp/B088NN5GD8?tag=eloabder-20&linkCode=osi&th=1&psc=1">View Product</a></div><div class="product"><a href="https://www.amazon.com/dp/B09BW3G5FY?tag=eloabder-20&linkCode=osi&th=1&psc=1"><img src="https://m.media-amazon.com/images/I/51nUSHqdX-L._SL500_.jpg" alt="Product Image"></a><p>Adtech 05603 Glue Runner Permanent 35 Yards Total - Pack of 3 (4 each), Blue</p><p> -9% 0FF </p><p>$19.96</p><a href="https://www.amazon.com/dp/B09BW3G5FY?tag=eloabder-20&linkCode=osi&th=1&psc=1">View Product</a></div><div class="product"><a href="https://www.amazon.com/dp/B0948WG3KV?tag=eloabder-20&linkCode=osi&th=1&psc=1"><img src="https://m.media-amazon.com/images/I/41Y1CQR-TqL._SL500_.jpg" alt="Product Image"></a><p>ALLFUN 1000 Pieces Clear Glue Points Dots Double Sided Adhesive Removable for Balloons Craft Sticky</p><p> -32% 0FF </p><p>$6.79 ($0.01 / Count)</p><a href="https://www.amazon.com/dp/B0948WG3KV?tag=eloabder-20&linkCode=osi&th=1&psc=1">View Product</a></div>
<div class="product"><a href="https://www.amazon.com/dp/B0CRDH745H?tag=eloabder-20&linkCode=osi&th=1&psc=1"><img src="https://m.media-amazon.com/images/I/4145DgxWb+L._SL500_.jpg" alt="Product Image"></a><p>Gift Bags 8.25"X5.9 "X3.15" 100pcs Brown Paper Bags with Handles,Kraft Paper Bags for Small Business Christmas Bulk Bags, Wedding Party Favor Bags,Shopping Lunch Bags, Halloween Trick-or-Treat (Brown)</p><p> -8% 0FF </p><p>$16.99</p><a href="https://www.amazon.com/dp/B0CRDH745H?tag=eloabder-20&linkCode=osi&th=1&psc=1">View Product</a></div><div class="product"><a href="https://www.amazon.com/dp/B07MLMXNH1?tag=eloabder-20&linkCode=osi&th=1&psc=1"><img src="https://m.media-amazon.com/images/I/31j9z9qZ3mL._SL500_.jpg" alt="Product Image"></a><p>Qutuus Kraft Paper Gift Bags with Handles - 8x4.5x10 25Pcs Brown Shopping Bags for Parties, Favors, Businesses</p><p> -10% 0FF </p><p>$8.99 ($0.36 / Count)</p><a href="https://www.amazon.com/dp/B07MLMXNH1?tag=eloabder-20&linkCode=osi&th=1&psc=1">View Product</a></div><div class="product"><a href="https://www.amazon.com/dp/B07L63T76G?tag=eloabder-20&linkCode=osi&th=1&psc=1"><img src="https://m.media-amazon.com/images/I/412nJkSNUXL._SL500_.jpg" alt="Product Image"></a><p>Juvale 50-Pack Small Brown Gift Bags with Handles - Small Kraft Paper Bags for Birthday, Retail, Crafts (3.5x2.4x7 In)</p><p> -18% 0FF </p><p>$13.99</p><a href="https://www.amazon.com/dp/B07L63T76G?tag=eloabder-20&linkCode=osi&th=1&psc=1">View Product</a></div><div class="product"><a href="https://www.amazon.com/dp/B09Z2N3QKT?tag=eloabder-20&linkCode=osi&th=1&psc=1"><img src="https://m.media-amazon.com/images/I/416VQ3Ke3PL._SL500_.jpg" alt="Product Image"></a><p>Moretoes 40pcs Brown Paper Bags with Handles Assorted Size Gift Bags, Kraft Paper Bags, Paper Shopping Bags, Craft Bags, Merchandise Bags</p><p> -8% 0FF </p><p>$22.99</p><a href="https://www.amazon.com/dp/B09Z2N3QKT?tag=eloabder-20&linkCode=osi&th=1&psc=1">View Product</a></div>
<div class="product"><a href="https://www.amazon.com/dp/B09Z7NYVG9?tag=eloabder-20&linkCode=osi&th=1&psc=1"><img src="https://m.media-amazon.com/images/I/51XjAkleH5L._SL500_.jpg" alt="Product Image"></a><p>Gxueshan 1000 Pcs Acrylic 9 Color Pony Beads 6x9mm Bulk Glow in The Dark for Necklace Friendship Bracelet Making Hair Beads for Braids Kandi Beads</p><p> -36% 0FF </p><p>$6.99</p><a href="https://www.amazon.com/dp/B09Z7NYVG9?tag=eloabder-20&linkCode=osi&th=1&psc=1">View Product</a></div>
<div class="product"><a href="https://www.amazon.com/dp/B000PD0DSG?tag=eloabder-20&linkCode=osi&th=1&psc=1"><img src="https://m.media-amazon.com/images/I/41bsxH8ol7L._SL500_.jpg" alt="Product Image"></a><p>Fiskars 12x18 Inch Cutting Mat (12-83707097J) , Gray</p><p> -54% 0FF </p><p>$10.97</p><a href="https://www.amazon.com/dp/B000PD0DSG?tag=eloabder-20&linkCode=osi&th=1&psc=1">View Product</a></div><div class="product"><a href="https://www.amazon.com/dp/B0C6TGHYC7?tag=eloabder-20&linkCode=osi&th=1&psc=1"><img src="https://m.media-amazon.com/images/I/41FpOZ2suaL._SL500_.jpg" alt="Product Image"></a><p>DIYDEC 12 Pack Basswood Sheets 12 x 8 x 1/13 Inch Thin Plywood Wood Sheets Unfinished Wood Squares Boards Balsa Wood Sheets for Crafts Architectural Models Laser Cutting Wood Burning and Drawing</p><p> -8% 0FF </p><p>$11.99</p><a href="https://www.amazon.com/dp/B0C6TGHYC7?tag=eloabder-20&linkCode=osi&th=1&psc=1">View Product</a></div>
<div class="product"><a href="https://www.amazon.com/dp/1594745250?tag=eloabder-20&linkCode=osi&th=1&psc=1"><img src="https://m.media-amazon.com/images/I/51m6tJZw-uL._SL500_.jpg" alt="Product Image"></a><p>Crafting with Cat Hair: Cute Handicrafts to Make with Your Cat</p><p> -47% 0FF </p><p>$8.01</p><a href="https://www.amazon.com/dp/1594745250?tag=eloabder-20&linkCode=osi&th=1&psc=1">View Product</a></div><div class="product"><a href="https://www.amazon.com/dp/B0BW876C87?tag=eloabder-20&linkCode=osi&th=1&psc=1"><img src="https://m.media-amazon.com/images/I/41J2NOgeokL._SL500_.jpg" alt="Product Image"></a><p>Popotop Photo Album Self Adhesive Scrapbook Album for 4x6 5x7 8x10 Pictures DIY Photo Book,Birthday Gifts for Women Mom,Wedding Baby Family Travel</p><p> -58% 0FF </p><p>$9.98</p><a href="https://www.amazon.com/dp/B0BW876C87?tag=eloabder-20&linkCode=osi&th=1&psc=1">View Product</a></div><div class="product"><a href="https://www.amazon.com/dp/1574215051?tag=eloabder-20&linkCode=osi&th=1&psc=1"><img src="https://m.media-amazon.com/images/I/51vVL4Vf6vL._SL500_.jpg" alt="Product Image"></a><p>Pyrography Basics: Techniques and Exercises for Beginners (Design Originals) Patterns for Woodburning with Skill-Building Step-by-Step Instructions and Advice from Lora Irish on Texture and Layering</p><p> -45% 0FF </p><p>$5.49</p><a href="https://www.amazon.com/dp/1574215051?tag=eloabder-20&linkCode=osi&th=1&psc=1">View Product</a></div>
<div class="product"><a href="https://www.amazon.com/dp/B01CUI384E?tag=eloabder-20&linkCode=osi&th=1&psc=1"><img src="https://m.media-amazon.com/images/I/41rizh5PQFL._SL500_.jpg" alt="Product Image"></a><p>ArtBin 6918AH Twin Top 17 inch Supply Box, Portable Art & Craft Supply Organizer with Handle, [1] Plastic Storage Case, Translucent</p><p> -51% 0FF </p><p>$15.32</p><a href="https://www.amazon.com/dp/B01CUI384E?tag=eloabder-20&linkCode=osi&th=1&psc=1">View Product</a></div><div class="product"><a href="https://www.amazon.com/dp/B08YBYBVX6?tag=eloabder-20&linkCode=osi&th=1&psc=1"><img src="https://m.media-amazon.com/images/I/41G5mV07PnL._SL500_.jpg" alt="Product Image"></a><p>Logix 12535 Translucent Craft Organizer, Art Supply Organizer and Storage, Lockable School Supplies Organization, Moisture Resistant, Made in USA</p><p> -19% 0FF </p><p>$4.98</p><a href="https://www.amazon.com/dp/B08YBYBVX6?tag=eloabder-20&linkCode=osi&th=1&psc=1">View Product</a></div><div class="product"><a href="https://www.amazon.com/dp/B01BPEX7YA?tag=eloabder-20&linkCode=osi&th=1&psc=1"><img src="https://m.media-amazon.com/images/I/31dTR7w0DXL._SL500_.jpg" alt="Product Image"></a><p>ArtBin 6937AG Essentials Lift-Out Tray Box, Portable Art & Craft Organizer with Handle and Tray, Clear/Aqua</p><p> -33% 0FF </p><p>$9.44</p><a href="https://www.amazon.com/dp/B01BPEX7YA?tag=eloabder-20&linkCode=osi&th=1&psc=1">View Product</a></div><div class="product"><a href="https://www.amazon.com/dp/B08DKT4WSY?tag=eloabder-20&linkCode=osi&th=1&psc=1"><img src="https://m.media-amazon.com/images/I/316yo4e1UuL._SL500_.jpg" alt="Product Image"></a><p>BTSKY 2 Layer Stack & Carry Box, Plastic Multipurpose Portable Storage Container Box Handled Organizer Storage Box for Organizing Stationery, Sewing, Art Craft, Jewelry and Beauty Supplies Blue</p><p> -11% 0FF </p><p>$24.99</p><a href="https://www.amazon.com/dp/B08DKT4WSY?tag=eloabder-20&linkCode=osi&th=1&psc=1">View Product</a></div>
<div class="product"><a href="https://www.amazon.com/dp/B08WX1ZVQD?tag=eloabder-20&linkCode=osi&th=1&psc=1"><img src="https://m.media-amazon.com/images/I/51U7X2OJFAL._SL500_.jpg" alt="Product Image"></a><p>Premium 100 Pcs Resin Sewing Buttons, Eco-Friendly 4-Hole Craft Buttons, 5 Sizes of Black Round Mixed Buttons Suitable for Sewing, DIY and Holiday Decoration</p><p> -54% 0FF </p><p>$5.98</p><a href="https://www.amazon.com/dp/B08WX1ZVQD?tag=eloabder-20&linkCode=osi&th=1&psc=1">View Product</a></div>
<div class="product"><a href="https://www.amazon.com/dp/B075NYWF5P?tag=eloabder-20&linkCode=osi&th=1&psc=1"><img src="https://m.media-amazon.com/images/I/51IoM9rBW1L._SL500_.jpg" alt="Product Image"></a><p>Firbon A4 Paper Cutter 12 Inch Titanium Paper Trimmer Scrapbooking Tool with Automatic Security Safeguard and Side Ruler for Craft Paper, Coupon, Label and Cardstock (Black)</p><p> -39% 0FF </p><p>$10.99</p><a href="https://www.amazon.com/dp/B075NYWF5P?tag=eloabder-20&linkCode=osi&th=1&psc=1">View Product</a></div><div class="product"><a href="https://www.amazon.com/dp/B07BKYH2G5?tag=eloabder-20&linkCode=osi&th=1&psc=1"><img src="https://m.media-amazon.com/images/I/31emK9wKwhL._SL500_.jpg" alt="Product Image"></a><p>45mm Rotary Cutter with 5pcs Extra Blades, Ergonomic Handle Rolling Cutter with Safety Lock for Fabric, Leather, Crafting, Sewing, Quilting, Fabric Rotary Cutter Perfect for Left & Right Hand(Pink)</p><p> -41% 0FF </p><p>$9.99</p><a href="https://www.amazon.com/dp/B07BKYH2G5?tag=eloabder-20&linkCode=osi&th=1&psc=1">View Product</a></div><div class="product"><a href="https://www.amazon.com/dp/B0C8BRB3RH?tag=eloabder-20&linkCode=osi&th=1&psc=1"><img src="https://m.media-amazon.com/images/I/41IwAR4t6FL._SL500_.jpg" alt="Product Image"></a><p>Fiskars 45mm Rotary Cutter for Fabric - Premium Stick Rotary Cutter - Craft Supplies - Crafts, Sewing, and Quilting Projects - White</p><p> -48% 0FF </p><p>$10.98</p><a href="https://www.amazon.com/dp/B0C8BRB3RH?tag=eloabder-20&linkCode=osi&th=1&psc=1">View Product</a></div>
<div class="product"><a href="https://www.amazon.com/dp/B0D7J5HNXQ?tag=eloabder-20&linkCode=osi&th=1&psc=1"><img src="https://m.media-amazon.com/images/I/51kM77Z-7-L._SL500_.jpg" alt="Product Image"></a><p>Tinyspool & Co. Jelly Roll Fabric Strips for Quilting, Crafting, and Sewing, 40 Strip Assorted Bundle, Soft Cotton for Blanket, Rug, Upholstery, Home Decor, and Purse Making, Fall is Here</p><p> -20% 0FF </p><p>$27.99</p><a href="https://www.amazon.com/dp/B0D7J5HNXQ?tag=eloabder-20&linkCode=osi&th=1&psc=1">View Product</a></div>
<div class="product"><a href="https://www.amazon.com/dp/B0BXJB2NTY?tag=eloabder-20&linkCode=osi&th=1&psc=1"><img src="https://m.media-amazon.com/images/I/51z2B9dVEnL._SL500_.jpg" alt="Product Image"></a><p>Soarer Colorful Craft Rooster Feathers - 300pcs 3-5inch Colored Feathers Bulk for Kindergarten DIY Crafts,Wedding Home Party Decorations,Dream Catcher Supplies(Rooster Colorful)</p><p> -22% 0FF </p><p>$6.99</p><a href="https://www.amazon.com/dp/B0BXJB2NTY?tag=eloabder-20&linkCode=osi&th=1&psc=1">View Product</a></div><div class="product"><a href="https://www.amazon.com/dp/B06VWKVZH1?tag=eloabder-20&linkCode=osi&th=1&psc=1"><img src="https://m.media-amazon.com/images/I/51u4jX7ycdL._SL500_.jpg" alt="Product Image"></a><p>Coceca 300pcs Colorful Feathers 3-5 Inches Bulk Feathers Assorted Colors for Crafts DIY, Art Projects, Party Decorations, Dream Catchers</p><p> -36% 0FF </p><p>$6.99 ($0.02 / Count)</p><a href="https://www.amazon.com/dp/B06VWKVZH1?tag=eloabder-20&linkCode=osi&th=1&psc=1">View Product</a></div>
<div class="product"><a href="https://www.amazon.com/dp/B089DPDYKV?tag=eloabder-20&linkCode=osi&th=1&psc=1"><img src="https://m.media-amazon.com/images/I/51L58by1dXL._SL500_.jpg" alt="Product Image"></a><p>Better Office Products 100 Pack EVA Foam Sheets, 5.5 x 8.5 Inch, Assorted Colors (20 Colors), 2mm Thick, for Arts and Crafts, 100 Sheets</p><p> -22% 0FF </p><p>$13.99 ($0.14 / Count)</p><a href="https://www.amazon.com/dp/B089DPDYKV?tag=eloabder-20&linkCode=osi&th=1&psc=1">View Product</a></div><div class="product"><a href="https://www.amazon.com/dp/B08YXYN327?tag=eloabder-20&linkCode=osi&th=1&psc=1"><img src="https://m.media-amazon.com/images/I/41VfV+-ZFTL._SL500_.jpg" alt="Product Image"></a><p>EVA Foam Cosplay - 2mm (1mm to 10mm) - Black or White - 14" x 39" Sheet - Ultra High Density Craft Foam 85 kg/m3 - by The Foamory</p><p> -17% 0FF </p><p>$14.99</p><a href="https://www.amazon.com/dp/B08YXYN327?tag=eloabder-20&linkCode=osi&th=1&psc=1">View Product</a></div><div class="product"><a href="https://www.amazon.com/dp/B07BPRHWL5?tag=eloabder-20&linkCode=osi&th=1&psc=1"><img src="https://m.media-amazon.com/images/I/317FYGugGnL._SL500_.jpg" alt="Product Image"></a><p>6 Pack 12x12-Inch Round Foam Circles for Crafts, 1" Thick, for DIY Projects, Decorations (White)</p><p> -12% 0FF </p><p>$22.99</p><a href="https://www.amazon.com/dp/B07BPRHWL5?tag=eloabder-20&linkCode=osi&th=1&psc=1">View Product</a></div>
<div class="product"><a href="https://www.amazon.com/dp/B001683NAO?tag=eloabder-20&linkCode=osi&th=1&psc=1"><img src="https://m.media-amazon.com/images/I/31cwr-m138L._SL500_.jpg" alt="Product Image"></a><p>BEACON 3-in-1 Advanced Craft Glue - Fast-Drying, Crystal Clear Adhesive for Wood, Ceramics, Fabrics, and More, 4-Ounce</p><p> -18% 0FF </p><p>$8.99 ($2.25 / Fl Oz)</p><a href="https://www.amazon.com/dp/B001683NAO?tag=eloabder-20&linkCode=osi&th=1&psc=1">View Product</a></div><div class="product"><a href="https://www.amazon.com/dp/B000HWY6EM?tag=eloabder-20&linkCode=osi&th=1&psc=1"><img src="https://m.media-amazon.com/images/I/41-SNkQTUaL._SL500_.jpg" alt="Product Image"></a><p>Mod Podge Matte Sealer, Glue & Finish: All-in-One Craft Solution- Quick Dry, Easy Clean, for Wood, Paper, Fabric & More. Non-Toxic - Craft with Confidence, Made in USA, 8 oz., Pack of 1</p><p> -35% 0FF </p><p>$3.98 ($0.50 / Fl Oz)</p><a href="https://www.amazon.com/dp/B000HWY6EM?tag=eloabder-20&linkCode=osi&th=1&psc=1">View Product</a></div><div class="product"><a href="https://www.amazon.com/dp/B07X1SJPSZ?tag=eloabder-20&linkCode=osi&th=1&psc=1"><img src="https://m.media-amazon.com/images/I/61EOLdPbKxL._SL500_.jpg" alt="Product Image"></a><p>E6000 237032 Craft Adhesive, 2 fl oz Clear, 2 Pack</p><p> -49% 0FF </p><p>$8.58 ($2.14 / Fl Oz)</p><a href="https://www.amazon.com/dp/B07X1SJPSZ?tag=eloabder-20&linkCode=osi&th=1&psc=1">View Product</a></div><div class="product"><a href="https://www.amazon.com/dp/B000LNR27U?tag=eloabder-20&linkCode=osi&th=1&psc=1"><img src="https://m.media-amazon.com/images/I/41SoXYVTzvL._SL500_.jpg" alt="Product Image"></a><p>Elmer's Craft Bond Tacky Glue, 4 oz, Clear</p><p> -20% 0FF </p><p>$6.49 ($1.62 / Fl Oz)</p><a href="https://www.amazon.com/dp/B000LNR27U?tag=eloabder-20&linkCode=osi&th=1&psc=1">View Product</a></div>
<div class="product"><a href="https://www.amazon.com/dp/B0BWMPGFVL?tag=eloabder-20&linkCode=osi&th=1&psc=1"><img src="https://m.media-amazon.com/images/I/61gMu32RzEL._SL500_.jpg" alt="Product Image"></a><p>Dowsabel Clay Beads Bracelet Making Kit for Beginner, 5000 Pcs Preppy Polymer Clay Beads with Charms Kit for Jewelry Making, DIY Arts and Crafts Birthday Gifts Toys for Kids Age 6-13</p><p> -65% 0FF </p><p>$6.98 ($0.00 / Count)</p><a href="https://www.amazon.com/dp/B0BWMPGFVL?tag=eloabder-20&linkCode=osi&th=1&psc=1">View Product</a></div><div class="product"><a href="https://www.amazon.com/dp/B09X1YX59W?tag=eloabder-20&linkCode=osi&th=1&psc=1"><img src="https://m.media-amazon.com/images/I/61Cr68venIL._SL500_.jpg" alt="Product Image"></a><p>Hula Home Stained Glass Mandala Art Kit - DIY Window Clings with Markers, 10 Suncatchers - Perfect Hobby for Adults, Kids, Teens & Seniors - Ideal Gift for Beginners, Women & Elderly</p><p> -36% 0FF </p><p>$15.99</p><a href="https://www.amazon.com/dp/B09X1YX59W?tag=eloabder-20&linkCode=osi&th=1&psc=1">View Product</a></div><div class="product"><a href="https://www.amazon.com/dp/B09KGBWF4M?tag=eloabder-20&linkCode=osi&th=1&psc=1"><img src="https://m.media-amazon.com/images/I/615WTC7aH4L._SL500_.jpg" alt="Product Image"></a><p>Craft Culture Beginners Wood Burning Kit for Kids and Teenage Boys & Girls Cool Gifts for Boy or Girl Craft Projects Gift Idea for Older Children Teen Woodburning DIY Hobby Kits Art Crafts Activities</p><p> -20% 0FF </p><p>$39.99</p><a href="https://www.amazon.com/dp/B09KGBWF4M?tag=eloabder-20&linkCode=osi&th=1&psc=1">View Product</a></div><div class="product"><a href="https://www.amazon.com/dp/B0BK35RMN4?tag=eloabder-20&linkCode=osi&th=1&psc=1"><img src="https://m.media-amazon.com/images/I/513JTylDEHL._SL500_.jpg" alt="Product Image"></a><p>WATHFKCU 4 Sets DIY Glass Mosaic Tiles for Crafts,Mixed Color Mosaic Kits with Wooden Coaster for Adults,Mosaic Crafts Materials Package for Coaster Handmade Home Decor Gifts</p><p> -15% 0FF </p><p>$22.99</p><a href="https://www.amazon.com/dp/B0BK35RMN4?tag=eloabder-20&linkCode=osi&th=1&psc=1">View Product</a></div><div class="product"><a href="https://www.amazon.com/dp/B0CGD74KX7?tag=eloabder-20&linkCode=osi&th=1&psc=1"><img src="https://m.media-amazon.com/images/I/51rNpMlv3wL._SL500_.jpg" alt="Product Image"></a><p>Shimmer Markers Outline Double Line: 12 Colors Metallic Glitter Pens Set Sparkle Kid Age 4 8 10 14 Year Old Gift Present Doodle Drawing Supplies Art Craft Tween Teen Girl Christmas Stocking Stuffers</p><p> -17% 0FF </p><p>$9.99</p><a href="https://www.amazon.com/dp/B0CGD74KX7?tag=eloabder-20&linkCode=osi&th=1&psc=1">View Product</a></div><div class="product"><a href="https://www.amazon.com/dp/B09LVDT4QK?tag=eloabder-20&linkCode=osi&th=1&psc=1"><img src="https://m.media-amazon.com/images/I/41CaNa9XKLL._SL500_.jpg" alt="Product Image"></a><p>DOODLE HOG Polymer Clay Earring Making Kit, Gift for Teens and Adults, Make 12 Earrings, Jewelry Making Supplies for Kids and Adults - Arts and Crafts for Kids Ages 12+ Girls</p><p> -35% 0FF </p><p>$12.99</p><a href="https://www.amazon.com/dp/B09LVDT4QK?tag=eloabder-20&linkCode=osi&th=1&psc=1">View Product</a></div><div class="product"><a href="https://www.amazon.com/dp/B0BS4BVG3M?tag=eloabder-20&linkCode=osi&th=1&psc=1"><img src="https://m.media-amazon.com/images/I/61r89vPgOtL._SL500_.jpg" alt="Product Image"></a><p>2774pcs Gem Stickers Jewels for Crafts - Self Adhesive Rhinestone Jewel Stickers, Stick on Gems Rhinestones for Crafts, Acrylic Bling Heart Stickers, Craft Supplies for Kids</p><p> -29% 0FF </p><p>$8.97</p><a href="https://www.amazon.com/dp/B0BS4BVG3M?tag=eloabder-20&linkCode=osi&th=1&psc=1">View Product</a></div>
<div class="product"><a href="https://www.amazon.com/dp/B001A42CTW?tag=eloabder-20&linkCode=osi&th=1&psc=1"><img src="https://m.media-amazon.com/images/I/31TZjc3LZUL._SL500_.jpg" alt="Product Image"></a><p>Fiskars SoftGrip Detail Craft Knife - 8" Exacto Knife for Crafting - Multi-Use Exacto Blade Included with Protective Cover</p><p> -25% 0FF </p><p>$5.97</p><a href="https://www.amazon.com/dp/B001A42CTW?tag=eloabder-20&linkCode=osi&th=1&psc=1">View Product</a></div><div class="product"><a href="https://www.amazon.com/dp/B07G9PKH9H?tag=eloabder-20&linkCode=osi&th=1&psc=1"><img src="https://m.media-amazon.com/images/I/31f5z1IyHaL._SL500_.jpg" alt="Product Image"></a><p>Cricut TrueControl Knife Kit - For Use As a Precision Knife, Craft knife, Carving Knife and Hobby Knife - For Art, Scrapbooking, Stencils, and DIY Projects - Comes With 5 Spare Blades - [Blue]</p><p> -50% 0FF </p><p>$9.49 ($9.49 / Count)</p><a href="https://www.amazon.com/dp/B07G9PKH9H?tag=eloabder-20&linkCode=osi&th=1&psc=1">View Product</a></div>
<div class="product"><a href="https://www.amazon.com/dp/B07M6CDS77?tag=eloabder-20&linkCode=osi&th=1&psc=1"><img src="https://m.media-amazon.com/images/I/51Om2onDSZL._SL500_.jpg" alt="Product Image"></a><p>COO&KOO Charm Bracelet Making Kit, A Unicorn Girls Toy That Inspires Creativity and Imagination, Crafts for Ages 8-12 with Jewelry Making & Art Kit Perfect Gifts, Self-Expression!</p><p> -43% 0FF </p><p>$16.99</p><a href="https://www.amazon.com/dp/B07M6CDS77?tag=eloabder-20&linkCode=osi&th=1&psc=1">View Product</a></div><div class="product"><a href="https://www.amazon.com/dp/B0932TB3Z6?tag=eloabder-20&linkCode=osi&th=1&psc=1"><img src="https://m.media-amazon.com/images/I/617ElT9g-7L._SL500_.jpg" alt="Product Image"></a><p>Made By Me Ultimate Bead Pets by Horizon Group USA, Bead Pets Crafts for Kids, Includes Over 1400 Beads, Cording, Keychains & Carabiner Clips, Design Templates, Storage Cases & More</p><p> -5% 0FF </p><p>$20.81</p><a href="https://www.amazon.com/dp/B0932TB3Z6?tag=eloabder-20&linkCode=osi&th=1&psc=1">View Product</a></div><div class="product"><a href="https://www.amazon.com/dp/B0BZHX7HP9?tag=eloabder-20&linkCode=osi&th=1&psc=1"><img src="https://m.media-amazon.com/images/I/61qd1GFIZiL._SL500_.jpg" alt="Product Image"></a><p>Paodey 20,000 Pcs Clay Beads Bracelet Making Kit, 120 Colors 6 Boxes Polymer Beads Spacer Heishi Beads & Jewelry Kit with Pendant Charms Elastic Strings, Crafts Gift for Kids Adults</p><p> -33% 0FF </p><p>$19.99</p><a href="https://www.amazon.com/dp/B0BZHX7HP9?tag=eloabder-20&linkCode=osi&th=1&psc=1">View Product</a></div><div class="product"><a href="https://www.amazon.com/dp/B0895MW2C9?tag=eloabder-20&linkCode=osi&th=1&psc=1"><img src="https://m.media-amazon.com/images/I/61SQh61RDwL._SL500_.jpg" alt="Product Image"></a><p>Charm Bracelet Making Kit,Jewelry Making Supplies Beads,Unicorn/Mermaid Crafts Gifts Set for Girls Teens Age 6-12</p><p> -43% 0FF </p><p>$16.96</p><a href="https://www.amazon.com/dp/B0895MW2C9?tag=eloabder-20&linkCode=osi&th=1&psc=1">View Product</a></div><div class="product"><a href="https://www.amazon.com/dp/0545703190?tag=eloabder-20&linkCode=osi&th=1&psc=1"><img src="https://m.media-amazon.com/images/I/51TP-RXeg0L._SL500_.jpg" alt="Product Image"></a><p>Klutz Mini Pom-Pom Pets 8" Length x 1.25" Width x 9" Height</p><p> -10% 0FF </p><p>$17.99</p><a href="https://www.amazon.com/dp/0545703190?tag=eloabder-20&linkCode=osi&th=1&psc=1">View Product</a></div><div class="product"><a href="https://www.amazon.com/dp/B07TBJSZFH?tag=eloabder-20&linkCode=osi&th=1&psc=1"><img src="https://m.media-amazon.com/images/I/51NVC4bdfvL._SL500_.jpg" alt="Product Image"></a><p>FUNZBO Arts and Crafts Supplies for Kids - Craft Kit with Glitter Glue Stick, Pipe Cleaners Craft & Craft Tools, DIY School Supplies Kit, Girls Toys, Gifts for Girls and Boys Age 4+</p><p> -20% 0FF </p><p>$15.98</p><a href="https://www.amazon.com/dp/B07TBJSZFH?tag=eloabder-20&linkCode=osi&th=1&psc=1">View Product</a></div>
<div class="product"><a href="https://www.amazon.com/dp/B0116VGHLW?tag=eloabder-20&linkCode=osi&th=1&psc=1"><img src="https://m.media-amazon.com/images/I/41sV-drwy7L._SL500_.jpg" alt="Product Image"></a><p>G2PLUS Kraft Paper Gift Tags with String,100PCS Blank Gift Tags,Christmas Gift Tags,Holiday Hangtags for Art&Craft,Gift Wrapping,Halloween(2'' x 4'')</p><p> -29% 0FF </p><p>$4.99 ($0.05 / Count)</p><a href="https://www.amazon.com/dp/B0116VGHLW?tag=eloabder-20&linkCode=osi&th=1&psc=1">View Product</a></div><div class="product"><a href="https://www.amazon.com/dp/B076CL8JMB?tag=eloabder-20&linkCode=osi&th=1&psc=1"><img src="https://m.media-amazon.com/images/I/41rBOccjjXL._SL500_.jpg" alt="Product Image"></a><p>SallyFashion 200pcs Kraft Paper Gift Tags with Free 200 Root Natural Jute Twine, Blank Gift Bags Tags Price Tags（Brown Water Ripple）</p><p> -9% 0FF </p><p>$4.99 ($0.02 / Count)</p><a href="https://www.amazon.com/dp/B076CL8JMB?tag=eloabder-20&linkCode=osi&th=1&psc=1">View Product</a></div>
<div class="product"><a href="https://www.amazon.com/dp/B07XDC7FP9?tag=eloabder-20&linkCode=osi&th=1&psc=1"><img src="https://m.media-amazon.com/images/I/41JKgogWT9L._SL500_.jpg" alt="Product Image"></a><p>Magnetic Dots - Self Adhesive Magnet Dots (0.8" x 0.8") - Classroom Must Have Peel & Stick Magnetic Circles - Flexible Sticky Magnets - Sheets is Alternative, Stickers, Strip, Magnetic Tape (120 Pcs)</p><p> -13% 0FF </p><p>$13.99</p><a href="https://www.amazon.com/dp/B07XDC7FP9?tag=eloabder-20&linkCode=osi&th=1&psc=1">View Product</a></div><div class="product"><a href="https://www.amazon.com/dp/B09BBHBZMG?tag=eloabder-20&linkCode=osi&th=1&psc=1"><img src="https://m.media-amazon.com/images/I/51kT5DaZIPL._SL500_.jpg" alt="Product Image"></a><p>Mr. Pen- Adhesive Magnetic Sheets, 4" x 6", 10 Pack, with Adhesive Backing, Flexible Picture Magnets, Cuttable Magnetic Sheets.</p><p> -41% 0FF </p><p>$5.85</p><a href="https://www.amazon.com/dp/B09BBHBZMG?tag=eloabder-20&linkCode=osi&th=1&psc=1">View Product</a></div><div class="product"><a href="https://www.amazon.com/dp/B09WCXS3NV?tag=eloabder-20&linkCode=osi&th=1&psc=1"><img src="https://m.media-amazon.com/images/I/51jUQGCcMPL._SL500_.jpg" alt="Product Image"></a><p>DIYMAG Magnetic Adhesive Sheets, |4" x 6"|, 10 Pack Cuttable, Flexible magnet sheets with adhesive for Crafts, Photos, Easy Peel and Stick</p><p> -10% 0FF </p><p>$5.38 ($0.54 / Count)</p><a href="https://www.amazon.com/dp/B09WCXS3NV?tag=eloabder-20&linkCode=osi&th=1&psc=1">View Product</a></div><div class="product"><a href="https://www.amazon.com/dp/B07V4STWPV?tag=eloabder-20&linkCode=osi&th=1&psc=1"><img src="https://m.media-amazon.com/images/I/51g56RBuH8L._SL500_.jpg" alt="Product Image"></a><p>Magnetic Sheets with Adhesive Backing - Each 4" x 6" - Flexible Magnetic Paper with Strong Self Adhesive - Sticky Magnet Sheets for Photo and Picture Magnets, Stickers and Other Craft Magnets</p><p> -33% 0FF </p><p>$5.99</p><a href="https://www.amazon.com/dp/B07V4STWPV?tag=eloabder-20&linkCode=osi&th=1&psc=1">View Product</a></div><div class="product"><a href="https://www.amazon.com/dp/B0D6R56J5T?tag=eloabder-20&linkCode=osi&th=1&psc=1"><img src="https://m.media-amazon.com/images/I/51tODUxLo4L._SL500_.jpg" alt="Product Image"></a><p>96pcs Craft Magnets Glass w Adhesive Backing and Transparent Clear Glass Cabochons DIY Craft Fridge Magnets for Whiteboard Refrigerator(Round, 48 Sets,1-Inch)</p><p> -17% 0FF </p><p>$9.99 ($0.10 / Count)</p><a href="https://www.amazon.com/dp/B0D6R56J5T?tag=eloabder-20&linkCode=osi&th=1&psc=1">View Product</a></div><div class="product"><a href="https://www.amazon.com/dp/B07V3SRKFW?tag=eloabder-20&linkCode=osi&th=1&psc=1"><img src="https://m.media-amazon.com/images/I/51HyHWF+PVL._SL500_.jpg" alt="Product Image"></a><p>Magnetic Sheets with Adhesive Backing - Each 4" x 6" - Flexible Magnetic Paper with Strong Self Adhesive - Sticky Magnet Sheets for Photo and Picture Magnets, Stickers and Other Craft Magnets</p><p> -38% 0FF </p><p>$4.99</p><a href="https://www.amazon.com/dp/B07V3SRKFW?tag=eloabder-20&linkCode=osi&th=1&psc=1">View Product</a></div>
<div class="product"><a href="https://www.amazon.com/dp/B0CP48JPCH?tag=eloabder-20&linkCode=osi&th=1&psc=1"><img src="https://m.media-amazon.com/images/I/51-IkKBja0L._SL500_.jpg" alt="Product Image"></a><p>ARTISTRO Acrylic Paint Pens, Acrylic Paint Markers, Fabric Markers for Textile, Canvas, Rock, Glass, Wood, Paper, DIY, Paint Markers for Kids and Adults (Dual Tip Dot + Fine, 24)</p><p> -50% 0FF </p><p>$9.99 ($0.42 / Count)</p><a href="https://www.amazon.com/dp/B0CP48JPCH?tag=eloabder-20&linkCode=osi&th=1&psc=1">View Product</a></div><div class="product"><a href="https://www.amazon.com/dp/B0891WKPN3?tag=eloabder-20&linkCode=osi&th=1&psc=1"><img src="https://m.media-amazon.com/images/I/51qPnBJt4QL._SL500_.jpg" alt="Product Image"></a><p>Caliart 34 Double Tip Brush Pens Art Markers, Aesthetic Cute Preppy Stuff School Supplies, Artist Fine & Brush Pen Coloring Markers for Kids Adult Book Cards Drawing Craft Kit Teacher Office Supplies</p><p> -33% 0FF </p><p>$9.99</p><a href="https://www.amazon.com/dp/B0891WKPN3?tag=eloabder-20&linkCode=osi&th=1&psc=1">View Product</a></div><div class="product"><a href="https://www.amazon.com/dp/B073XHP9N2?tag=eloabder-20&linkCode=osi&th=1&psc=1"><img src="https://m.media-amazon.com/images/I/519tKwqmbtL._SL500_.jpg" alt="Product Image"></a><p>Shuttle Art 51 Colors Dual Tip Alcohol Based Art Markers, 50 Colors plus 1 Blender Permanent Marker Pens Highlighters with Case Perfect for Illustration Adult Coloring Sketching and Card Making…</p><p> -28% 0FF </p><p>$25.99</p><a href="https://www.amazon.com/dp/B073XHP9N2?tag=eloabder-20&linkCode=osi&th=1&psc=1">View Product</a></div><div class="product"><a href="https://www.amazon.com/dp/B0BXPTLMRW?tag=eloabder-20&linkCode=osi&th=1&psc=1"><img src="https://m.media-amazon.com/images/I/51NWNk2VHnL._SL500_.jpg" alt="Product Image"></a><p>Peablce Art Markers Brush Pen, 32 Colored Pens Fine Point Highlighter Pen & Brush for Adult Kids Coloring Journaling Note Taking Planner</p><p> -36% 0FF </p><p>$6.39</p><a href="https://www.amazon.com/dp/B0BXPTLMRW?tag=eloabder-20&linkCode=osi&th=1&psc=1">View Product</a></div><div class="product"><a href="https://www.amazon.com/dp/B0CPMFV2ZF?tag=eloabder-20&linkCode=osi&th=1&psc=1"><img src="https://m.media-amazon.com/images/I/51rnUOzj7oL._SL500_.jpg" alt="Product Image"></a><p>Sharpie Acrylic Creative Markers, Bullet Tip, Vibrant Assorted Colors, Non-Bleeding Water-Based Ink, Pack of 12</p><p> -19% 0FF </p><p>$14.90</p><a href="https://www.amazon.com/dp/B0CPMFV2ZF?tag=eloabder-20&linkCode=osi&th=1&psc=1">View Product</a></div>
<div class="product"><a href="https://www.amazon.com/dp/B07XFJ5YKN?tag=eloabder-20&linkCode=osi&th=1&psc=1"><img src="https://m.media-amazon.com/images/I/31IiXY7q0uL._SL500_.jpg" alt="Product Image"></a><p>3 Pack Silicone mat Large Silicone Sheets for Crafts, Liquid, Resin Jewelry Casting Molds Mat, Silicone Placemat 15.7” x 11.8” (Blue & Rose Red & Green)</p><p> -33% 0FF </p><p>$7.99 ($2.66 / Count)</p><a href="https://www.amazon.com/dp/B07XFJ5YKN?tag=eloabder-20&linkCode=osi&th=1&psc=1">View Product</a></div>
<div class="product"><a href="https://www.amazon.com/dp/B0CYZC3TCM?tag=eloabder-20&linkCode=osi&th=1&psc=1"><img src="https://m.media-amazon.com/images/I/41vBPX7IX9L._SL500_.jpg" alt="Product Image"></a><p>Vanhench 36"x 2520" (210') Brown Kraft Paper Roll, Craft Paper, Wrapping Paper for Bulletin Board Paper Roll Art Craft Bouquet Flower Table Covering Poster Packing Shipping Moving Supplies 70GSM 55LB</p><p> -17% 0FF </p><p>$29.98 ($0.05 / Sq Ft)</p><a href="https://www.amazon.com/dp/B0CYZC3TCM?tag=eloabder-20&linkCode=osi&th=1&psc=1">View Product</a></div><div class="product"><a href="https://www.amazon.com/dp/B01HZMQJ8C?tag=eloabder-20&linkCode=osi&th=1&psc=1"><img src="https://m.media-amazon.com/images/I/41CQa4BxU7L._SL500_.jpg" alt="Product Image"></a><p>Colorations Art Paper, 9" x 12" Painting & Craft Paper, Finger Paints, Watercolor, Tempera, Drawing, Art Room & Homeschool Crafts 100 sheets</p><p> -6% 0FF </p><p>$14.99 ($0.15 / Count)</p><a href="https://www.amazon.com/dp/B01HZMQJ8C?tag=eloabder-20&linkCode=osi&th=1&psc=1">View Product</a></div>
<div class="product"><a href="https://www.amazon.com/dp/B08WHP8FX1?tag=eloabder-20&linkCode=osi&th=1&psc=1"><img src="https://m.media-amazon.com/images/I/51G7adQRmcL._SL500_.jpg" alt="Product Image"></a><p>Apple Barrel Acrylic Craft Paint Set, Matte Finish, Set of 8, 8 Fl Oz (Pack of 8), Assorted</p><p> -17% 0FF </p><p>$22.39 ($0.35 / Fl Oz)</p><a href="https://www.amazon.com/dp/B08WHP8FX1?tag=eloabder-20&linkCode=osi&th=1&psc=1">View Product</a></div><div class="product"><a href="https://www.amazon.com/dp/B08RYRW7SP?tag=eloabder-20&linkCode=osi&th=1&psc=1"><img src="https://m.media-amazon.com/images/I/51NgwH3pVpL._SL500_.jpg" alt="Product Image"></a><p>Shuttle Art Acrylic Paint Set, 25 Vintage Colours Acrylic Paints, 2oz/60ml Bottles, Rich Pigmented, Premium Acrylic Paints for Artists, Beginners and Kids on Rocks Crafts Canvas Wood Ceramic</p><p> -20% 0FF </p><p>$19.99 ($0.40 / Fl Oz)</p><a href="https://www.amazon.com/dp/B08RYRW7SP?tag=eloabder-20&linkCode=osi&th=1&psc=1">View Product</a></div>
<div class="product"><a href="https://www.amazon.com/dp/B08C5LKG4L?tag=eloabder-20&linkCode=osi&th=1&psc=1"><img src="https://m.media-amazon.com/images/I/510He-DL-US._SL500_.jpg" alt="Product Image"></a><p>12pcs Craft Hole Punch Shapes Set,Small Paper Puncher for Kids,Single Crafting Scrapbook Punches,Star,Butterfly,Leaf,Christmas Tree.Heart,Tag stamp Cards Mini Cutter Nail Arts crafts Punchers Supplies</p><p> -41% 0FF </p><p>$9.99</p><a href="https://www.amazon.com/dp/B08C5LKG4L?tag=eloabder-20&linkCode=osi&th=1&psc=1">View Product</a></div><div class="product"><a href="https://www.amazon.com/dp/B08VHGLBPT?tag=eloabder-20&linkCode=osi&th=1&psc=1"><img src="https://m.media-amazon.com/images/I/31UvXlbVq7L._SL500_.jpg" alt="Product Image"></a><p>QIQQIKIN Paper Corner Rounder 3 in 1 （R4mm+R7mm+R10mm）， Punches for Crafts， Cutter ，Envelope Punch Board ，Hole Puncher， Laminate, DIY Projects, Photo Cutter,Card Making Scrapbooking and Journaling</p><p> -54% 0FF </p><p>$5.99</p><a href="https://www.amazon.com/dp/B08VHGLBPT?tag=eloabder-20&linkCode=osi&th=1&psc=1">View Product</a></div>
<div class="product"><a href="https://www.amazon.com/dp/B08722TFPH?tag=eloabder-20&linkCode=osi&th=1&psc=1"><img src="https://m.media-amazon.com/images/I/51DqPIU5lcL._SL500_.jpg" alt="Product Image"></a><p>LIUYAXI 20 Colors 100 Yard Satin Ribbon Fabric Ribbon Silk Ribbon Assorted Colors Rolls, 2/5" Wide 5 Yard/Roll, Ribbons Perfect for Gift Wrapping,Crafts, Hair Bows, Wedding Party Decoration and More</p><p> -20% 0FF </p><p>$6.39 ($0.02 / Foot)</p><a href="https://www.amazon.com/dp/B08722TFPH?tag=eloabder-20&linkCode=osi&th=1&psc=1">View Product</a></div><div class="product"><a href="https://www.amazon.com/dp/B09VD664SF?tag=eloabder-20&linkCode=osi&th=1&psc=1"><img src="https://m.media-amazon.com/images/I/416ujI6fREL._SL500_.jpg" alt="Product Image"></a><p>YASEO 1 Inch Champaign Gold Solid Satin Ribbon, 50 Yards Craft Fabric Ribbon for Gift Wrapping Floral Bouquets Wedding Party Decoration</p><p> -15% 0FF </p><p>$6.79 ($0.05 / Foot)</p><a href="https://www.amazon.com/dp/B09VD664SF?tag=eloabder-20&linkCode=osi&th=1&psc=1">View Product</a></div><div class="product"><a href="https://www.amazon.com/dp/B0999BWTRD?tag=eloabder-20&linkCode=osi&th=1&psc=1"><img src="https://m.media-amazon.com/images/I/31y0rlK1bIL._SL500_.jpg" alt="Product Image"></a><p>Vitalizart Handmade Chiffon Silk Ribbon Fringe Green & Cream 1.5" x 21 Yd Frayed Edges Ribbons for Wedding Invitations Bridal Bouquets Gifts Wrapping Crafts Holiday Party Decorations</p><p> -21% 0FF </p><p>$14.99 ($0.24 / Foot)</p><a href="https://www.amazon.com/dp/B0999BWTRD?tag=eloabder-20&linkCode=osi&th=1&psc=1">View Product</a></div><div class="product"><a href="https://www.amazon.com/dp/B0CS59KQ52?tag=eloabder-20&linkCode=osi&th=1&psc=1"><img src="https://m.media-amazon.com/images/I/41JGsqqFc0L._SL500_.jpg" alt="Product Image"></a><p>Ribbli Pink Satin Ribbon 3/8 Inch x 4 Rolls Total 40 Yards- White/Light Pink/Pink/Hot Pink Ribbon for Gift Wrapping Craft Wedding Decoration</p><p> -29% 0FF </p><p>$9.99 ($0.08 / Foot)</p><a href="https://www.amazon.com/dp/B0CS59KQ52?tag=eloabder-20&linkCode=osi&th=1&psc=1">View Product</a></div>
<div class="product"><a href="https://www.amazon.com/dp/B07FDV6NN3?tag=eloabder-20&linkCode=osi&th=1&psc=1"><img src="https://m.media-amazon.com/images/I/41cwit3vbXL._SL500_.jpg" alt="Product Image"></a><p>Juvale Wooden Rings for Crafts, Macrame, Crochet, Jewelry Making, Natural Unfinished 3 Inch Wood Rings (75mm, 30 Pack)</p><p> -13% 0FF </p><p>$16.49</p><a href="https://www.amazon.com/dp/B07FDV6NN3?tag=eloabder-20&linkCode=osi&th=1&psc=1">View Product</a></div><div class="product"><a href="https://www.amazon.com/dp/B0CLXW96T8?tag=eloabder-20&linkCode=osi&th=1&psc=1"><img src="https://m.media-amazon.com/images/I/41U4yOgr+XL._SL500_.jpg" alt="Product Image"></a><p>50 PCS 50mm Unfinished Wooden Rings for Craft, Nature Solid Wood Rings for DIY Crafts Without Paint, Macrame Wooden Rings for Ring Pendant and Connectors Jewelry Making</p><p> -50% 0FF </p><p>$4.49</p><a href="https://www.amazon.com/dp/B0CLXW96T8?tag=eloabder-20&linkCode=osi&th=1&psc=1">View Product</a></div><div class="product"><a href="https://www.amazon.com/dp/B09BLCGGQH?tag=eloabder-20&linkCode=osi&th=1&psc=1"><img src="https://m.media-amazon.com/images/I/41khWby2u3L._SL500_.jpg" alt="Product Image"></a><p>Mr. Pen- Wooden Rings, 2.7", 10 Pack, Wooden Rings for Crafts, Wood Rings, Macrame Rings, Wood Rings for Crafts, Wooden Ring, Wooden Rings for Macrame, Craft Rings, Wood Ring, Wood Teething Ring</p><p> -30% 0FF </p><p>$6.95</p><a href="https://www.amazon.com/dp/B09BLCGGQH?tag=eloabder-20&linkCode=osi&th=1&psc=1">View Product</a></div>
<div class="product"><a href="https://www.amazon.com/dp/B072RV8SC7?tag=eloabder-20&linkCode=osi&th=1&psc=1"><img src="https://m.media-amazon.com/images/I/31dSkcEq21L._SL500_.jpg" alt="Product Image"></a><p>Westcott 5" Micro-Tip Craft Scissors with Titanium-Bonded Blades for Crafting, Sewing & More</p><p> -53% 0FF </p><p>$7.50</p><a href="https://www.amazon.com/dp/B072RV8SC7?tag=eloabder-20&linkCode=osi&th=1&psc=1">View Product</a></div><div class="product"><a href="https://www.amazon.com/dp/B07H4N8DL9?tag=eloabder-20&linkCode=osi&th=1&psc=1"><img src="https://m.media-amazon.com/images/I/41qf77NvDqL._SL500_.jpg" alt="Product Image"></a><p>Scissors Bulk Set of 5-Pack, Niutop 8" Multipurpose Sharp Sewing Craft Fabric Scissors for Office Home High/Middle School Student Office Teacher Art Supplies, Soft Comfort-Grip Right/Left Handles</p><p> -31% 0FF </p><p>$6.89 ($1.38 / Count)</p><a href="https://www.amazon.com/dp/B07H4N8DL9?tag=eloabder-20&linkCode=osi&th=1&psc=1">View Product</a></div><div class="product"><a href="https://www.amazon.com/dp/B0CFJNX6DR?tag=eloabder-20&linkCode=osi&th=1&psc=1"><img src="https://m.media-amazon.com/images/I/41MtlRnWlwL._SL500_.jpg" alt="Product Image"></a><p>Mr. Pen- Craft Scissors Decorative Edge, 6 Pack, Craft Scissors, Zig Zag Scissors, Decorative Scissors, Scrapbooking Scissors, Fancy Scissors, Scissors for Crafting, Pattern Scissors, Design Scissors</p><p> -21% 0FF </p><p>$7.85</p><a href="https://www.amazon.com/dp/B0CFJNX6DR?tag=eloabder-20&linkCode=osi&th=1&psc=1">View Product</a></div><div class="product"><a href="https://www.amazon.com/dp/B079L16LN6?tag=eloabder-20&linkCode=osi&th=1&psc=1"><img src="https://m.media-amazon.com/images/I/31XwkWsWIrS._SL500_.jpg" alt="Product Image"></a><p>LIVINGO Premium Tailor Scissors Heavy Duty Multi-Purpose Titanium Coating Forged Stainless Steel Sewing Fabric Leather Dressmaking Comfort Grip Shears Professional Crafting (9.5 INCH)</p><p> -30% 0FF </p><p>$13.99</p><a href="https://www.amazon.com/dp/B079L16LN6?tag=eloabder-20&linkCode=osi&th=1&psc=1">View Product</a></div><div class="product"><a href="https://www.amazon.com/dp/B001KYQP22?tag=eloabder-20&linkCode=osi&th=1&psc=1"><img src="https://m.media-amazon.com/images/I/31Cg9f0+hkL._SL500_.jpg" alt="Product Image"></a><p>Scotch 6" Precision Scissors, Great for Everyday Use (1446)</p><p> -21% 0FF </p><p>$4.94</p><a href="https://www.amazon.com/dp/B001KYQP22?tag=eloabder-20&linkCode=osi&th=1&psc=1">View Product</a></div><div class="product"><a href="https://www.amazon.com/dp/B07H4LTQ1D?tag=eloabder-20&linkCode=osi&th=1&psc=1"><img src="https://m.media-amazon.com/images/I/41Nhiysl2XL._SL500_.jpg" alt="Product Image"></a><p>LIVINGO 2 Pack 8" Titanium Non-Stick Scissors, Professional Stainless Steel Comfort Grip, All-Purpose, Straight Office Craft Scissors for DIY(Red/Black)</p><p> -50% 0FF </p><p>$9.99</p><a href="https://www.amazon.com/dp/B07H4LTQ1D?tag=eloabder-20&linkCode=osi&th=1&psc=1">View Product</a></div>
<div class="product"><a href="https://www.amazon.com/dp/B072JW6NQT?tag=eloabder-20&linkCode=osi&th=1&psc=1"><img src="https://m.media-amazon.com/images/I/61uY6781clL._SL500_.jpg" alt="Product Image"></a><p>260 Pieces Colorful Glitter Foam Stickers Self Adhesive Stars Mini Heart Shapes Glitter Stickers, Kid's Arts Craft Supplies Greeting Cards Home Decoration Stars&Heart Shapes</p><p> -33% 0FF </p><p>$6.74 ($0.03 / Count)</p><a href="https://www.amazon.com/dp/B072JW6NQT?tag=eloabder-20&linkCode=osi&th=1&psc=1">View Product</a></div><div class="product"><a href="https://www.amazon.com/dp/B00290N4NY?tag=eloabder-20&linkCode=osi&th=1&psc=1"><img src="https://m.media-amazon.com/images/I/41hejL-+6qL._SL500_.jpg" alt="Product Image"></a><p>Creative Arts by Charles Leonard Foam Shapes, Assorted Colors, 264 Pieces/Bag (70526)</p><p> -7% 0FF </p><p>$7.10</p><a href="https://www.amazon.com/dp/B00290N4NY?tag=eloabder-20&linkCode=osi&th=1&psc=1">View Product</a></div><div class="product"><a href="https://www.amazon.com/dp/B09KG4RZ6J?tag=eloabder-20&linkCode=osi&th=1&psc=1"><img src="https://m.media-amazon.com/images/I/415lhoEhZ4L._SL500_.jpg" alt="Product Image"></a><p>100PCS Unfinished Blank Wood Pieces, 4 x 4 Inch Natural Wooden Slices Star & Heart Shape Cutouts for DIY Crafts Pyrograph Painting Staining Burning Engraving Carving Coasters</p><p> -50% 0FF </p><p>$9.49</p><a href="https://www.amazon.com/dp/B09KG4RZ6J?tag=eloabder-20&linkCode=osi&th=1&psc=1">View Product</a></div><div class="product"><a href="https://www.amazon.com/dp/B000F8V6BY?tag=eloabder-20&linkCode=osi&th=1&psc=1"><img src="https://m.media-amazon.com/images/I/41pWKfVnCpL._SL500_.jpg" alt="Product Image"></a><p>Creativity Street Natural Wood Shapes - 1000 Piece Assortment</p><p> -48% 0FF </p><p>$19.99</p><a href="https://www.amazon.com/dp/B000F8V6BY?tag=eloabder-20&linkCode=osi&th=1&psc=1">View Product</a></div>
<div class="product"><a href="https://www.amazon.com/dp/B0C8T7G5PX?tag=eloabder-20&linkCode=osi&th=1&psc=1"><img src="https://m.media-amazon.com/images/I/61Uk3mYLt1L._SL500_.jpg" alt="Product Image"></a><p>120Pcs Vintage Stickers, Waterproof Scrapbook Aesthetic Sticker, Daily Planner, Water Bottles, Handbook Junk Diary Stickers Teens Adults, Scrapbooking Supplies for DIY Paper Crafts</p><p> -44% 0FF </p><p>$4.49 ($0.04 / Count)</p><a href="https://www.amazon.com/dp/B0C8T7G5PX?tag=eloabder-20&linkCode=osi&th=1&psc=1">View Product</a></div><div class="product"><a href="https://www.amazon.com/dp/B09C8HTDWP?tag=eloabder-20&linkCode=osi&th=1&psc=1"><img src="https://m.media-amazon.com/images/I/61CXW4fAMYL._SL500_.jpg" alt="Product Image"></a><p>Knaid Vintage Scrapbook Supplies Pack (200 Pieces) for Junk Journal Bullet Journals Planners Botanical Paper Stickers Craft Kits Aesthetic Cottagecore Collage Album (Nature)</p><p> -38% 0FF </p><p>$7.99 ($0.04 / Count)</p><a href="https://www.amazon.com/dp/B09C8HTDWP?tag=eloabder-20&linkCode=osi&th=1&psc=1">View Product</a></div><div class="product"><a href="https://www.amazon.com/dp/B07C3C55WD?tag=eloabder-20&linkCode=osi&th=1&psc=1"><img src="https://m.media-amazon.com/images/I/415xE6CNe-L._SL500_.jpg" alt="Product Image"></a><p>Lependor Black White Eye Stickers Labels -2000 Pcs Per Roll</p><p> -14% 0FF </p><p>$5.98</p><a href="https://www.amazon.com/dp/B07C3C55WD?tag=eloabder-20&linkCode=osi&th=1&psc=1">View Product</a></div>
<div class="product"><a href="https://www.amazon.com/dp/B07C8YSWDR?tag=eloabder-20&linkCode=osi&th=1&psc=1"><img src="https://m.media-amazon.com/images/I/21NSnmeygVL._SL500_.jpg" alt="Product Image"></a><p>novelinks Transparent 4" x 6" Photo Cases and Clear Craft Keeper with Handle - 16 Inner Cases Plastic Storage Container Box (Clear)</p><p> -31% 0FF </p><p>$24.99</p><a href="https://www.amazon.com/dp/B07C8YSWDR?tag=eloabder-20&linkCode=osi&th=1&psc=1">View Product</a></div><div class="product"><a href="https://www.amazon.com/dp/B00FZVPWO8?tag=eloabder-20&linkCode=osi&th=1&psc=1"><img src="https://m.media-amazon.com/images/I/41RO8A3v88L._SL500_.jpg" alt="Product Image"></a><p>IRIS USA Plastic Pencil Case Box Craft Hobby Art School Supply Storage Organizer Container with Latching Lid, 10-Pack, for Bead Pens Ribbons Wahi Tape Sticker Yarn Ornaments, Stackable, Clear, Small</p><p> -9% 0FF </p><p>$14.63 ($1.46 / Count)</p><a href="https://www.amazon.com/dp/B00FZVPWO8?tag=eloabder-20&linkCode=osi&th=1&psc=1">View Product</a></div><div class="product"><a href="https://www.amazon.com/dp/B0C8RXPQH5?tag=eloabder-20&linkCode=osi&th=1&psc=1"><img src="https://m.media-amazon.com/images/I/417+DSY9kaL._SL500_.jpg" alt="Product Image"></a><p>IRIS USA Plastic Storage Bins with Removable Tray for Organizing 9.4 Qt. Craft Organizers and Storage with Handle, Art Supply Storage Organizer, Arts and Crafts Organizer, Clear/Violet</p><p> -10% 0FF </p><p>$17.99</p><a href="https://www.amazon.com/dp/B0C8RXPQH5?tag=eloabder-20&linkCode=osi&th=1&psc=1">View Product</a></div><div class="product"><a href="https://www.amazon.com/dp/B07PW3Z5K6?tag=eloabder-20&linkCode=osi&th=1&psc=1"><img src="https://m.media-amazon.com/images/I/41-0CvaNdfL._SL500_.jpg" alt="Product Image"></a><p>OUTUXED 2pack 36 Grids Clear Plastic Organizer Box Container Craft Storage with Adjustable Dividers for Beads Organizer Art DIY Crafts Jewelry Fishing Tackles with 5 Sheets Label Stickers</p><p> -22% 0FF </p><p>$13.99 ($7.00 / Count)</p><a href="https://www.amazon.com/dp/B07PW3Z5K6?tag=eloabder-20&linkCode=osi&th=1&psc=1">View Product</a></div>
<div class="product"><a href="https://www.amazon.com/dp/B0C77HVR5G?tag=eloabder-20&linkCode=osi&th=1&psc=1"><img src="https://m.media-amazon.com/images/I/61ObPp2RlRL._SL500_.jpg" alt="Product Image"></a><p>Selizo 12 Rolls Nylon String for Bracelets, Chinese Knotting Nylon Cord for Jewelry Making, Nylon Beading Thread for Kumihimo, Braided Bracelets, Necklaces, Macrame Craft, Wind Chime</p><p> -7% 0FF </p><p>$12.99 ($0.02 / Foot)</p><a href="https://www.amazon.com/dp/B0C77HVR5G?tag=eloabder-20&linkCode=osi&th=1&psc=1">View Product</a></div><div class="product"><a href="https://www.amazon.com/dp/B0CJT9N6NY?tag=eloabder-20&linkCode=osi&th=1&psc=1"><img src="https://m.media-amazon.com/images/I/51FnHCLGgzL._SL500_.jpg" alt="Product Image"></a><p>50 Skeins Embroidery Floss Rainbow Color Per Pack Cross Stitch Threads Friendship Bracelets Floss Crafts Floss (50)</p><p> -50% 0FF </p><p>$4.99</p><a href="https://www.amazon.com/dp/B0CJT9N6NY?tag=eloabder-20&linkCode=osi&th=1&psc=1">View Product</a></div>
<div class="product"><a href="https://www.amazon.com/dp/B089T7PX27?tag=eloabder-20&linkCode=osi&th=1&psc=1"><img src="https://m.media-amazon.com/images/I/41aDJyks7kL._SL500_.jpg" alt="Product Image"></a><p>Crayola Air Dry Clay (5lbs), Natural White Modeling Clay for Kids, Sculpting Material, Bulk Craft Supplies for School Classrooms [Amazon Exclusive]</p><p> -18% 0FF </p><p>$10.62</p><a href="https://www.amazon.com/dp/B089T7PX27?tag=eloabder-20&linkCode=osi&th=1&psc=1">View Product</a></div><div class="product"><a href="https://www.amazon.com/dp/B09HBVBSMS?tag=eloabder-20&linkCode=osi&th=1&psc=1"><img src="https://m.media-amazon.com/images/I/51jD0QyqmfL._SL500_.jpg" alt="Product Image"></a><p>445 PCS Vintage Scrapbook Paper Journaling Scrapbooking Supplies Kit Aesthetic Decorative Craft Paper include 40 Sheet Flowers Stickers for Planner, Bullet Journaling, Junk Journal, Retro Crafts</p><p> -16% 0FF </p><p>$10.07 ($10.07 / Count)</p><a href="https://www.amazon.com/dp/B09HBVBSMS?tag=eloabder-20&linkCode=osi&th=1&psc=1">View Product</a></div><div class="product"><a href="https://www.amazon.com/dp/B092CMPBPW?tag=eloabder-20&linkCode=osi&th=1&psc=1"><img src="https://m.media-amazon.com/images/I/41bjib63eGL._SL500_.jpg" alt="Product Image"></a><p>KTOJOY 100Pcs Jumbo Wooden Craft Sticks Popsicle Stick 6” Long x 3/4”Wide Treat Ice Pop for DIY Crafts，Home Art Projects, Classroom Supplies</p><p> -29% 0FF </p><p>$4.99</p><a href="https://www.amazon.com/dp/B092CMPBPW?tag=eloabder-20&linkCode=osi&th=1&psc=1">View Product</a></div><div class="product"><a href="https://www.amazon.com/dp/B01LWIYJH3?tag=eloabder-20&linkCode=osi&th=1&psc=1"><img src="https://m.media-amazon.com/images/I/51YUb9W2RZL._SL500_.jpg" alt="Product Image"></a><p>DECORA 500 Pieces 6mm -12mm Black Wiggle Googly Eyes with Self-Adhesive Backs for DIY Crafts Doll Making Sewing Supplies</p><p> -50% 0FF </p><p>$4.99</p><a href="https://www.amazon.com/dp/B01LWIYJH3?tag=eloabder-20&linkCode=osi&th=1&psc=1">View Product</a></div>
<div class="product"><a href="https://www.amazon.com/dp/B0BM4YBN63?tag=eloabder-20&linkCode=osi&th=1&psc=1"><img src="https://m.media-amazon.com/images/I/418RLJhy9mL._SL500_.jpg" alt="Product Image"></a><p>Best Choice Products Large Folding Sewing Table, Multipurpose Portable Craft Station & Side Desk w/Compact Design, Caster Wheels, Storage Shelves, 2 Storage Trays, Magnetic Doors - White</p><p> -24% 0FF </p><p>$144.98</p><a href="https://www.amazon.com/dp/B0BM4YBN63?tag=eloabder-20&linkCode=osi&th=1&psc=1">View Product</a></div><div class="product"><a href="https://www.amazon.com/dp/B0B96X3JT2?tag=eloabder-20&linkCode=osi&th=1&psc=1"><img src="https://m.media-amazon.com/images/I/31BtnYvgAuL._SL500_.jpg" alt="Product Image"></a><p>MELLCOM Height Adjustable Craft Table with Storage Shelves, Mobile Folding Cutting Table for Large Fabric, Foldable Table for Home Office Sewing Room Craft Room</p><p> -13% 0FF </p><p>$147.14</p><a href="https://www.amazon.com/dp/B0B96X3JT2?tag=eloabder-20&linkCode=osi&th=1&psc=1">View Product</a></div><div class="product"><a href="https://www.amazon.com/dp/B08GHGQP6T?tag=eloabder-20&linkCode=osi&th=1&psc=1"><img src="https://m.media-amazon.com/images/I/41vrF5yi4VL._SL500_.jpg" alt="Product Image"></a><p>Best Choice Products Folding Sewing Table Multipurpose Craft Station & Side Desk with Compact Design, Wheels, Shelves, Storage Trays, Pegs, Magnetic Doors, Metal Doorknobs - White</p><p> -8% 0FF </p><p>$109.99</p><a href="https://www.amazon.com/dp/B08GHGQP6T?tag=eloabder-20&linkCode=osi&th=1&psc=1">View Product</a></div><div class="product"><a href="https://www.amazon.com/dp/B0B6CNQQ5R?tag=eloabder-20&linkCode=osi&th=1&psc=1"><img src="https://m.media-amazon.com/images/I/41OGnJvFoBL._SL500_.jpg" alt="Product Image"></a><p>Giantex Craft Table with Storage, Artwork Sewing Table with 10 Large & Small Storage Compartments, 2 Sliding Drawer and 2 Shelves, 53inch Craft Drafting Writing Sewing Station Desk, White</p><p> -17% 0FF </p><p>$199.99</p><a href="https://www.amazon.com/dp/B0B6CNQQ5R?tag=eloabder-20&linkCode=osi&th=1&psc=1">View Product</a></div>
<div class="product"><a href="https://www.amazon.com/dp/B091FD53S7?tag=eloabder-20&linkCode=osi&th=1&psc=1"><img src="https://m.media-amazon.com/images/I/31tC6uNvagL._SL500_.jpg" alt="Product Image"></a><p>Craftzilla Colored Masking Tape - 11 Roll Multi-Pack, 825 Ft x 1 in Colorful Craft Tape – Vibrant Rainbow Colored Painters Tape – Great for Arts & Crafts, Labeling and Color-Coding</p><p> -23% 0FF </p><p>$21.44 ($1.95 / Count)</p><a href="https://www.amazon.com/dp/B091FD53S7?tag=eloabder-20&linkCode=osi&th=1&psc=1">View Product</a></div><div class="product"><a href="https://www.amazon.com/dp/B08L5PB8N6?tag=eloabder-20&linkCode=osi&th=1&psc=1"><img src="https://m.media-amazon.com/images/I/51GHDoUpNYL._SL500_.jpg" alt="Product Image"></a><p>Mr. Pen- Washi Tape Set, 21 Rolls, Decorative Cute Floral Washi Tape for Bible Journaling, Bullet Journal Supplies</p><p> -36% 0FF </p><p>$6.99</p><a href="https://www.amazon.com/dp/B08L5PB8N6?tag=eloabder-20&linkCode=osi&th=1&psc=1">View Product</a></div><div class="product"><a href="https://www.amazon.com/dp/B07G5TRF4R?tag=eloabder-20&linkCode=osi&th=1&psc=1"><img src="https://m.media-amazon.com/images/I/411vF809PnL._SL500_.jpg" alt="Product Image"></a><p>JONYEE Colored Masking Tape, Colored Painters Tape for Arts & Crafts, Labeling or Coding - Art Supplies for Kids - 6 Different Color Rolls - Masking Tape 1 Inch x 13 Yards (2.4cm X 12m)</p><p> -42% 0FF </p><p>$7.59 ($0.03 / Foot)</p><a href="https://www.amazon.com/dp/B07G5TRF4R?tag=eloabder-20&linkCode=osi&th=1&psc=1">View Product</a></div>
<div class="product"><a href="https://www.amazon.com/dp/B09XR1XBWG?tag=eloabder-20&linkCode=osi&th=1&psc=1"><img src="https://m.media-amazon.com/images/I/31h+RS-Nv6L._SL500_.jpg" alt="Product Image"></a><p>10PCS 7mil Blank Mylar Stencil Sheets,12X12 inch Milky Translucent PET Blank Stencils Sheets,Template Material for Cutting Machines, Laser Cutting, Food-Safe Craft Plastic</p><p> -11% 0FF </p><p>$7.99</p><a href="https://www.amazon.com/dp/B09XR1XBWG?tag=eloabder-20&linkCode=osi&th=1&psc=1">View Product</a></div><div class="product"><a href="https://www.amazon.com/dp/B08VF9WZ5V?tag=eloabder-20&linkCode=osi&th=1&psc=1"><img src="https://m.media-amazon.com/images/I/514BzvTuTAL._SL500_.jpg" alt="Product Image"></a><p>Boutique Calligraphy Stencil Template Kit - 45 Reusable Pieces Includes Lettering Upper and Lowercase both Large Small, Numbers, Punctuation, Laurels Flowers For Arts Crafts Painting Wood</p><p> -23% 0FF </p><p>$22.99</p><a href="https://www.amazon.com/dp/B08VF9WZ5V?tag=eloabder-20&linkCode=osi&th=1&psc=1">View Product</a></div><div class="product"><a href="https://www.amazon.com/dp/B0BYCQ7L8Y?tag=eloabder-20&linkCode=osi&th=1&psc=1"><img src="https://m.media-amazon.com/images/I/41ZW6Pj+rUL._SL500_.jpg" alt="Product Image"></a><p>Tamaki Circle Template Circle Round Stencil Templates for Drafting for Office and School Building Formwork Drawings Templates, Large and Small Size, 3 Pack</p><p> -22% 0FF </p><p>$6.99</p><a href="https://www.amazon.com/dp/B0BYCQ7L8Y?tag=eloabder-20&linkCode=osi&th=1&psc=1">View Product</a></div>
<div class="product"><a href="https://www.amazon.com/dp/B001AH5EXK?tag=eloabder-20&linkCode=osi&th=1&psc=1"><img src="https://m.media-amazon.com/images/I/417030sMkFL._SL500_.jpg" alt="Product Image"></a><p>Surebonder Cordless Hot Glue Gun, High Temperature, Full Size, 60W, 50% More Power - Sturdily Bonds Metal, Wood, Ceramics, Leather & Other Strong Materials (Specialty Series CL-800F)</p><p> -46% 0FF </p><p>$12.40</p><a href="https://www.amazon.com/dp/B001AH5EXK?tag=eloabder-20&linkCode=osi&th=1&psc=1">View Product</a></div><div class="product"><a href="https://www.amazon.com/dp/B08H528HCX?tag=eloabder-20&linkCode=osi&th=1&psc=1"><img src="https://m.media-amazon.com/images/I/51DP2NKuq1L._SL500_.jpg" alt="Product Image"></a><p>Jewelry Pliers, Acejoz 6pcs Jewelry Making Tools Kit Includs Needle Round Nose Pliers, Wire Cutters, Crimping Pliers, Bent Nose Pliers, End Nippers for Beading Craft</p><p> -6% 0FF </p><p>$16.99</p><a href="https://www.amazon.com/dp/B08H528HCX?tag=eloabder-20&linkCode=osi&th=1&psc=1">View Product</a></div>

<div class="product"><a href="https://www.amazon.com/dp/B0BLV5S1HV?tag=eloabder-20&linkCode=osi&th=1&psc=1"><img src="https://m.media-amazon.com/images/I/51fXn6Tp3wL._SL500_.jpg" alt="Product Image"></a><p>30 Pack Basswood Sheets 12"x12"x1/8", 3mm Basswood for Laser Cutting, Thin Plywood Board Unfinished Wood for Crafts, DIY Architectural Models Making, Wood Engraving, Wood Burning Product.</p><p> -18% 0FF </p><p>$32.89</p><a href="https://www.amazon.com/dp/B0BLV5S1HV?tag=eloabder-20&linkCode=osi&th=1&psc=1">View Product</a></div><div class="product"><a href="https://www.amazon.com/dp/B083TT4XVN?tag=eloabder-20&linkCode=osi&th=1&psc=1"><img src="https://m.media-amazon.com/images/I/41QMxzlQglL._SL500_.jpg" alt="Product Image"></a><p>6" Jumbo Wood Craft Sticks - Pack of 1,000</p><p> -8% 0FF </p><p>$15.61 ($0.02 / Count)</p><a href="https://www.amazon.com/dp/B083TT4XVN?tag=eloabder-20&linkCode=osi&th=1&psc=1">View Product</a></div>
<div class="product"><a href="https://www.amazon.com/dp/B08QZ69GJM?tag=eloabder-20&linkCode=osi&th=1&psc=1"><img src="https://m.media-amazon.com/images/I/51zjX4hictL._SL500_.jpg" alt="Product Image"></a><p>Polymer Clay 50 Colors, Modeling Clay for Kids DIY Starter Kits, Oven Baked Model Clay, Non-Sticky Molding Clay with Sculpting Tools, Gift for Children and Artists (50 Colors A)</p><p> -27% 0FF </p><p>$21.99</p><a href="https://www.amazon.com/dp/B08QZ69GJM?tag=eloabder-20&linkCode=osi&th=1&psc=1">View Product</a></div><div class="product"><a href="https://www.amazon.com/dp/B093P5QK9B?tag=eloabder-20&linkCode=osi&th=1&psc=1"><img src="https://m.media-amazon.com/images/I/51N0pYvtv-L._SL500_.jpg" alt="Product Image"></a><p>FlyFlag Air Dry Clay Kit - 36 Colors, Soft & Ultra Light, Modeling Clay for Kids with Accessories, Tools and Tutorials</p><p> -29% 0FF </p><p>$16.98</p><a href="https://www.amazon.com/dp/B093P5QK9B?tag=eloabder-20&linkCode=osi&th=1&psc=1">View Product</a></div><div class="product"><a href="https://www.amazon.com/dp/B0CRD3HNHT?tag=eloabder-20&linkCode=osi&th=1&psc=1"><img src="https://m.media-amazon.com/images/I/51THopNyk-L._SL500_.jpg" alt="Product Image"></a><p>CiaraQ Polymer Clay 51 Colors, Modeling Clay for Kids, Oven Bake Clay with Sculpting Tools, Non Toxic, Ideal for Sculpture, Crafting, DIY Projects. (Assorted Colors, 0.7oz/Colors)</p><p> -44% 0FF </p><p>$16.79</p><a href="https://www.amazon.com/dp/B0CRD3HNHT?tag=eloabder-20&linkCode=osi&th=1&psc=1">View Product</a></div>
<div class="product"><a href="https://www.amazon.com/dp/B07ZGFK411?tag=eloabder-20&linkCode=osi&th=1&psc=1"><img src="https://m.media-amazon.com/images/I/41e3h9sXdtL._SL500_.jpg" alt="Product Image"></a><p>Shynek Jewelry Pliers, 3pcs, Tools with Needle/Chain Nose Pliers, Round Nose Pliers and Wire Cutter for Jewelry Repair, Wire Wrapping, Crafts, Jewelry Making Supplies</p><p> -11% 0FF </p><p>$7.99</p><a href="https://www.amazon.com/dp/B07ZGFK411?tag=eloabder-20&linkCode=osi&th=1&psc=1">View Product</a></div><div class="product"><a href="https://www.amazon.com/dp/B0B8QBVXXR?tag=eloabder-20&linkCode=osi&th=1&psc=1"><img src="https://m.media-amazon.com/images/I/31SXtqvQA8L._SL500_.jpg" alt="Product Image"></a><p>WORKPRO Jewelry Pliers Set, 3 Pack Jewelry Making Tool Kit Includes Mini Needle Nose Pliers/Chain Nose Pliers, Round Nose Pliers and Wire Cutter for Jewelry Repair, DIY Crafts, Jewelry Making Supplies</p><p> -31% 0FF </p><p>$8.99</p><a href="https://www.amazon.com/dp/B0B8QBVXXR?tag=eloabder-20&linkCode=osi&th=1&psc=1">View Product</a></div><div class="product"><a href="https://www.amazon.com/dp/B0CYPCD5KS?tag=eloabder-20&linkCode=osi&th=1&psc=1"><img src="https://m.media-amazon.com/images/I/41ojIhg30DL._SL500_.jpg" alt="Product Image"></a><p>4 Pack Jewelry Making Pliers Tools Set, Jewelry Pliers with Needle Nose Pliers, Round Nose Pliers, Bent Nose Pliers, Wire Jewelry Pliers for Jewelry Craft Making Repair Supplies</p><p> -11% 0FF </p><p>$7.88</p><a href="https://www.amazon.com/dp/B0CYPCD5KS?tag=eloabder-20&linkCode=osi&th=1&psc=1">View Product</a></div>
<div class="product"><a href="https://www.amazon.com/dp/B08NY4HWVH?tag=eloabder-20&linkCode=osi&th=1&psc=1"><img src="https://m.media-amazon.com/images/I/41qHSFWo+AL._SL500_.jpg" alt="Product Image"></a><p>Fansunta 100pcs 15.7x0.35 Inch Strong Natural Bamboo Sticks, Wooden Craft Sticks, Extra Long Sticks, Wood Strips for Craft Projects</p><p> -13% 0FF </p><p>$11.99</p><a href="https://www.amazon.com/dp/B08NY4HWVH?tag=eloabder-20&linkCode=osi&th=1&psc=1">View Product</a></div><div class="product"><a href="https://www.amazon.com/dp/B00W68CVEW?tag=eloabder-20&linkCode=osi&th=1&psc=1"><img src="https://m.media-amazon.com/images/I/41EtWBlJWXL._SL500_.jpg" alt="Product Image"></a><p>KOLE IMPORTS Skinny Natural Wood Craft Sticks</p><p> -12% 0FF </p><p>$4.38</p><a href="https://www.amazon.com/dp/B00W68CVEW?tag=eloabder-20&linkCode=osi&th=1&psc=1">View Product</a></div><div class="product"><a href="https://www.amazon.com/dp/B08XQQ69WD?tag=eloabder-20&linkCode=osi&th=1&psc=1"><img src="https://m.media-amazon.com/images/I/51yd67LjFaS._SL500_.jpg" alt="Product Image"></a><p>HOPELF 25PCS Dowel Rods Wood Sticks Wooden Dowel Rods - 1/4 x 12 Inch Bamboo Sticks - for Crafts，Hardwood Dowel Rod Assortment，Wooden Rod Sticks Doweling Rods， Cake Dowels and DIYers.</p><p> -9% 0FF </p><p>$4.99</p><a href="https://www.amazon.com/dp/B08XQQ69WD?tag=eloabder-20&linkCode=osi&th=1&psc=1">View Product</a></div><div class="product"><a href="https://www.amazon.com/dp/B081R25K4S?tag=eloabder-20&linkCode=osi&th=1&psc=1"><img src="https://m.media-amazon.com/images/I/41vxFW4BIvL._SL500_.jpg" alt="Product Image"></a><p>Perfect Stix - PS-114st-1,000 4.5" Craft Sticks/ Ice Cream Sticks/ Natural Wood - Box of 1,000ct</p><p> -6% 0FF </p><p>$13.15</p><a href="https://www.amazon.com/dp/B081R25K4S?tag=eloabder-20&linkCode=osi&th=1&psc=1">View Product</a></div><div class="product"><a href="https://www.amazon.com/dp/B0BLYTVS2T?tag=eloabder-20&linkCode=osi&th=1&psc=1"><img src="https://m.media-amazon.com/images/I/51+kkj4MnOL._SL500_.jpg" alt="Product Image"></a><p>150 Pcs Dowel Rods, 1/8 x 12 Inch Wooden Dowels Craft Wood Sticks Unfinished Natural Bamboo Sticks for Flower Bouquet Crafts and DIYers</p><p> -11% 0FF </p><p>$7.99</p><a href="https://www.amazon.com/dp/B0BLYTVS2T?tag=eloabder-20&linkCode=osi&th=1&psc=1">View Product</a></div>

<div class="product"><a href="https://www.amazon.com/dp/B09QXCP828?tag=eloabder-20&linkCode=osi&th=1&psc=1"><img src="https://m.media-amazon.com/images/I/61SVk6IlsmL._SL500_.jpg" alt="Product Image"></a><p>66 Pcs Small Stencils for Painting on Wood 3 Inch Reusable Fall Stencils Flower Animal Deer Bear Butterfly Bird Mountain Themed DIY Craft Template Paint Stencils for Wall Home Decor</p><p> -17% 0FF </p><p>$9.99</p><a href="https://www.amazon.com/dp/B09QXCP828?tag=eloabder-20&linkCode=osi&th=1&psc=1">View Product</a></div>
<div class="product"><a href="https://www.amazon.com/dp/B0019NBZQK?tag=eloabder-20&linkCode=osi&th=1&psc=1"><img src="https://m.media-amazon.com/images/I/41+u+qzqb3L._SL500_.jpg" alt="Product Image"></a><p>Excel Blades 44283 Craftsman Hobby Knife Set, Precision Cutting Tool Set, Craft Knife Set Includes Assortment of Light Duty to Heavy Duty Handles and 13 Blades</p><p> -16% 0FF </p><p>$23.37</p><a href="https://www.amazon.com/dp/B0019NBZQK?tag=eloabder-20&linkCode=osi&th=1&psc=1">View Product</a></div>
<div class="product"><a href="https://www.amazon.com/dp/B00FX9G28C?tag=eloabder-20&linkCode=osi&th=1&psc=1"><img src="https://m.media-amazon.com/images/I/41kEiPT3HRL._SL500_.jpg" alt="Product Image"></a><p>Crayola Classic Color Pack Crayons, 24 Count, (Pack of 4)</p><p> -31% 0FF </p><p>$6.36</p><a href="https://www.amazon.com/dp/B00FX9G28C?tag=eloabder-20&linkCode=osi&th=1&psc=1">View Product</a></div><div class="product"><a href="https://www.amazon.com/dp/B002OF2C50?tag=eloabder-20&linkCode=osi&th=1&psc=1"><img src="https://m.media-amazon.com/images/I/51Z+wK6C2VL._SL500_.jpg" alt="Product Image"></a><p>Crayola Crayons 8 in a Box (Pack of 12) 96 Crayons Total</p><p> -34% 0FF </p><p>$14.41</p><a href="https://www.amazon.com/dp/B002OF2C50?tag=eloabder-20&linkCode=osi&th=1&psc=1">View Product</a></div><div class="product"><a href="https://www.amazon.com/dp/B06XDJJ6D1?tag=eloabder-20&linkCode=osi&th=1&psc=1"><img src="https://m.media-amazon.com/images/I/516tOQjdgIL._SL500_.jpg" alt="Product Image"></a><p>Color Swell Bulk Crayon Packs - 36 Boxes of 24 Vibrant Colored Durable Bulk Crayons of Teacher Quality for Classroom and Home</p><p> -13% 0FF </p><p>$35.75</p><a href="https://www.amazon.com/dp/B06XDJJ6D1?tag=eloabder-20&linkCode=osi&th=1&psc=1">View Product</a></div>
<div class="product"><a href="https://www.amazon.com/dp/B07JPL5NYX?tag=eloabder-20&linkCode=osi&th=1&psc=1"><img src="https://m.media-amazon.com/images/I/31B4rKplkML._SL500_.jpg" alt="Product Image"></a><p>Similane 6 Pieces Aida Cloth 14 Count Cross Stitch Fabric, White, 12 by 18-Inch</p><p> -20% 0FF </p><p>$7.99 ($1.33 / Count)</p><a href="https://www.amazon.com/dp/B07JPL5NYX?tag=eloabder-20&linkCode=osi&th=1&psc=1">View Product</a></div><div class="product"><a href="https://www.amazon.com/dp/B002PNZJWO?tag=eloabder-20&linkCode=osi&th=1&psc=1"><img src="https://m.media-amazon.com/images/I/21LQQ7uAHaL._SL500_.jpg" alt="Product Image"></a><p>DMC TC8836-6750 Silver Label Aida Count with Soft Tube, White, 15 by 18-Inch, 18-Pack</p><p> -9% 0FF </p><p>$6.22</p><a href="https://www.amazon.com/dp/B002PNZJWO?tag=eloabder-20&linkCode=osi&th=1&psc=1">View Product</a></div>
<div class="product"><a href="https://www.amazon.com/dp/B0747JY5Q2?tag=eloabder-20&linkCode=osi&th=1&psc=1"><img src="https://m.media-amazon.com/images/I/61lazF8OahL._SL500_.jpg" alt="Product Image"></a><p>Paxcoo 124 Skeins Embroidery Floss Cross Stitch Thread with Needles</p><p> -38% 0FF </p><p>$9.99 ($0.00 / Foot)</p><a href="https://www.amazon.com/dp/B0747JY5Q2?tag=eloabder-20&linkCode=osi&th=1&psc=1">View Product</a></div><div class="product"><a href="https://www.amazon.com/dp/B0CCY9RYWJ?tag=eloabder-20&linkCode=osi&th=1&psc=1"><img src="https://m.media-amazon.com/images/I/51cdtuPMMzL._SL500_.jpg" alt="Product Image"></a><p>Sukh 100 Colour Embroidery Thread - Rainbow Embroidery Floss Bulk Hand Embroidery Thread Variegated Embroidery Floss Cross Stitch Thread Crewel Embroidery Floss for DIY Sewing Embroidery Crafts Making</p><p> -30% 0FF </p><p>$6.99 ($6.99 / Foot)</p><a href="https://www.amazon.com/dp/B0CCY9RYWJ?tag=eloabder-20&linkCode=osi&th=1&psc=1">View Product</a></div><div class="product"><a href="https://www.amazon.com/dp/B07TF4W6FW?tag=eloabder-20&linkCode=osi&th=1&psc=1"><img src="https://m.media-amazon.com/images/I/6185yuapSeS._SL500_.jpg" alt="Product Image"></a><p>LOVIMAG Premium Rainbow Color Embroidery Floss 140 Skeins Per Pack with Cotton for Cross Stitch Threads, Bracelet Yarn, Craft Floss, Aroic Embroidery Floss Set</p><p> -17% 0FF </p><p>$9.99</p><a href="https://www.amazon.com/dp/B07TF4W6FW?tag=eloabder-20&linkCode=osi&th=1&psc=1">View Product</a></div><div class="product"><a href="https://www.amazon.com/dp/B07VCK2L9J?tag=eloabder-20&linkCode=osi&th=1&psc=1"><img src="https://m.media-amazon.com/images/I/31Xrh3bNBML._SL500_.jpg" alt="Product Image"></a><p>Embroidery Floss Bobbins, 128 Pcs Embroidery Floss Organizer, Plastic Embroidery Thread Cards for Cross Stitch Thread Holder Sewing Storage(White)</p><p> -45% 0FF </p><p>$5.99 ($0.05 / Count)</p><a href="https://www.amazon.com/dp/B07VCK2L9J?tag=eloabder-20&linkCode=osi&th=1&psc=1">View Product</a></div>
<div class="product"><a href="https://www.amazon.com/dp/B07HCGVVTM?tag=eloabder-20&linkCode=osi&th=1&psc=1"><img src="https://m.media-amazon.com/images/I/51fHLo2KTbL._SL500_.jpg" alt="Product Image"></a><p>Caydo 6 Pieces Embroidery Hoop Set Circle Cross Stitch Hoop Ring 4 inch to 10 inch for Embroidery and Cross Stitch</p><p> -11% 0FF </p><p>$7.99</p><a href="https://www.amazon.com/dp/B07HCGVVTM?tag=eloabder-20&linkCode=osi&th=1&psc=1">View Product</a></div><div class="product"><a href="https://www.amazon.com/dp/B07TXQH7M2?tag=eloabder-20&linkCode=osi&th=1&psc=1"><img src="https://m.media-amazon.com/images/I/517d5A8-q8L._SL500_.jpg" alt="Product Image"></a><p>Caydo 6 Pieces Embroidery Hoops and 15 Needles, Plastic Circle Cross Stitch Hoop Ring Embroidery Circle Set, 3.4 inch to 10.4 inch (Multicolor)</p><p> -20% 0FF </p><p>$7.99</p><a href="https://www.amazon.com/dp/B07TXQH7M2?tag=eloabder-20&linkCode=osi&th=1&psc=1">View Product</a></div>
<div class="product"><a href="https://www.amazon.com/dp/B08JQ47WV1?tag=eloabder-20&linkCode=osi&th=1&psc=1"><img src="https://m.media-amazon.com/images/I/519CRDDfB4L._SL500_.jpg" alt="Product Image"></a><p>Uphome 3 Pack Embroidery Starter Kit for Beginners Stamped Cross Stitch Kits with Cute Flowers and Plants Patterns with 1 Embroidery Hoop and Color Threads for Adults Kids</p><p> -6% 0FF </p><p>$14.99</p><a href="https://www.amazon.com/dp/B08JQ47WV1?tag=eloabder-20&linkCode=osi&th=1&psc=1">View Product</a></div><div class="product"><a href="https://www.amazon.com/dp/B09F9YBHRN?tag=eloabder-20&linkCode=osi&th=1&psc=1"><img src="https://m.media-amazon.com/images/I/51tXfPB7qyL._SL500_.jpg" alt="Product Image"></a><p>Cross Stitch Kits for Beginners (Flower Theme - 6.75 Inch - 4 Pack 1 x Embroidery Hoop) DIY Embroidery Needlepoint Patterns for Adults, Includes Poppy, Rose, Sunflower and Pansy. Complete Set Included</p><p> -10% 0FF </p><p>$8.99</p><a href="https://www.amazon.com/dp/B09F9YBHRN?tag=eloabder-20&linkCode=osi&th=1&psc=1">View Product</a></div><div class="product"><a href="https://www.amazon.com/dp/B0BK1X8CNZ?tag=eloabder-20&linkCode=osi&th=1&psc=1"><img src="https://m.media-amazon.com/images/I/51gdjGEDDZL._SL500_.jpg" alt="Product Image"></a><p>Dimensions Nighttime Camping Adventure Cross Stitch Kit for Beginners, 5" x 7", 14 Cnt. Navy Aida, 4pcs</p><p> -18% 0FF </p><p>$9.82</p><a href="https://www.amazon.com/dp/B0BK1X8CNZ?tag=eloabder-20&linkCode=osi&th=1&psc=1">View Product</a></div><div class="product"><a href="https://www.amazon.com/dp/B005IDB6ZM?tag=eloabder-20&linkCode=osi&th=1&psc=1"><img src="https://m.media-amazon.com/images/I/61C0cz-Z29L._SL500_.jpg" alt="Product Image"></a><p>Janlynn 50222 Counted Cross Stitch Kit 7.75"X11.25", Joy in The Journey (14 Count), Blue</p><p> -7% 0FF </p><p>$15.83</p><a href="https://www.amazon.com/dp/B005IDB6ZM?tag=eloabder-20&linkCode=osi&th=1&psc=1">View Product</a></div>
<div class="product"><a href="https://www.amazon.com/dp/B004QRUNIW?tag=eloabder-20&linkCode=osi&th=1&psc=1"><img src="https://m.media-amazon.com/images/I/41pq4l1iyqL._SL500_.jpg" alt="Product Image"></a><p>DMC Size 24 Cross Stitch Needles</p><p> -11% 0FF </p><p>$4.63</p><a href="https://www.amazon.com/dp/B004QRUNIW?tag=eloabder-20&linkCode=osi&th=1&psc=1">View Product</a></div><div class="product"><a href="https://www.amazon.com/dp/B000XZTOOA?tag=eloabder-20&linkCode=osi&th=1&psc=1"><img src="https://m.media-amazon.com/images/I/313-rt10fSS._SL500_.jpg" alt="Product Image"></a><p>DMC 1767-24 Tapestry Hand Needles, 6-Pack, Size 24</p><p> -87% 0FF </p><p>$1.15</p><a href="https://www.amazon.com/dp/B000XZTOOA?tag=eloabder-20&linkCode=osi&th=1&psc=1">View Product</a></div><div class="product"><a href="https://www.amazon.com/dp/B081B5W2M4?tag=eloabder-20&linkCode=osi&th=1&psc=1"><img src="https://m.media-amazon.com/images/I/41b8dWe+4IL._SL500_.jpg" alt="Product Image"></a><p>DMC 3 Pack Size 22-24-26 (One Pack Each)-Cross Stitch Needles - Total 18 Needles - New Package</p><p> -14% 0FF </p><p>$8.00</p><a href="https://www.amazon.com/dp/B081B5W2M4?tag=eloabder-20&linkCode=osi&th=1&psc=1">View Product</a></div><div class="product"><a href="https://www.amazon.com/dp/B07D23QZP6?tag=eloabder-20&linkCode=osi&th=1&psc=1"><img src="https://m.media-amazon.com/images/I/41-e-zzpwJL._SL500_.jpg" alt="Product Image"></a><p>3 Pack DMC Size 26 Cross Stitch Needles (Total 18 Needles) - New Package</p><p> -8% 0FF </p><p>$6.80</p><a href="https://www.amazon.com/dp/B07D23QZP6?tag=eloabder-20&linkCode=osi&th=1&psc=1">View Product</a></div>
<div class="product"><a href="https://www.amazon.com/dp/B00FRH24AK?tag=eloabder-20&linkCode=osi&th=1&psc=1"><img src="https://m.media-amazon.com/images/I/413pdt9daNL._SL500_.jpg" alt="Product Image"></a><p>Dimensions Mason Jar Counted Cross Stitch Kit, 14 Count White Aida, 18'' x 7''.</p><p> -48% 0FF </p><p>$17.63</p><a href="https://www.amazon.com/dp/B00FRH24AK?tag=eloabder-20&linkCode=osi&th=1&psc=1">View Product</a></div><div class="product"><a href="https://www.amazon.com/dp/B005IDB37I?tag=eloabder-20&linkCode=osi&th=1&psc=1"><img src="https://m.media-amazon.com/images/I/51tVdGtvvQL._SL500_.jpg" alt="Product Image"></a><p>Janlynn Counted Cross Stitch Kit, The Lord's Prayer, Blue, By the yard</p><p> -29% 0FF </p><p>$10.00</p><a href="https://www.amazon.com/dp/B005IDB37I?tag=eloabder-20&linkCode=osi&th=1&psc=1">View Product</a></div>
<div class="product"><a href="https://www.amazon.com/dp/B0C65K1RLJ?tag=eloabder-20&linkCode=osi&th=1&psc=1"><img src="https://m.media-amazon.com/images/I/61Rq55Q-b-L._SL500_.jpg" alt="Product Image"></a><p>ATDAWN Rainbow Color Embroidery, Cross Stitch Threads, Bracelets, Crafts Floss, 50 Count</p><p> -17% 0FF </p><p>$4.99</p><a href="https://www.amazon.com/dp/B0C65K1RLJ?tag=eloabder-20&linkCode=osi&th=1&psc=1">View Product</a></div>
<div class="product"><a href="https://www.amazon.com/dp/B000YZASYO?tag=eloabder-20&linkCode=osi&th=1&psc=1"><img src="https://m.media-amazon.com/images/I/41Qm59P+WnL._SL500_.jpg" alt="Product Image"></a><p>Fiskars Self Healing Cutting Mat with Grid for Sewing, Quilting, and Crafts - 24" x 36” Grid - Gray</p><p> -50% 0FF </p><p>$32.46</p><a href="https://www.amazon.com/dp/B000YZASYO?tag=eloabder-20&linkCode=osi&th=1&psc=1">View Product</a></div><div class="product"><a href="https://www.amazon.com/dp/B0BB27B3FB?tag=eloabder-20&linkCode=osi&th=1&psc=1"><img src="https://m.media-amazon.com/images/I/31URROrDo1L._SL500_.jpg" alt="Product Image"></a><p>Paper Cutter, Paper Trimmer with Safety Guard, 12" Cut Length Paper Slicer with 16 Sheet Capacity Paper Cutting Board,Guillotine Paper Cutters and Trimmers for Cardstock Cardboard Vinyl (Gray)</p><p> -27% 0FF </p><p>$18.99</p><a href="https://www.amazon.com/dp/B0BB27B3FB?tag=eloabder-20&linkCode=osi&th=1&psc=1">View Product</a></div><div class="product"><a href="https://www.amazon.com/dp/B08DHMBSKB?tag=eloabder-20&linkCode=osi&th=1&psc=1"><img src="https://m.media-amazon.com/images/I/51UuiPNgxYL._SL500_.jpg" alt="Product Image"></a><p>Headley Tools 18"x12" Thickened Self Healing Cutting Mat, A3 Rotary Cutting Sewing Mat for Crafts, Double Sided 5-Ply Table Cutting Board for Fabric Quilting Art Hobby Project, Pink/Purple</p><p> -41% 0FF </p><p>$9.98</p><a href="https://www.amazon.com/dp/B08DHMBSKB?tag=eloabder-20&linkCode=osi&th=1&psc=1">View Product</a></div>

<div class="product"><a href="https://www.amazon.com/dp/B09YY3SVKS?tag=eloabder-20&linkCode=osi&th=1&psc=1"><img src="https://m.media-amazon.com/images/I/41f730BkCAL._SL500_.jpg" alt="Product Image"></a><p>Oythiem Knife Pen Craft Cutting Tools - Precision Paper Cutter Pen with Refillable Tungsten Steel Cutter Head Refill, 6 PACK</p><p> -13% 0FF </p><p>$6.99 ($1.16 / Count)</p><a href="https://www.amazon.com/dp/B09YY3SVKS?tag=eloabder-20&linkCode=osi&th=1&psc=1">View Product</a></div><div class="product"><a href="https://www.amazon.com/dp/B07QQBCBBL?tag=eloabder-20&linkCode=osi&th=1&psc=1"><img src="https://m.media-amazon.com/images/I/51jpKBKj85L._SL500_.jpg" alt="Product Image"></a><p>Anezus Craft Knife Precision Cutter and Self Healing Cutting Craft Mat Hobby Knife Set with 30 PCS Knife for Art Hobby Craft Scrapbooking Stencil</p><p> -47% 0FF </p><p>$8.99 ($0.28 / Count)</p><a href="https://www.amazon.com/dp/B07QQBCBBL?tag=eloabder-20&linkCode=osi&th=1&psc=1">View Product</a></div><div class="product"><a href="https://www.amazon.com/dp/B0B8J1LQY5?tag=eloabder-20&linkCode=osi&th=1&psc=1"><img src="https://m.media-amazon.com/images/I/41gjtckliVL._SL500_.jpg" alt="Product Image"></a><p>SnapFresh Cordless Electric Scissors, 4V Electric Mini Cutter, Carpet & Cardboard Cutter Tool with a Replacement Blade/Charger, Rotary Cutter for Cardboard Packages Leather Plastic （Green）</p><p> -28% 0FF </p><p>$35.99</p><a href="https://www.amazon.com/dp/B0B8J1LQY5?tag=eloabder-20&linkCode=osi&th=1&psc=1">View Product</a></div>
<div class="product"><a href="https://www.amazon.com/dp/B007UT6BDE?tag=eloabder-20&linkCode=osi&th=1&psc=1"><img src="https://m.media-amazon.com/images/I/618FCl1rVUL._SL500_.jpg" alt="Product Image"></a><p>Roylco Decorative Hues Paper, 8-1/2 X 5-1/2 in, Pack of 192 - 1435530</p><p> -12% 0FF </p><p>$19.99 ($0.10 / Count)</p><a href="https://www.amazon.com/dp/B007UT6BDE?tag=eloabder-20&linkCode=osi&th=1&psc=1">View Product</a></div><div class="product"><a href="https://www.amazon.com/dp/B0B4WM4T2V?tag=eloabder-20&linkCode=osi&th=1&psc=1"><img src="https://m.media-amazon.com/images/I/41PvWu7mXhL._SL500_.jpg" alt="Product Image"></a><p>Outuxed 400 Sheets Tissue Paper Bulk for Gift Bags, 40 Multicolor Tissue Paper for Gift Wrapping, 11.5” x 8” Rainbow Tissue Paper for Decorative Art Crafts Festival Decorations DIY Flower Pom Pom</p><p> -30% 0FF </p><p>$6.99 ($0.02 / Count)</p><a href="https://www.amazon.com/dp/B0B4WM4T2V?tag=eloabder-20&linkCode=osi&th=1&psc=1">View Product</a></div>
<div class="product"><a href="https://www.amazon.com/dp/B00B7E0JGS?tag=eloabder-20&linkCode=osi&th=1&psc=1"><img src="https://m.media-amazon.com/images/I/31XF-LedlPL._SL500_.jpg" alt="Product Image"></a><p>EK Success Tools Edge Punch, Large, Diamond Flowers</p><p> -8% 0FF </p><p>$16.99</p><a href="https://www.amazon.com/dp/B00B7E0JGS?tag=eloabder-20&linkCode=osi&th=1&psc=1">View Product</a></div><div class="product"><a href="https://www.amazon.com/dp/B09H6VJJHX?tag=eloabder-20&linkCode=osi&th=1&psc=1"><img src="https://m.media-amazon.com/images/I/41RFYDqpw8L._SL500_.jpg" alt="Product Image"></a><p>2 Pieces Heart and Star Handheld Hole Paper Punch Metal Single Hole Paper Punch Punchers with Soft-Handled Tags for Clothing Ticket DIY Craft Tags Scrapbook Tool, 1/4 inch</p><p> -9% 0FF </p><p>$9.99</p><a href="https://www.amazon.com/dp/B09H6VJJHX?tag=eloabder-20&linkCode=osi&th=1&psc=1">View Product</a></div><div class="product"><a href="https://www.amazon.com/dp/B0BCVKG3PM?tag=eloabder-20&linkCode=osi&th=1&psc=1"><img src="https://m.media-amazon.com/images/I/411GAS9weBL._SL500_.jpg" alt="Product Image"></a><p>MIAO JIN 2PCS Craft Punch Hemming Punch Big Tool Edge Paper Punch Hand Scrapbooking Edge Punch Fancy Border Punch Fancy Hole Punch DIY Art scrapbooks, Gift Cards, Wedding Cards, Decorations</p><p> -6% 0FF </p><p>$16.99</p><a href="https://www.amazon.com/dp/B0BCVKG3PM?tag=eloabder-20&linkCode=osi&th=1&psc=1">View Product</a></div>
<div class="product"><a href="https://www.amazon.com/dp/B06ZZ5K124?tag=eloabder-20&linkCode=osi&th=1&psc=1"><img src="https://m.media-amazon.com/images/I/61XFkBFxYXL._SL500_.jpg" alt="Product Image"></a><p>Agutape 30 Rolls Washi Masking Tape Set,Decorative Craft Tape Collection for DIY and Gift Wrapping with Colorful Designs and Patterns</p><p> -22% 0FF </p><p>$6.99 ($0.02 / Foot)</p><a href="https://www.amazon.com/dp/B06ZZ5K124?tag=eloabder-20&linkCode=osi&th=1&psc=1">View Product</a></div>
<div class="product"><a href="https://www.amazon.com/dp/B00R50G1I8?tag=eloabder-20&linkCode=osi&th=1&psc=1"><img src="https://m.media-amazon.com/images/I/31XgMDb7tOL._SL500_.jpg" alt="Product Image"></a><p>Sizzix 660200 Big Shot Manual Die, 6 Inches</p><p> -31% 0FF </p><p>$94.78</p><a href="https://www.amazon.com/dp/B00R50G1I8?tag=eloabder-20&linkCode=osi&th=1&psc=1">View Product</a></div><div class="product"><a href="https://www.amazon.com/dp/B0746FQR66?tag=eloabder-20&linkCode=osi&th=1&psc=1"><img src="https://m.media-amazon.com/images/I/41cvyr3S4bL._SL500_.jpg" alt="Product Image"></a><p>Sizzix Sidekick Starter Kit 661770 Portable Manual Die Cutting & Embossing Machine for Arts & Crafts, Scrapbooking & Cardmaking, 6.35 cm Opening, 2.5" Opening, White</p><p> -36% 0FF </p><p>$36.96</p><a href="https://www.amazon.com/dp/B0746FQR66?tag=eloabder-20&linkCode=osi&th=1&psc=1">View Product</a></div><div class="product"><a href="https://www.amazon.com/dp/B084PWDN97?tag=eloabder-20&linkCode=osi&th=1&psc=1"><img src="https://m.media-amazon.com/images/I/31oXNnohDrL._SL500_.jpg" alt="Product Image"></a><p>Sizzix Big Shot Switch Plus Starter Kit (White), Electric Die Cutting & Embossing Machine For Arts & Crafts, Card Making, Scrapbooking & Papercraft (9-inch Opening)</p><p> -27% 0FF </p><p>$238.55</p><a href="https://www.amazon.com/dp/B084PWDN97?tag=eloabder-20&linkCode=osi&th=1&psc=1">View Product</a></div><div class="product"><a href="https://www.amazon.com/dp/B0B1DJF6C1?tag=eloabder-20&linkCode=osi&th=1&psc=1"><img src="https://m.media-amazon.com/images/I/413RKYc57PL._SL500_.jpg" alt="Product Image"></a><p>Mini Die Cutting and Embossing Machine for DIY Crafts 3.5" Feed Slot for 3" Paper and Other Materials</p><p> -15% 0FF </p><p>$34.19</p><a href="https://www.amazon.com/dp/B0B1DJF6C1?tag=eloabder-20&linkCode=osi&th=1&psc=1">View Product</a></div><div class="product"><a href="https://www.amazon.com/dp/B07YB8XV3Z?tag=eloabder-20&linkCode=osi&th=1&psc=1"><img src="https://m.media-amazon.com/images/I/31ijkd8Lb7L._SL500_.jpg" alt="Product Image"></a><p>Crafter's Companion - Gemini - Mini Manual Die Cutting and Embossing Machine, White</p><p> -29% 0FF </p><p>$31.75</p><a href="https://www.amazon.com/dp/B07YB8XV3Z?tag=eloabder-20&linkCode=osi&th=1&psc=1">View Product</a></div>
<div class="product"><a href="https://www.amazon.com/dp/B07KGH6VVB?tag=eloabder-20&linkCode=osi&th=1&psc=1"><img src="https://m.media-amazon.com/images/I/61UMbNlb4ML._SL500_.jpg" alt="Product Image"></a><p>Cutting Dies Stencil Triangle Square Rectangle Round Ellipse Metal Mould for DIY Scrapbook Album Paper Card</p><p> -10% 0FF </p><p>$14.39</p><a href="https://www.amazon.com/dp/B07KGH6VVB?tag=eloabder-20&linkCode=osi&th=1&psc=1">View Product</a></div><div class="product"><a href="https://www.amazon.com/dp/B0CYLGRC6H?tag=eloabder-20&linkCode=osi&th=1&psc=1"><img src="https://m.media-amazon.com/images/I/51SinekXt0L._SL500_.jpg" alt="Product Image"></a><p>Hexagonal Picture Frame Scrapbooking Die-Cuts,DIY Art Cutting Dies,Metal Cutting Dies for Crafts,Cut Dies for Card Making Suitable for Party,Wedding,Holiday…</p><p> -20% 0FF </p><p>$7.20</p><a href="https://www.amazon.com/dp/B0CYLGRC6H?tag=eloabder-20&linkCode=osi&th=1&psc=1">View Product</a></div><div class="product"><a href="https://www.amazon.com/dp/B006MLJIVI?tag=eloabder-20&linkCode=osi&th=1&psc=1"><img src="https://m.media-amazon.com/images/I/41JNYtODCOL._SL500_.jpg" alt="Product Image"></a><p>Ellison SureCut Die 16677-LG, Holiday, 10 Pack, 5 7/8" x 4 7/8" x 1"</p><p> -8% 0FF </p><p>$139.73</p><a href="https://www.amazon.com/dp/B006MLJIVI?tag=eloabder-20&linkCode=osi&th=1&psc=1">View Product</a></div>
<div class="product"><a href="https://www.amazon.com/dp/B0BJGRH85F?tag=eloabder-20&linkCode=osi&th=1&psc=1"><img src="https://m.media-amazon.com/images/I/41A84YvFpCL._SL500_.jpg" alt="Product Image"></a><p>Cricut Joy Machine & Digital Content Library Bundle - Includes 30 images in Design Space App - Portable DIY Smart Machine for creating customized cards, crafts, & labels</p><p> -34% 0FF </p><p>$99.00</p><a href="https://www.amazon.com/dp/B0BJGRH85F?tag=eloabder-20&linkCode=osi&th=1&psc=1">View Product</a></div>
<div class="product"><a href="https://www.amazon.com/dp/B07TJNPV76?tag=eloabder-20&linkCode=osi&th=1&psc=1"><img src="https://m.media-amazon.com/images/I/516RCtPt8FL._SL500_.jpg" alt="Product Image"></a><p>BARWA 57 Pack Doll Clothes and Accessories 5 Fashion Dresses 4 Tops 4 Pants Outfits 3 Wedding Gown Dresses 3 Swimsuits Bikini 5 Mini Dresses, 10 Hangers 15 Shoes Computer Cosmetic for 11.5 inch Doll</p><p> -14% 0FF </p><p>$18.99</p><a href="https://www.amazon.com/dp/B07TJNPV76?tag=eloabder-20&linkCode=osi&th=1&psc=1">View Product</a></div><div class="product"><a href="https://www.amazon.com/dp/B09YTWSKBH?tag=eloabder-20&linkCode=osi&th=1&psc=1"><img src="https://m.media-amazon.com/images/I/51l3VgeMGeL._SL500_.jpg" alt="Product Image"></a><p>Mayboos Needle Felting Kit,12 Pieces Doll Making Wool Needle Felting Starter Kit with Instruction,Felting Foam Mat and DIY Needle Felting Supply for DIY Craft Animal Home Decoration Birthday Gift</p><p> -35% 0FF </p><p>$22.09</p><a href="https://www.amazon.com/dp/B09YTWSKBH?tag=eloabder-20&linkCode=osi&th=1&psc=1">View Product</a></div><div class="product"><a href="https://www.amazon.com/dp/B0749W9PJ5?tag=eloabder-20&linkCode=osi&th=1&psc=1"><img src="https://m.media-amazon.com/images/I/518ANTzhqBL._SL500_.jpg" alt="Product Image"></a><p>Craft-tastic Learn to Sew Kit – 7 Fun Projects and Reusable Materials to Teach Basic Sewing Stitches, Embroidery & More--Ages 7+</p><p> -10% 0FF </p><p>$17.95</p><a href="https://www.amazon.com/dp/B0749W9PJ5?tag=eloabder-20&linkCode=osi&th=1&psc=1">View Product</a></div><div class="product"><a href="https://www.amazon.com/dp/B0CBVF4CD5?tag=eloabder-20&linkCode=osi&th=1&psc=1"><img src="https://m.media-amazon.com/images/I/51bR1o0kePL._SL500_.jpg" alt="Product Image"></a><p>Fedmut Needle Felting Kit, Animal Needle Felting Kit for Beginner Adult with Felting Wool, Felting Foam Mat, Felting Needles and Video Instructions, Complete Start Kit for Craft DIY Needle Felting</p><p> -15% 0FF </p><p>$6.79</p><a href="https://www.amazon.com/dp/B0CBVF4CD5?tag=eloabder-20&linkCode=osi&th=1&psc=1">View Product</a></div>
<div class="product"><a href="https://www.amazon.com/dp/B0027A397C?tag=eloabder-20&linkCode=osi&th=1&psc=1"><img src="https://m.media-amazon.com/images/I/517I9iGWpQL._SL500_.jpg" alt="Product Image"></a><p>Strathmore 200 Series Sketch Pad, 8.5x11 inch, 100 Sheets, Side Wire - Artist Sketchbook for Drawing, Illustration, Art Class Students</p><p> -26% 0FF </p><p>$7.99</p><a href="https://www.amazon.com/dp/B0027A397C?tag=eloabder-20&linkCode=osi&th=1&psc=1">View Product</a></div><div class="product"><a href="https://www.amazon.com/dp/B07T3NGD8B?tag=eloabder-20&linkCode=osi&th=1&psc=1"><img src="https://m.media-amazon.com/images/I/41hwTCl5LCL._SL500_.jpg" alt="Product Image"></a><p>UCreate Poly Cover Sketch Book, Heavyweight, 9" x 12", Black, 75 Sheets</p><p> -24% 0FF </p><p>$7.29</p><a href="https://www.amazon.com/dp/B07T3NGD8B?tag=eloabder-20&linkCode=osi&th=1&psc=1">View Product</a></div><div class="product"><a href="https://www.amazon.com/dp/B0B7N2Q1NQ?tag=eloabder-20&linkCode=osi&th=1&psc=1"><img src="https://m.media-amazon.com/images/I/51E78AJyMrL._SL500_.jpg" alt="Product Image"></a><p>Caliart 176PCS Art Supplies Sketching Kit with 100 Sheets 3-Color Sketch Book, Graphite Colored Charcoal Watercolor & Metallic Pencils, School Supplies Gifts for Artists Adults Teens Girls Boys Kids</p><p> -31% 0FF </p><p>$24.99</p><a href="https://www.amazon.com/dp/B0B7N2Q1NQ?tag=eloabder-20&linkCode=osi&th=1&psc=1">View Product</a></div>
<div class="product"><a href="https://www.amazon.com/dp/B0012NCOJY?tag=eloabder-20&linkCode=osi&th=1&psc=1"><img src="https://m.media-amazon.com/images/I/41b+WM+NthL._SL500_.jpg" alt="Product Image"></a><p>Pacon 4746 Art1st Sketch Pad, 60 lbs. Heavyweight Drawing Paper. 9 x 12, 50 Sheets</p><p> -51% 0FF </p><p>$3.96 ($0.08 / Count)</p><a href="https://www.amazon.com/dp/B0012NCOJY?tag=eloabder-20&linkCode=osi&th=1&psc=1">View Product</a></div><div class="product"><a href="https://www.amazon.com/dp/B001B0F3J6?tag=eloabder-20&linkCode=osi&th=1&psc=1"><img src="https://m.media-amazon.com/images/I/31xSYmcOmIL._SL500_.jpg" alt="Product Image"></a><p>Pacon Drawing Paper, White, Standard Weight, 9" x 12", 500 Sheets</p><p> -20% 0FF </p><p>$16.91</p><a href="https://www.amazon.com/dp/B001B0F3J6?tag=eloabder-20&linkCode=osi&th=1&psc=1">View Product</a></div><div class="product"><a href="https://www.amazon.com/dp/B000A7OPAO?tag=eloabder-20&linkCode=osi&th=1&psc=1"><img src="https://m.media-amazon.com/images/I/51tDMDAC+oL._SL500_.jpg" alt="Product Image"></a><p>Strathmore Medium Drawing Spiral Paper Pad 11"X14"-24 Sheets -400500</p><p> -33% 0FF </p><p>$6.49</p><a href="https://www.amazon.com/dp/B000A7OPAO?tag=eloabder-20&linkCode=osi&th=1&psc=1">View Product</a></div><div class="product"><a href="https://www.amazon.com/dp/B00246YOY6?tag=eloabder-20&linkCode=osi&th=1&psc=1"><img src="https://m.media-amazon.com/images/I/51JQCBpAcoL._SL500_.jpg" alt="Product Image"></a><p>Strathmore 300 Series Drawing Paper Pad, Top Wire Bound, 9x12 inches, 50 Sheets (70lb/114g) - Artist Paper for Adults and Students - Charcoal, Colored Pencil, Ink, Pastel, Marker</p><p> -18% 0FF </p><p>$9.99</p><a href="https://www.amazon.com/dp/B00246YOY6?tag=eloabder-20&linkCode=osi&th=1&psc=1">View Product</a></div>
<div class="product"><a href="https://www.amazon.com/dp/B0BNDN87NX?tag=eloabder-20&linkCode=osi&th=1&psc=1"><img src="https://m.media-amazon.com/images/I/51NywOCibJL._SL500_.jpg" alt="Product Image"></a><p>Micro Fineliner Drawing Art Pens: 12 Black Fine Line Waterproof Ink Set Artist Supplies Archival Inking Markers Liner Professional Sketch Outline Anime Sketching Watercolor Zentangle Gift Stuff</p><p> -17% 0FF </p><p>$9.99</p><a href="https://www.amazon.com/dp/B0BNDN87NX?tag=eloabder-20&linkCode=osi&th=1&psc=1">View Product</a></div><div class="product"><a href="https://www.amazon.com/dp/B088B9ZNXC?tag=eloabder-20&linkCode=osi&th=1&psc=1"><img src="https://m.media-amazon.com/images/I/512tY3nGvHL._SL500_.jpg" alt="Product Image"></a><p>TWOHANDS Art Pens,Fineliner Ink Pens,Set of 12 Technical Drawing pen,Pigment Pen,Fine Point,Black,Waterproof,for Art Watercolor,Sketching,Anime,Manga, 902188</p><p> -38% 0FF </p><p>$9.99</p><a href="https://www.amazon.com/dp/B088B9ZNXC?tag=eloabder-20&linkCode=osi&th=1&psc=1">View Product</a></div><div class="product"><a href="https://www.amazon.com/dp/B08BZYK2NY?tag=eloabder-20&linkCode=osi&th=1&psc=1"><img src="https://m.media-amazon.com/images/I/41FCRf7Bf9L._SL500_.jpg" alt="Product Image"></a><p>Mr. Pen- Drawing Pens for Artists, 8 Pack Black Multiliner/Fineliner Micro Anime/Sketch Pens, Line Art/Inking Pens, Fine Point Bible Journaling Pens</p><p> -33% 0FF </p><p>$7.99</p><a href="https://www.amazon.com/dp/B08BZYK2NY?tag=eloabder-20&linkCode=osi&th=1&psc=1">View Product</a></div><div class="product"><a href="https://www.amazon.com/dp/B000TKEZDO?tag=eloabder-20&linkCode=osi&th=1&psc=1"><img src="https://m.media-amazon.com/images/I/31pwtogn53L._SL500_.jpg" alt="Product Image"></a><p>Faber-Castell Art & Graphic Pitt Artist Pen India Ink Pen, Black, Wallet Of 4, For Art, Craft, Drawing, Sketching, Home, School, University, Colouring</p><p> -43% 0FF </p><p>$7.50 ($1.88 / Count)</p><a href="https://www.amazon.com/dp/B000TKEZDO?tag=eloabder-20&linkCode=osi&th=1&psc=1">View Product</a></div><div class="product"><a href="https://www.amazon.com/dp/B01M71S9DU?tag=eloabder-20&linkCode=osi&th=1&psc=1"><img src="https://m.media-amazon.com/images/I/41prZ6JB6AL._SL500_.jpg" alt="Product Image"></a><p>Tombow 62038 Fudenosuke Brush Pen, 2-Pack. Soft and Hard Tip Fudenosuke Brush Pens for Calligraphy and Art Drawings</p><p> -18% 0FF </p><p>$5.87</p><a href="https://www.amazon.com/dp/B01M71S9DU?tag=eloabder-20&linkCode=osi&th=1&psc=1">View Product</a></div>
<div class="product"><a href="https://www.amazon.com/dp/B08FHMRW4L?tag=eloabder-20&linkCode=osi&th=1&psc=1"><img src="https://m.media-amazon.com/images/I/51Pmn5gjyzL._SL500_.jpg" alt="Product Image"></a><p>Mr. Pen- Sketch Pencils for Drawing, 14 Pack, Drawing Pencils, Art Pencils, Graphite Pencils, Graphite Pencils for Drawing, Art Pencils for Drawing and Shading</p><p> -45% 0FF </p><p>$5.99</p><a href="https://www.amazon.com/dp/B08FHMRW4L?tag=eloabder-20&linkCode=osi&th=1&psc=1">View Product</a></div><div class="product"><a href="https://www.amazon.com/dp/B09H278RXT?tag=eloabder-20&linkCode=osi&th=1&psc=1"><img src="https://m.media-amazon.com/images/I/51RJXKELRPL._SL500_.jpg" alt="Product Image"></a><p>Drawing Pencils Set of 14 (B - 12B) Sketching Pencils for Drawing, Shading & Doodling | Professional Sketch Pencils Graphite Grades for Artists & Beginners</p><p> -29% 0FF </p><p>$4.97</p><a href="https://www.amazon.com/dp/B09H278RXT?tag=eloabder-20&linkCode=osi&th=1&psc=1">View Product</a></div><div class="product"><a href="https://www.amazon.com/dp/B00006RVSK?tag=eloabder-20&linkCode=osi&th=1&psc=1"><img src="https://m.media-amazon.com/images/I/31CY7jj4YQL._SL500_.jpg" alt="Product Image"></a><p>Prismacolor Ebony Graphite Drawing Pencils, Black, Adult Coloring, Box Of 12</p><p> -38% 0FF </p><p>$7.30</p><a href="https://www.amazon.com/dp/B00006RVSK?tag=eloabder-20&linkCode=osi&th=1&psc=1">View Product</a></div>
<div class="product"><a href="https://www.amazon.com/dp/B095WXRNCM?tag=eloabder-20&linkCode=osi&th=1&psc=1"><img src="https://m.media-amazon.com/images/I/61iX6E0qmVL._SL500_.jpg" alt="Product Image"></a><p>Soucolor 73 Art Supplies for Adults Kids, Art Kit Drawing Supplies Sketching Pencils Coloring Set with Sketchbook, Coloring Book, Charcoal Metallic Graphite for Shading Blending, Gifts for Teen</p><p> -15% 0FF </p><p>$16.99</p><a href="https://www.amazon.com/dp/B095WXRNCM?tag=eloabder-20&linkCode=osi&th=1&psc=1">View Product</a></div>
<div class="product"><a href="https://www.amazon.com/dp/B09SG2T299?tag=eloabder-20&linkCode=osi&th=1&psc=1"><img src="https://m.media-amazon.com/images/I/61BtYbHF-BL._SL500_.jpg" alt="Product Image"></a><p>LAVEVE Dried Flowers, 21 Bags 100% Natural Dried Flowers Herbs Kit for Soap Making, DIY Candle, Bath, Resin Jewelry Making - Include Lavender, Don't Forget Me, Lily, Rose Petals, Jasmine and More</p><p> -17% 0FF </p><p>$11.99</p><a href="https://www.amazon.com/dp/B09SG2T299?tag=eloabder-20&linkCode=osi&th=1&psc=1">View Product</a></div><div class="product"><a href="https://www.amazon.com/dp/B08L1K1RNV?tag=eloabder-20&linkCode=osi&th=1&psc=1"><img src="https://m.media-amazon.com/images/I/61byW5PthAL._SL500_.jpg" alt="Product Image"></a><p>9 Bags Dried Flowers,100% Natural Dried Flowers Herbs Kit for Soap Making, DIY Candle Making,Bath - Include Rose Petals,Lavender,Don't Forget Me,Lilium,Jasmine,Rosebudsand More</p><p> -17% 0FF </p><p>$7.49</p><a href="https://www.amazon.com/dp/B08L1K1RNV?tag=eloabder-20&linkCode=osi&th=1&psc=1">View Product</a></div><div class="product"><a href="https://www.amazon.com/dp/B09TS8KZ3T?tag=eloabder-20&linkCode=osi&th=1&psc=1"><img src="https://m.media-amazon.com/images/I/61uRBe-uccL._SL500_.jpg" alt="Product Image"></a><p>SACATR Dried Flowers, 50 Bags 100% Natural Dried Herbs Kit for Soap Making, Candle, Resin Jewelry Making, Bath, Nail - Include Rose Petals, Rosebuds, Lilium, Jasmine, Don't Forget Me and More</p><p> -9% 0FF </p><p>$29.99 ($0.60 / Count)</p><a href="https://www.amazon.com/dp/B09TS8KZ3T?tag=eloabder-20&linkCode=osi&th=1&psc=1">View Product</a></div><div class="product"><a href="https://www.amazon.com/dp/B08DCN3B4Q?tag=eloabder-20&linkCode=osi&th=1&psc=1"><img src="https://m.media-amazon.com/images/I/613OohyofUL._SL500_.jpg" alt="Product Image"></a><p>Vignee Real Dried Pressed Leaf Flowers-Multiple Colorful Pressed Flowers Daisies for Craft Resin Jewelry Making Art Craft DIY（Violet）</p><p> -29% 0FF </p><p>$9.98</p><a href="https://www.amazon.com/dp/B08DCN3B4Q?tag=eloabder-20&linkCode=osi&th=1&psc=1">View Product</a></div>

<div class="product"><a href="https://www.amazon.com/dp/B09TT6964Q?tag=eloabder-20&linkCode=osi&th=1&psc=1"><img src="https://m.media-amazon.com/images/I/41zwxyx8wzL._SL500_.jpg" alt="Product Image"></a><p>Pin Vise Hand Drill for Jewelry Making - Craft911 Manual Craft Drill Sharp HSS Micro Mini Twist Drill Bits Set, Small Rotary Tools for Wood, Plastic, Miniature - Blue</p><p> -38% 0FF </p><p>$9.99</p><a href="https://www.amazon.com/dp/B09TT6964Q?tag=eloabder-20&linkCode=osi&th=1&psc=1">View Product</a></div><div class="product"><a href="https://www.amazon.com/dp/B01LX208SY?tag=eloabder-20&linkCode=osi&th=1&psc=1"><img src="https://m.media-amazon.com/images/I/41c5iHU7GAL._SL500_.jpg" alt="Product Image"></a><p>Tamiya - 74041 - Accessory for Model - Mini Electric Drill</p><p> -12% 0FF </p><p>$28.00</p><a href="https://www.amazon.com/dp/B01LX208SY?tag=eloabder-20&linkCode=osi&th=1&psc=1">View Product</a></div><div class="product"><a href="https://www.amazon.com/dp/B00470PNBK?tag=eloabder-20&linkCode=osi&th=1&psc=1"><img src="https://m.media-amazon.com/images/I/51nCqbTfr0L._SL500_.jpg" alt="Product Image"></a><p>3" Metal Cutting Wheels W/ 1/4" Mandrel, 5Pc #80210</p><p> -8% 0FF </p><p>$12.85</p><a href="https://www.amazon.com/dp/B00470PNBK?tag=eloabder-20&linkCode=osi&th=1&psc=1">View Product</a></div><div class="product"><a href="https://www.amazon.com/dp/B07PVPC8G5?tag=eloabder-20&linkCode=osi&th=1&psc=1"><img src="https://m.media-amazon.com/images/I/416MxAcnl2L._SL500_.jpg" alt="Product Image"></a><p>WSOOX Square Hole Drill Bits for Wood, Woodworking Hole Saw Mortising Chisel Drill Bits (Size: 1/4 inch, 5/16 inch, 3/8 inch, 1/2 inch)</p><p> -15% 0FF </p><p>$22.99</p><a href="https://www.amazon.com/dp/B07PVPC8G5?tag=eloabder-20&linkCode=osi&th=1&psc=1">View Product</a></div>
<div class="product"><a href="https://www.amazon.com/dp/B00AQ72LF4?tag=eloabder-20&linkCode=osi&th=1&psc=1"><img src="https://m.media-amazon.com/images/I/41w7DkJ50YL._SL500_.jpg" alt="Product Image"></a><p>Rit Purpose Liquid Dye, 8 Oz, Royal Blue</p><p> -45% 0FF </p><p>$3.49</p><a href="https://www.amazon.com/dp/B00AQ72LF4?tag=eloabder-20&linkCode=osi&th=1&psc=1">View Product</a></div><div class="product"><a href="https://www.amazon.com/dp/B001JGNPM4?tag=eloabder-20&linkCode=osi&th=1&psc=1"><img src="https://m.media-amazon.com/images/I/41AmSK-Cv5L._SL500_.jpg" alt="Product Image"></a><p>Rit Dye RIT COLORSTAY, 8 fl oz, Clear</p><p> -30% 0FF </p><p>$3.49 ($0.44 / Fl Oz)</p><a href="https://www.amazon.com/dp/B001JGNPM4?tag=eloabder-20&linkCode=osi&th=1&psc=1">View Product</a></div><div class="product"><a href="https://www.amazon.com/dp/B00UL9GRJI?tag=eloabder-20&linkCode=osi&th=1&psc=1"><img src="https://m.media-amazon.com/images/I/412cjSJpuKL._SL500_.jpg" alt="Product Image"></a><p>Rit DyeMore Liquid Dye, Chocolate Brown 7-Ounce</p><p> -59% 0FF </p><p>$4.47</p><a href="https://www.amazon.com/dp/B00UL9GRJI?tag=eloabder-20&linkCode=osi&th=1&psc=1">View Product</a></div><div class="product"><a href="https://www.amazon.com/dp/B0BSGFBS77?tag=eloabder-20&linkCode=osi&th=1&psc=1"><img src="https://m.media-amazon.com/images/I/51sB3k7QpOL._SL500_.jpg" alt="Product Image"></a><p>YRYM HT Epoxy Resin Pigment - 16 Colors Non-Toxic Epoxy Resin Color Pigment for Resin Coloring, Concentrated Resin Dye for Jewelry Making, Art, Paint, Crafts - 0.35oz/10ml Each</p><p> -9% 0FF </p><p>$9.99</p><a href="https://www.amazon.com/dp/B0BSGFBS77?tag=eloabder-20&linkCode=osi&th=1&psc=1">View Product</a></div>
<div class="product"><a href="https://www.amazon.com/dp/B097SKG9VM?tag=eloabder-20&linkCode=osi&th=1&psc=1"><img src="https://m.media-amazon.com/images/I/410hj1m+piL._SL500_.jpg" alt="Product Image"></a><p>Artify Easel for Painting, Double-Tier Easel Stand, Adjustable Height from 22-66 Inches, Tripod for Painting and Display with Carrying Bag, 66 Inches, Black</p><p> -23% 0FF </p><p>$19.99</p><a href="https://www.amazon.com/dp/B097SKG9VM?tag=eloabder-20&linkCode=osi&th=1&psc=1">View Product</a></div><div class="product"><a href="https://www.amazon.com/dp/B0B1Z93G2C?tag=eloabder-20&linkCode=osi&th=1&psc=1"><img src="https://m.media-amazon.com/images/I/41clhL8HDkL._SL500_.jpg" alt="Product Image"></a><p>JNZYB Easel Stand for Display Wedding Sign & Poster - 63 Inches Tall Easle for Display Holder - Portable Collapsable Poster Easel - Floor Adjustable Metal Painting Easels Tripod Black</p><p> -14% 0FF </p><p>$17.99</p><a href="https://www.amazon.com/dp/B0B1Z93G2C?tag=eloabder-20&linkCode=osi&th=1&psc=1">View Product</a></div><div class="product"><a href="https://www.amazon.com/dp/B07Z5BTQR3?tag=eloabder-20&linkCode=osi&th=1&psc=1"><img src="https://m.media-amazon.com/images/I/41-YRD77X0L._SL500_.jpg" alt="Product Image"></a><p>Nicpro Folding Easels for Display, 2 Pack 63 Inch Metal Floor Easel Stand Tripod Black Portable for Artist Poster Wedding with Carry Bag</p><p> -12% 0FF </p><p>$26.49</p><a href="https://www.amazon.com/dp/B07Z5BTQR3?tag=eloabder-20&linkCode=osi&th=1&psc=1">View Product</a></div>
<div class="product"><a href="https://www.amazon.com/dp/B0BXKFPHG5?tag=eloabder-20&linkCode=osi&th=1&psc=1"><img src="https://m.media-amazon.com/images/I/511hcLWwsjL._SL500_.jpg" alt="Product Image"></a><p>NACHLYNN 12000 Pcs Flat Back Pearl 8 Sizes Flatback Pearl Beads Half Pearl Bead Half Round Pearls for Crafts Embellishment Shoes DIY Phone Case Making</p><p> -14% 0FF </p><p>$8.59 ($1.22 / Ounce)</p><a href="https://www.amazon.com/dp/B0BXKFPHG5?tag=eloabder-20&linkCode=osi&th=1&psc=1">View Product</a></div><div class="product"><a href="https://www.amazon.com/dp/B07TC687GQ?tag=eloabder-20&linkCode=osi&th=1&psc=1"><img src="https://m.media-amazon.com/images/I/61k7NI1MJTL._SL500_.jpg" alt="Product Image"></a><p>125 PCS Vintage Skeleton Key Set Charms, JIALEEY Mixed Antique Style Bronze Brass for Pendant DIY Jewelry Making Wedding Party Favors</p><p> -42% 0FF </p><p>$6.99</p><a href="https://www.amazon.com/dp/B07TC687GQ?tag=eloabder-20&linkCode=osi&th=1&psc=1">View Product</a></div><div class="product"><a href="https://www.amazon.com/dp/B06XWWH3SR?tag=eloabder-20&linkCode=osi&th=1&psc=1"><img src="https://m.media-amazon.com/images/I/61f1Q0IyVcL._SL500_.jpg" alt="Product Image"></a><p>JPSOR 600pcs Gems Jewels for Crafts, Acrylic Flatback Rhinestones for Halloween Pirate Party Decorations, Crafting Embellishments Gemstone (6 Shapes, 6-13mm)</p><p> -32% 0FF </p><p>$6.29</p><a href="https://www.amazon.com/dp/B06XWWH3SR?tag=eloabder-20&linkCode=osi&th=1&psc=1">View Product</a></div>
<div class="product"><a href="https://www.amazon.com/dp/B0B3CNZR5K?tag=eloabder-20&linkCode=osi&th=1&psc=1"><img src="https://m.media-amazon.com/images/I/41YsiLVF9bL._SL500_.jpg" alt="Product Image"></a><p>SPELLBINDERS PAPERCRAFTS, INC 3D Embossing Folder Beau Bloom, Opaque</p><p> -22% 0FF </p><p>$11.64</p><a href="https://www.amazon.com/dp/B0B3CNZR5K?tag=eloabder-20&linkCode=osi&th=1&psc=1">View Product</a></div><div class="product"><a href="https://www.amazon.com/dp/B06Y2J6NS2?tag=eloabder-20&linkCode=osi&th=1&psc=1"><img src="https://m.media-amazon.com/images/I/51pgkVjniuL._SL500_.jpg" alt="Product Image"></a><p>Sizzix, Multi Color, One Size Embossing Folder 661824, Lace</p><p> -43% 0FF </p><p>$7.37</p><a href="https://www.amazon.com/dp/B06Y2J6NS2?tag=eloabder-20&linkCode=osi&th=1&psc=1">View Product</a></div>
<div class="product"><a href="https://www.amazon.com/dp/B00J39I2F4?tag=eloabder-20&linkCode=osi&th=1&psc=1"><img src="https://m.media-amazon.com/images/I/5135vUrjueL._SL500_.jpg" alt="Product Image"></a><p>Ranger Embossing Powder, .56 Ounce Jar, Super Fine Black</p><p> -8% 0FF </p><p>$6.80</p><a href="https://www.amazon.com/dp/B00J39I2F4?tag=eloabder-20&linkCode=osi&th=1&psc=1">View Product</a></div><div class="product"><a href="https://www.amazon.com/dp/B0013JROB0?tag=eloabder-20&linkCode=osi&th=1&psc=1"><img src="https://m.media-amazon.com/images/I/41uM-s9fN6L._SL500_.jpg" alt="Product Image"></a><p>Ranger Ultra Thick Embossing Powder 6-ounce, Clear</p><p> -9% 0FF </p><p>$16.35 ($2.72 / Ounce)</p><a href="https://www.amazon.com/dp/B0013JROB0?tag=eloabder-20&linkCode=osi&th=1&psc=1">View Product</a></div>
<div class="product"><a href="https://www.amazon.com/dp/B07QFRD6SQ?tag=eloabder-20&linkCode=osi&th=1&psc=1"><img src="https://m.media-amazon.com/images/I/41tmpE54CvL._SL500_.jpg" alt="Product Image"></a><p>ABenkle 10Pcs Dotting Tools Ball Styluses for Rock Painting, Pottery Clay Modeling Embossing Art Mandala</p><p> -14% 0FF </p><p>$5.99 ($0.60 / Count)</p><a href="https://www.amazon.com/dp/B07QFRD6SQ?tag=eloabder-20&linkCode=osi&th=1&psc=1">View Product</a></div><div class="product"><a href="https://www.amazon.com/dp/B07SSCN6V1?tag=eloabder-20&linkCode=osi&th=1&psc=1"><img src="https://m.media-amazon.com/images/I/311dLXgZYOL._SL500_.jpg" alt="Product Image"></a><p>Sizzix Heat Tool , Dual Speed, US Version for Shrink Plastic, Moulding, Embossing, Scrapbooking, Cardmaking, Papercraft & DIY, Multi Color, One Size, Multicolour</p><p> -34% 0FF </p><p>$21.19</p><a href="https://www.amazon.com/dp/B07SSCN6V1?tag=eloabder-20&linkCode=osi&th=1&psc=1">View Product</a></div>
<div class="product"><a href="https://www.amazon.com/dp/B077Z5VJHN?tag=eloabder-20&linkCode=osi&th=1&psc=1"><img src="https://m.media-amazon.com/images/I/513G8qFSDiL._SL500_.jpg" alt="Product Image"></a><p>New brothread 40 Brother Colors Polyester Embroidery Machine Thread Kit 500M (550Y) Each Spool for Brother Babylock Janome Singer Pfaff Husqvarna Bernina Sewing Machines</p><p> -30% 0FF </p><p>$25.99 ($0.00 / Foot)</p><a href="https://www.amazon.com/dp/B077Z5VJHN?tag=eloabder-20&linkCode=osi&th=1&psc=1">View Product</a></div>
<div class="product"><a href="https://www.amazon.com/dp/B09TNBFF73?tag=eloabder-20&linkCode=osi&th=1&psc=1"><img src="https://m.media-amazon.com/images/I/51NHCkApGGL._SL500_.jpg" alt="Product Image"></a><p>Beech Wood Tapestry Scroll Embroidery Frames, Needlepoint Cross Stitch Holder, Quilting Frames, Needlepoint Holder, Stitching Frame for Sewing, Cross Stitch, Embroidery Projects</p><p> -7% 0FF </p><p>$25.99</p><a href="https://www.amazon.com/dp/B09TNBFF73?tag=eloabder-20&linkCode=osi&th=1&psc=1">View Product</a></div>
<div class="product"><a href="https://www.amazon.com/dp/B07K9HHRW9?tag=eloabder-20&linkCode=osi&th=1&psc=1"><img src="https://m.media-amazon.com/images/I/51Ywxes9hYL._SL500_.jpg" alt="Product Image"></a><p>Caydo 12 Pieces 6 Inch Embroidery Hoops Set Bulk Circle Cross Stitch Hoop Round Ring</p><p> -42% 0FF </p><p>$17.99</p><a href="https://www.amazon.com/dp/B07K9HHRW9?tag=eloabder-20&linkCode=osi&th=1&psc=1">View Product</a></div>
<div class="product"><a href="https://www.amazon.com/dp/B084T4PTN7?tag=eloabder-20&linkCode=osi&th=1&psc=1"><img src="https://m.media-amazon.com/images/I/51CvRgFO-nL._SL500_.jpg" alt="Product Image"></a><p>53 Pieces Cross Stitch Tool Embroidery Starter Kit, includes Bamboo Circle Cross Stitch Hoop Ring, Vintage Sewing Scissors, Needle-Threading Tools, Thimbles, Floss Bobbins, Seam Ripper and Embroidery</p><p> -6% 0FF </p><p>$14.99</p><a href="https://www.amazon.com/dp/B084T4PTN7?tag=eloabder-20&linkCode=osi&th=1&psc=1">View Product</a></div><div class="product"><a href="https://www.amazon.com/dp/B0BZP6ZGN8?tag=eloabder-20&linkCode=osi&th=1&psc=1"><img src="https://m.media-amazon.com/images/I/51mlLtsppFL._SL500_.jpg" alt="Product Image"></a><p>Picoey Modern Flower Heart Embroidery Kit for Beginners with Pattern and Instructions,4 Pack Cross Stitch Kits,2 Wooden Embroidery Hoops,Threads and Needles,Needlepoint Kit for Adults</p><p> -20% 0FF </p><p>$14.39</p><a href="https://www.amazon.com/dp/B0BZP6ZGN8?tag=eloabder-20&linkCode=osi&th=1&psc=1">View Product</a></div>
<div class="product"><a href="https://www.amazon.com/dp/B0893412R4?tag=eloabder-20&linkCode=osi&th=1&psc=1"><img src="https://m.media-amazon.com/images/I/51UQ3vEfiIL._SL500_.jpg" alt="Product Image"></a><p>23 PCS Large Eye Sewing Needles, 2.36in Sewing Sharp Needles, Leather Needle Embroidery Thread Needle, Stainless Steel Yarn Knitting Needles with a 3.3in Plastic Bottle</p><p> -26% 0FF </p><p>$3.99</p><a href="https://www.amazon.com/dp/B0893412R4?tag=eloabder-20&linkCode=osi&th=1&psc=1">View Product</a></div><div class="product"><a href="https://www.amazon.com/dp/B0CR16V8LH?tag=eloabder-20&linkCode=osi&th=1&psc=1"><img src="https://m.media-amazon.com/images/I/51seXBZrmSL._SL500_.jpg" alt="Product Image"></a><p>FIVEIZERO 30-Count Premium Hand Sewing Needles, 6 Sizes Embroidery Needles Kit with Threaders for Hand Sewing Crafts,Large Eye Sewing Needle Kit for Art and Craft Projects</p><p> -33% 0FF </p><p>$3.99</p><a href="https://www.amazon.com/dp/B0CR16V8LH?tag=eloabder-20&linkCode=osi&th=1&psc=1">View Product</a></div><div class="product"><a href="https://www.amazon.com/dp/B0C52SWHNY?tag=eloabder-20&linkCode=osi&th=1&psc=1"><img src="https://m.media-amazon.com/images/I/51PTOYvxsuL._SL500_.jpg" alt="Product Image"></a><p>FIVEIZERO 80/40 PCS Large Eye Sewing Needles, 7 Sizes Sewing Sharp Needles, Leather Needle Embroidery Thread Needle, Stainless Steel Yarn Knitting Needles with Threaders for Handsewing Art Crafts CJ</p><p> -29% 0FF </p><p>$4.99</p><a href="https://www.amazon.com/dp/B0C52SWHNY?tag=eloabder-20&linkCode=osi&th=1&psc=1">View Product</a></div><div class="product"><a href="https://www.amazon.com/dp/B000YQEVYQ?tag=eloabder-20&linkCode=osi&th=1&psc=1"><img src="https://m.media-amazon.com/images/I/31ofpWcLFnL._SL500_.jpg" alt="Product Image"></a><p>Clover Gold Eye Embroidery Needles Size 3-9 - 16 Pack</p><p> -34% 0FF </p><p>$4.72 ($0.30 / Count)</p><a href="https://www.amazon.com/dp/B000YQEVYQ?tag=eloabder-20&linkCode=osi&th=1&psc=1">View Product</a></div><div class="product"><a href="https://www.amazon.com/dp/B08FG2SW2J?tag=eloabder-20&linkCode=osi&th=1&psc=1"><img src="https://m.media-amazon.com/images/I/51NLNzyOQiL._SL500_.jpg" alt="Product Image"></a><p>KYUEWRT 25 Large Eye Embroidery Needles-5 Sizes Big Eye Hand Sewing Needles in Aluminum Storage Tube</p><p> -9% 0FF </p><p>$4.99</p><a href="https://www.amazon.com/dp/B08FG2SW2J?tag=eloabder-20&linkCode=osi&th=1&psc=1">View Product</a></div>
<div class="product"><a href="https://www.amazon.com/dp/B007X6YQO0?tag=eloabder-20&linkCode=osi&th=1&psc=1"><img src="https://m.media-amazon.com/images/I/51zNbVKMfBL._SL500_.jpg" alt="Product Image"></a><p>Aunt Martha's 402 Flowers and Butterflies Embroidery Transfer Pattern Book, Over 25 Iron On Patterns</p><p> -9% 0FF </p><p>$5.31 ($0.21 / Count)</p><a href="https://www.amazon.com/dp/B007X6YQO0?tag=eloabder-20&linkCode=osi&th=1&psc=1">View Product</a></div><div class="product"><a href="https://www.amazon.com/dp/B0C53Y6RT5?tag=eloabder-20&linkCode=osi&th=1&psc=1"><img src="https://m.media-amazon.com/images/I/51V0SAIOO-L._SL500_.jpg" alt="Product Image"></a><p>Patemby 50Pcs Water Soluble Embroidery Stabilizers, Stick and Stitch Embroidery Paper with Pre-Printed Flowers and Leaves Pattern Transfers for Hand Sewing Lover Beginners (Flower)</p><p> -40% 0FF </p><p>$5.99</p><a href="https://www.amazon.com/dp/B0C53Y6RT5?tag=eloabder-20&linkCode=osi&th=1&psc=1">View Product</a></div>
<div class="product"><a href="https://www.amazon.com/dp/B08TBFJL83?tag=eloabder-20&linkCode=osi&th=1&psc=1"><img src="https://m.media-amazon.com/images/I/41TUv5gIsaL._SL500_.jpg" alt="Product Image"></a><p>Hisuper Sewing scissors sharp Embroidery Crafting Threading Scissors with Leather Scissors Cover for Needlework Craft Art Work Manual Handicraft DIY Tool</p><p> -30% 0FF </p><p>$6.99</p><a href="https://www.amazon.com/dp/B08TBFJL83?tag=eloabder-20&linkCode=osi&th=1&psc=1">View Product</a></div>

<div class="product"><a href="https://www.amazon.com/dp/B00YTF1GEQ?tag=eloabder-20&linkCode=osi&th=1&psc=1"><img src="https://m.media-amazon.com/images/I/31MocDOlO8L._SL500_.jpg" alt="Product Image"></a><p>We R Memory Keepers 123 Punch Board, Create Custom Envelopes, Boxes, and Bows, All-in-on Punch Board, Use with Cardstock or Favorite Paper, Gift Boxes, Birthdays, Holidays, Wedding Showers, Parties</p><p> -13% 0FF </p><p>$34.99</p><a href="https://www.amazon.com/dp/B00YTF1GEQ?tag=eloabder-20&linkCode=osi&th=1&psc=1">View Product</a></div><div class="product"><a href="https://www.amazon.com/dp/B01N3SGEJK?tag=eloabder-20&linkCode=osi&th=1&psc=1"><img src="https://m.media-amazon.com/images/I/51pcQCzILiL._SL500_.jpg" alt="Product Image"></a><p>Fiskars Crafts 119310 Gifting Board, Box</p><p> -44% 0FF </p><p>$25.73</p><a href="https://www.amazon.com/dp/B01N3SGEJK?tag=eloabder-20&linkCode=osi&th=1&psc=1">View Product</a></div><div class="product"><a href="https://www.amazon.com/dp/B07JQRP21Z?tag=eloabder-20&linkCode=osi&th=1&psc=1"><img src="https://m.media-amazon.com/images/I/31KO1DEz5-L._SL500_.jpg" alt="Product Image"></a><p>We R Memory Keepers Pocket Maker Punch Board, 6-Piece, Create Pockets to Store Keepsakes Over 100 Pocket Sizes, for Journaling, Scrapbooking, & More</p><p> -17% 0FF </p><p>$19.99</p><a href="https://www.amazon.com/dp/B07JQRP21Z?tag=eloabder-20&linkCode=osi&th=1&psc=1">View Product</a></div>
<div class="product"><a href="https://www.amazon.com/dp/B09QH6XVZ4?tag=eloabder-20&linkCode=osi&th=1&psc=1"><img src="https://m.media-amazon.com/images/I/51yWxODJn-L._SL500_.jpg" alt="Product Image"></a><p>Beast Bond Epoxy Resin - Ultra-Gloss 1 Gallon Kit, Crystal Clear, Self-Leveling, UV & Impact Resistant Resin Kit for Art, Jewelry, Tables & Countertops, Easy 1:1 Mix, DIY Crafts</p><p> -30% 0FF </p><p>$59.99 ($0.47 / Fl Oz)</p><a href="https://www.amazon.com/dp/B09QH6XVZ4?tag=eloabder-20&linkCode=osi&th=1&psc=1">View Product</a></div><div class="product"><a href="https://www.amazon.com/dp/B0CQHB3Q7L?tag=eloabder-20&linkCode=osi&th=1&psc=1"><img src="https://m.media-amazon.com/images/I/41jKVM9F+gL._SL500_.jpg" alt="Product Image"></a><p>DR. RESIN Crystal Clear 1 Gallon Epoxy Resin, No Yellowing, Self-Leveling, Bubble Free Resin Kit for Jewelry Tabletop Tumbler DIY Craft</p><p> -32% 0FF </p><p>$33.99 ($0.27 / Fl Oz)</p><a href="https://www.amazon.com/dp/B0CQHB3Q7L?tag=eloabder-20&linkCode=osi&th=1&psc=1">View Product</a></div>

<div class="product"><a href="https://www.amazon.com/dp/B0CZM9L4SP?tag=eloabder-20&linkCode=osi&th=1&psc=1"><img src="https://m.media-amazon.com/images/I/410gggXHgKL._SL500_.jpg" alt="Product Image"></a><p>Craft Crush Wire Flowers - Create Unique Craft Wire Flower Designs with Easy to Use Tool and Guide with Display Stand - for Teens and Adults Ages 12, 13, 14, 15 and Up</p><p> -6% 0FF </p><p>$18.76</p><a href="https://www.amazon.com/dp/B0CZM9L4SP?tag=eloabder-20&linkCode=osi&th=1&psc=1">View Product</a></div><div class="product"><a href="https://www.amazon.com/dp/B0C8CTL1TX?tag=eloabder-20&linkCode=osi&th=1&psc=1"><img src="https://m.media-amazon.com/images/I/51pZKpeKoHL._SL500_.jpg" alt="Product Image"></a><p>Pom Pom Painting Art Kit for Beginners, Perfect Craft Projects for Adults, Colorful Pom Poms and Supplies Included, DIY Pom Pom Painting on Paint Canvas.(Sunflower)</p><p> -25% 0FF </p><p>$11.99</p><a href="https://www.amazon.com/dp/B0C8CTL1TX?tag=eloabder-20&linkCode=osi&th=1&psc=1">View Product</a></div>
<div class="product"><a href="https://www.amazon.com/dp/B076CP6F36?tag=eloabder-20&linkCode=osi&th=1&psc=1"><img src="https://m.media-amazon.com/images/I/51rfEIvgI+L._SL500_.jpg" alt="Product Image"></a><p>Apple Barrel, Vibrant Spectrum Collection Acrylic Craft Paint, PROMOABIII, 2 fl oz each, 16 assorted matte colors, 16 count</p><p> -6% 0FF </p><p>$15.97 ($0.50 / Fl Oz)</p><a href="https://www.amazon.com/dp/B076CP6F36?tag=eloabder-20&linkCode=osi&th=1&psc=1">View Product</a></div><div class="product"><a href="https://www.amazon.com/dp/B0018NBVKQ?tag=eloabder-20&linkCode=osi&th=1&psc=1"><img src="https://m.media-amazon.com/images/I/31YlSvZMTCL._SL500_.jpg" alt="Product Image"></a><p>Apple Barrel Acrylic Paint in Assorted Colors (8 Ounce), 20403 White</p><p> -34% 0FF </p><p>$2.97 ($0.37 / Fl Oz)</p><a href="https://www.amazon.com/dp/B0018NBVKQ?tag=eloabder-20&linkCode=osi&th=1&psc=1">View Product</a></div><div class="product"><a href="https://www.amazon.com/dp/B08QNJ7KSF?tag=eloabder-20&linkCode=osi&th=1&psc=1"><img src="https://m.media-amazon.com/images/I/61pzWyQ8+vL._SL500_.jpg" alt="Product Image"></a><p>Acrylic Paint Set Canvas Art Paints 24 Colors (0.41oz,12 ml) With 3 Brushes - Painting Canvas, Paper, Wood, Rock, Ceramic & Fabric</p><p> -37% 0FF </p><p>$9.99 ($1.04 / Fl Oz)</p><a href="https://www.amazon.com/dp/B08QNJ7KSF?tag=eloabder-20&linkCode=osi&th=1&psc=1">View Product</a></div><div class="product"><a href="https://www.amazon.com/dp/B0CYLMHHC1?tag=eloabder-20&linkCode=osi&th=1&psc=1"><img src="https://m.media-amazon.com/images/I/510S5ZntMHL._SL500_.jpg" alt="Product Image"></a><p>Nicpro 14 Colors Large Bulk Acrylic Paint Set (16.9 oz, 500 ml) Non Toxic Art Painting Supplies for Multi Surface Fabric Canvas Wood Leather Stone, Craft Paint for Kid & Adult with Color Wheel</p><p> -14% 0FF </p><p>$49.99 ($0.21 / Fl Oz)</p><a href="https://www.amazon.com/dp/B0CYLMHHC1?tag=eloabder-20&linkCode=osi&th=1&psc=1">View Product</a></div><div class="product"><a href="https://www.amazon.com/dp/B0829R16YG?tag=eloabder-20&linkCode=osi&th=1&psc=1"><img src="https://m.media-amazon.com/images/I/51i5zSZyD8L._SL500_.jpg" alt="Product Image"></a><p>Apple Barrel Essentials Acrylic Paint Set, 12, 24 Fl Oz (Pack of 1)</p><p> -30% 0FF </p><p>$11.24 ($0.47 / Fl Oz)</p><a href="https://www.amazon.com/dp/B0829R16YG?tag=eloabder-20&linkCode=osi&th=1&psc=1">View Product</a></div>
<div class="product"><a href="https://www.amazon.com/dp/B0CHTZD63Q?tag=eloabder-20&linkCode=osi&th=1&psc=1"><img src="https://m.media-amazon.com/images/I/511hgeOlnkL._SL500_.jpg" alt="Product Image"></a><p>Secopad Scrapbook Tape, 4 Pack Double Sided Tape Roller for Crafts, Adhesive Tape Glue Runner Scrapbooking Supplies Journaling School Office for Kids and Adults, 0.3IN x 26FT</p><p> -22% 0FF </p><p>$6.99 ($1.75 / Count)</p><a href="https://www.amazon.com/dp/B0CHTZD63Q?tag=eloabder-20&linkCode=osi&th=1&psc=1">View Product</a></div><div class="product"><a href="https://www.amazon.com/dp/B07Y3VDPLF?tag=eloabder-20&linkCode=osi&th=1&psc=1"><img src="https://m.media-amazon.com/images/I/41cyKQ2OMuL._SL500_.jpg" alt="Product Image"></a><p>Melsan 1x4 inch Hook and Loop Strips with Adhesive - 15 Sets, Strong Back Adhesive Fasten Mounting Tape for Home or Office Use - Instead of Holes and Screws, Black</p><p> -24% 0FF </p><p>$9.90</p><a href="https://www.amazon.com/dp/B07Y3VDPLF?tag=eloabder-20&linkCode=osi&th=1&psc=1">View Product</a></div><div class="product"><a href="https://www.amazon.com/dp/B0CC98XLGL?tag=eloabder-20&linkCode=osi&th=1&psc=1"><img src="https://m.media-amazon.com/images/I/51ZLw+nThiL._SL500_.jpg" alt="Product Image"></a><p>HUIRUSO 4 Pack Double Sided Tape Roller, Scrapbook Supplies, Glue Tape Roller for Crafts, Double-Sided Adhesive Tape Runner for Scrapbooking, School Office Journaling Supplies (0.31 in X 26.25 ft)</p><p> -9% 0FF </p><p>$6.99 ($1.75 / Count)</p><a href="https://www.amazon.com/dp/B0CC98XLGL?tag=eloabder-20&linkCode=osi&th=1&psc=1">View Product</a></div><div class="product"><a href="https://www.amazon.com/dp/B0CY2CFX3Z?tag=eloabder-20&linkCode=osi&th=1&psc=1"><img src="https://m.media-amazon.com/images/I/31ZLCJqpwCL._SL500_.jpg" alt="Product Image"></a><p>JEWOSTER 16 Sets 1x4 Inch Hook and Loop Strips with Adhesive - Double Sided Tape Heavy Duty for Wall Crafts - Sticky Back Fastener Mounting Tape for Home or Office Use,Indoor & Outdoor Use,Black</p><p> -15% 0FF </p><p>$2.98</p><a href="https://www.amazon.com/dp/B0CY2CFX3Z?tag=eloabder-20&linkCode=osi&th=1&psc=1">View Product</a></div><div class="product"><a href="https://www.amazon.com/dp/B0CGVPMJBP?tag=eloabder-20&linkCode=osi&th=1&psc=1"><img src="https://m.media-amazon.com/images/I/51zEyhfBRuL._SL500_.jpg" alt="Product Image"></a><p>30Ft x 1 Inch Hook and Loop Strips with Adhesive, Double Rolls of Heavy Duty Self Adhesive Tape with Backing, Nylon Self Adhesive Tape for Home Office School and Crafting,Black</p><p> -17% 0FF </p><p>$9.99</p><a href="https://www.amazon.com/dp/B0CGVPMJBP?tag=eloabder-20&linkCode=osi&th=1&psc=1">View Product</a></div>
<div class="product"><a href="https://www.amazon.com/dp/B092D2YB8R?tag=eloabder-20&linkCode=osi&th=1&psc=1"><img src="https://m.media-amazon.com/images/I/41dc0rFLWKL._SL500_.jpg" alt="Product Image"></a><p>Gocheer Airbrush Kit with Air Compressor, 40 PSI High Pressure Air Brush Non-Clogging with 0.2/0.3/0.5mm Nozzle/Cleaning Sets, Ideal for Painting, Modeling, Cake Decor, Pastry, Makeup, Nail Art etc.</p><p> -25% 0FF </p><p>$59.99 ($60.60 / Count)</p><a href="https://www.amazon.com/dp/B092D2YB8R?tag=eloabder-20&linkCode=osi&th=1&psc=1">View Product</a></div><div class="product"><a href="https://www.amazon.com/dp/B009YNG21U?tag=eloabder-20&linkCode=osi&th=1&psc=1"><img src="https://m.media-amazon.com/images/I/51w-pNifHUL._SL500_.jpg" alt="Product Image"></a><p>Master Airbrush Cool Runner II Dual Fan Air Compressor Professional Airbrushing System Kit with 3 Airbrushes, Gravity and Siphon Feed - Holder, Color Mixing Wheel, Cleaning Brush Set, How-To Guide</p><p> -32% 0FF </p><p>$129.99</p><a href="https://www.amazon.com/dp/B009YNG21U?tag=eloabder-20&linkCode=osi&th=1&psc=1">View Product</a></div><div class="product"><a href="https://www.amazon.com/dp/B00EKT30JK?tag=eloabder-20&linkCode=osi&th=1&psc=1"><img src="https://m.media-amazon.com/images/I/51+LnhnmT4L._SL500_.jpg" alt="Product Image"></a><p>Master Airbrush Cool Runner II Dual Fan Air Compressor Professional Airbrushing System Kit with 3 Airbrushes, Gravity and Siphon Feed - 6 Primary Opaque Colors Acrylic Paint Artist Set - How to Guide</p><p> -21% 0FF </p><p>$149.99</p><a href="https://www.amazon.com/dp/B00EKT30JK?tag=eloabder-20&linkCode=osi&th=1&psc=1">View Product</a></div><div class="product"><a href="https://www.amazon.com/dp/B002KJDXHQ?tag=eloabder-20&linkCode=osi&th=1&psc=1"><img src="https://m.media-amazon.com/images/I/511zMf+d1jL._SL500_.jpg" alt="Product Image"></a><p>Master Airbrush G233 Pro Set with 3 Nozzle Sets - Dual-Action Gravity Feed Airbrush with Cutaway Handle and How-To Guide</p><p> -20% 0FF </p><p>$39.99</p><a href="https://www.amazon.com/dp/B002KJDXHQ?tag=eloabder-20&linkCode=osi&th=1&psc=1">View Product</a></div><div class="product"><a href="https://www.amazon.com/dp/B0C9TL5YCS?tag=eloabder-20&linkCode=osi&th=1&psc=1"><img src="https://m.media-amazon.com/images/I/41SP-k5zrTL._SL500_.jpg" alt="Product Image"></a><p>Airbrush Kit with Compressor - 48PSI Rechargeable Cordless Non-Clogging High-Pressure Air Brush Set with 0.3mm Nozzle and Cleaning Brush Set for Nail Art, Makeup, Painting, Cake Decor</p><p> -25% 0FF </p><p>$29.99</p><a href="https://www.amazon.com/dp/B0C9TL5YCS?tag=eloabder-20&linkCode=osi&th=1&psc=1">View Product</a></div><div class="product"><a href="https://www.amazon.com/dp/B0D8KHCP94?tag=eloabder-20&linkCode=osi&th=1&psc=1"><img src="https://m.media-amazon.com/images/I/41Kr4UJcgYL._SL500_.jpg" alt="Product Image"></a><p>Airbrush Kit with Compressor - 48PSI High-Pressure, Non-Clogging Air Brush Set Cordless Rechargeable with 0.3mm Nozzle and Cleaning Brush for Nail Art, Makeup, Painting, and Cake Decorating</p><p> -17% 0FF </p><p>$29.99</p><a href="https://www.amazon.com/dp/B0D8KHCP94?tag=eloabder-20&linkCode=osi&th=1&psc=1">View Product</a></div><div class="product"><a href="https://www.amazon.com/dp/B0CPBK2RL8?tag=eloabder-20&linkCode=osi&th=1&psc=1"><img src="https://m.media-amazon.com/images/I/41dO63RKanL._SL500_.jpg" alt="Product Image"></a><p>Airbrush for Nails Cordless Portable Airbrush Kit with Compressor 30PSI High-Pressure Rechargeable Air Brush Spray Machine with 0.3mm Nozzle for Painting Makeup Model Barber Cookie Cake (Pink)</p><p> -20% 0FF </p><p>$31.99</p><a href="https://www.amazon.com/dp/B0CPBK2RL8?tag=eloabder-20&linkCode=osi&th=1&psc=1">View Product</a></div>
<div class="product"><a href="https://www.amazon.com/dp/B0CYLCF5JJ?tag=eloabder-20&linkCode=osi&th=1&psc=1"><img src="https://m.media-amazon.com/images/I/511e1hcb5sL._SL500_.jpg" alt="Product Image"></a><p>2772Pcs Alphabet Stickers 22 Sheets 1 Inches Alphabet Number Stickers Self Adhesive Sticker Vinyl Stickers,for Notebook, Labels,Scrapbooking Crafts，DIY Crafts Art Making(Black)</p><p> -50% 0FF </p><p>$4.99 ($0.00 / Count)</p><a href="https://www.amazon.com/dp/B0CYLCF5JJ?tag=eloabder-20&linkCode=osi&th=1&psc=1">View Product</a></div>
<div class="product"><a href="https://www.amazon.com/dp/B0C8CMBYC5?tag=eloabder-20&linkCode=osi&th=1&psc=1"><img src="https://m.media-amazon.com/images/I/61Hrv0JwdPL._SL500_.jpg" alt="Product Image"></a><p>HAPTIME 50 Pcs Mini Dinosaur Figures, Mini Resin Animals to Hide, Sensory Bin/Treasure Box Toys, Bulk Plastic Dinosaur Party Favors, Small Classroom Prizes, Tiny Figurines for Kids, Vase Filler</p><p> -29% 0FF </p><p>$9.99</p><a href="https://www.amazon.com/dp/B0C8CMBYC5?tag=eloabder-20&linkCode=osi&th=1&psc=1">View Product</a></div><div class="product"><a href="https://www.amazon.com/dp/B08R1CBG39?tag=eloabder-20&linkCode=osi&th=1&psc=1"><img src="https://m.media-amazon.com/images/I/414R+Abh3gL._SL500_.jpg" alt="Product Image"></a><p>Unfinished Wood Animal Ornament Blank Wood Rabbit Peg Doll Figure Cutout Table Statue Model Desktop Centerpiece for DIY Painting Home Office Decor</p><p> -47% 0FF </p><p>$4.99</p><a href="https://www.amazon.com/dp/B08R1CBG39?tag=eloabder-20&linkCode=osi&th=1&psc=1">View Product</a></div>
<div class="product"><a href="https://www.amazon.com/dp/B08L4Y3HF9?tag=eloabder-20&linkCode=osi&th=1&psc=1"><img src="https://m.media-amazon.com/images/I/61z57ge6bVL._SL500_.jpg" alt="Product Image"></a><p>Harsgs 60pcs Random Assorted Styles Embroidered Patches, Bright Vivid Colors, Sew On/Iron On Patch Applique for Clothes, Dress, Hat, Jeans, DIY Accessories</p><p> -19% 0FF </p><p>$12.99 ($0.22 / Count)</p><a href="https://www.amazon.com/dp/B08L4Y3HF9?tag=eloabder-20&linkCode=osi&th=1&psc=1">View Product</a></div><div class="product"><a href="https://www.amazon.com/dp/B0C9DFB69D?tag=eloabder-20&linkCode=osi&th=1&psc=1"><img src="https://m.media-amazon.com/images/I/417GE2p61GL._SL500_.jpg" alt="Product Image"></a><p>18" Large Sparkle Rhinestones and Sequin Red Snake Shaped Patches Applique Trim Ribbon for Outfit Pack of 3</p><p> -5% 0FF </p><p>$37.95 ($12.65 / Count)</p><a href="https://www.amazon.com/dp/B0C9DFB69D?tag=eloabder-20&linkCode=osi&th=1&psc=1">View Product</a></div><div class="product"><a href="https://www.amazon.com/dp/B08T9BM9D9?tag=eloabder-20&linkCode=osi&th=1&psc=1"><img src="https://m.media-amazon.com/images/I/61s3mTMJ5gL._SL500_.jpg" alt="Product Image"></a><p>AXEN 60PCS Embroidered Iron On Patches DIY Accessories, Random Assorted Decorative Patches, Cute Sewing Applique for Jackets, Hats, Backpacks, Jeans, 60 Pieces Package</p><p> -24% 0FF </p><p>$12.99 ($0.22 / Count)</p><a href="https://www.amazon.com/dp/B08T9BM9D9?tag=eloabder-20&linkCode=osi&th=1&psc=1">View Product</a></div><div class="product"><a href="https://www.amazon.com/dp/B0BYK2J6N7?tag=eloabder-20&linkCode=osi&th=1&psc=1"><img src="https://m.media-amazon.com/images/I/51tsuNDSHfL._SL500_.jpg" alt="Product Image"></a><p>Liveish 1 Pair of Handmade Gold Rhinestone Appliques, 26.5 * 18cm Gold Applique for Dress Wedding Apparel Accessories Patches.（Shop Name: Yuanbao Boutique 188)(Gold)</p><p> -20% 0FF </p><p>$15.98</p><a href="https://www.amazon.com/dp/B0BYK2J6N7?tag=eloabder-20&linkCode=osi&th=1&psc=1">View Product</a></div>
<div class="product"><a href="https://www.amazon.com/dp/B09KPNFJW1?tag=eloabder-20&linkCode=osi&th=1&psc=1"><img src="https://m.media-amazon.com/images/I/41abn5fELmL._SL500_.jpg" alt="Product Image"></a><p>UniPleased Disposable Aprons (50 Count), Plastic apron for Painting Party, Cooking, Housework, Picnic etc.</p><p> -25% 0FF </p><p>$5.99</p><a href="https://www.amazon.com/dp/B09KPNFJW1?tag=eloabder-20&linkCode=osi&th=1&psc=1">View Product</a></div><div class="product"><a href="https://www.amazon.com/dp/1906525358?tag=eloabder-20&linkCode=osi&th=1&psc=1"><img src="https://m.media-amazon.com/images/I/51WPPo6wrdL._SL500_.jpg" alt="Product Image"></a><p>The Perfect Apron: 35 fun and flirty designs for you to make</p><p> -69% 0FF </p><p>$6.09</p><a href="https://www.amazon.com/dp/1906525358?tag=eloabder-20&linkCode=osi&th=1&psc=1">View Product</a></div><div class="product"><a href="https://www.amazon.com/dp/B0C55Q43Y6?tag=eloabder-20&linkCode=osi&th=1&psc=1"><img src="https://m.media-amazon.com/images/I/31G2DxeG1tL._SL500_.jpg" alt="Product Image"></a><p>Portable Paint Tent for Spray Painting, Small Airbrush Pop-up Shelter Booth Station Complete with Storage Bag and 3 Disposable Aprons</p><p> -50% 0FF </p><p>$14.99</p><a href="https://www.amazon.com/dp/B0C55Q43Y6?tag=eloabder-20&linkCode=osi&th=1&psc=1">View Product</a></div><div class="product"><a href="https://www.amazon.com/dp/B095CWKPJF?tag=eloabder-20&linkCode=osi&th=1&psc=1"><img src="https://m.media-amazon.com/images/I/51STxqdMDaL._SL500_.jpg" alt="Product Image"></a><p>Simplicity Misses' Wraparound Apron Packet, Code 9312 Sewing Pattern, Sizes XS-XL, White</p><p> -10% 0FF </p><p>$9.99</p><a href="https://www.amazon.com/dp/B095CWKPJF?tag=eloabder-20&linkCode=osi&th=1&psc=1">View Product</a></div><div class="product"><a href="https://www.amazon.com/dp/B01DQ33ILK?tag=eloabder-20&linkCode=osi&th=1&psc=1"><img src="https://m.media-amazon.com/images/I/51RToxvaLBL._SL500_.jpg" alt="Product Image"></a><p>Simplicity Vintage Simplicity 8152 1970's Fashion Vintage Apron Sewing Pattern, XS-L</p><p> -10% 0FF </p><p>$8.91</p><a href="https://www.amazon.com/dp/B01DQ33ILK?tag=eloabder-20&linkCode=osi&th=1&psc=1">View Product</a></div>
<div class="product"><a href="https://www.amazon.com/dp/B085F4JH1H?tag=eloabder-20&linkCode=osi&th=1&psc=1"><img src="https://m.media-amazon.com/images/I/41l7Efp7ILL._SL500_.jpg" alt="Product Image"></a><p>KEFF 24-Pack Bulk Canvas for Painting, 6 of 5x7, 8x10, 9x12, 11x14 Canvas Boards for Painting, Art Supplies for Adults & Kids - 100% Cotton Primed Painting Canvas for Acrylic, Oil, Watercolor, Tempera</p><p> -50% 0FF </p><p>$24.99</p><a href="https://www.amazon.com/dp/B085F4JH1H?tag=eloabder-20&linkCode=osi&th=1&psc=1">View Product</a></div><div class="product"><a href="https://www.amazon.com/dp/B07S29YTCG?tag=eloabder-20&linkCode=osi&th=1&psc=1"><img src="https://m.media-amazon.com/images/I/51X58r5V-5L._SL500_.jpg" alt="Product Image"></a><p>FIXSMITH Stretched White Blank Canvas - 11x14 Inch, 8 Pack, Primed,100% Cotton,5/8 Inch Profile of Super Value Pack for Acrylics,Oils & Other Painting Media</p><p> -17% 0FF </p><p>$24.99</p><a href="https://www.amazon.com/dp/B07S29YTCG?tag=eloabder-20&linkCode=osi&th=1&psc=1">View Product</a></div><div class="product"><a href="https://www.amazon.com/dp/B09CDKB9HY?tag=eloabder-20&linkCode=osi&th=1&psc=1"><img src="https://m.media-amazon.com/images/I/51+p5xnClGL._SL500_.jpg" alt="Product Image"></a><p>DPDIAN Canvas Boards for Painting 40 Pack, 8 inch x 10 inch Super Value Pack, Artist Canvas Panels for Oil & Acrylic Painting</p><p> -38% 0FF </p><p>$23.99</p><a href="https://www.amazon.com/dp/B09CDKB9HY?tag=eloabder-20&linkCode=osi&th=1&psc=1">View Product</a></div><div class="product"><a href="https://www.amazon.com/dp/B0BJZYCQV3?tag=eloabder-20&linkCode=osi&th=1&psc=1"><img src="https://m.media-amazon.com/images/I/41dS7xm9bKL._SL500_.jpg" alt="Product Image"></a><p>Simetufy Canvas Boards for Painting 12 Pack,8 x 10 Inch Painting Canvas Panels, Blank Canvas for Painting- Gesso Primed Acid-Free 100% Cotton for Acrylics Oil Watercolor Tempera Paints</p><p> -10% 0FF </p><p>$11.69</p><a href="https://www.amazon.com/dp/B0BJZYCQV3?tag=eloabder-20&linkCode=osi&th=1&psc=1">View Product</a></div><div class="product"><a href="https://www.amazon.com/dp/B087M21MM2?tag=eloabder-20&linkCode=osi&th=1&psc=1"><img src="https://m.media-amazon.com/images/I/41Xf-jehhLL._SL500_.jpg" alt="Product Image"></a><p>GOTIDEAL Stretched Canvas, Multi Pack 4x4, 5x7, 8x10,9x12, 11x14 Set of 10, Primed White - 100% Cotton Artist Canvas Boards for Painting, Acrylic Pouring, Oil Paint Dry & Wet Art Media</p><p> -28% 0FF </p><p>$22.99</p><a href="https://www.amazon.com/dp/B087M21MM2?tag=eloabder-20&linkCode=osi&th=1&psc=1">View Product</a></div><div class="product"><a href="https://www.amazon.com/dp/B09637DLSL?tag=eloabder-20&linkCode=osi&th=1&psc=1"><img src="https://m.media-amazon.com/images/I/511AdjCtVeL._SL500_.jpg" alt="Product Image"></a><p>Artkey Canvases for Painting 8x10 Inch 12-Pack, 10 oz Primed 100% Cotton White Blank Canvas Boards for Painting, Art Supplies Paint Canvas Panels for Acrylic Oil Watercolor Tempera Paints</p><p> -29% 0FF </p><p>$11.99</p><a href="https://www.amazon.com/dp/B09637DLSL?tag=eloabder-20&linkCode=osi&th=1&psc=1">View Product</a></div><div class="product"><a href="https://www.amazon.com/dp/B0CFBGP29G?tag=eloabder-20&linkCode=osi&th=1&psc=1"><img src="https://m.media-amazon.com/images/I/3147Az5plbL._SL500_.jpg" alt="Product Image"></a><p>ArtSkills Stretched Canvases for Painting, 12x16 Canvas Painting Supplies for Artists, Blank Canvas Pack, 2-Pack</p><p> -15% 0FF </p><p>$16.99</p><a href="https://www.amazon.com/dp/B0CFBGP29G?tag=eloabder-20&linkCode=osi&th=1&psc=1">View Product</a></div>
<div class="product"><a href="https://www.amazon.com/dp/B09CKXJFL1?tag=eloabder-20&linkCode=osi&th=1&psc=1"><img src="https://m.media-amazon.com/images/I/41bo99og2jL._SL500_.jpg" alt="Product Image"></a><p>RRFTOK Artist Easel Stand,Metal Tripod Adjustable Easel for Painting Canvases Height from 17 to 66 Inch,Carry Bag for Table-Top/Floor Drawing and Didplaying</p><p> -23% 0FF </p><p>$18.39</p><a href="https://www.amazon.com/dp/B09CKXJFL1?tag=eloabder-20&linkCode=osi&th=1&psc=1">View Product</a></div><div class="product"><a href="https://www.amazon.com/dp/B0BXS3NLZ3?tag=eloabder-20&linkCode=osi&th=1&psc=1"><img src="https://m.media-amazon.com/images/I/41QEnAIRAvL._SL500_.jpg" alt="Product Image"></a><p>Art Painting Display Easel Stand - Portable Adjustable Aluminum Metal Tripod Artist Easel with Bag, Height from 17" to 66", Extra Sturdy for Table-Top/Floor Painting, Drawing, and Displaying, Black</p><p> -37% 0FF </p><p>$18.39</p><a href="https://www.amazon.com/dp/B0BXS3NLZ3?tag=eloabder-20&linkCode=osi&th=1&psc=1">View Product</a></div><div class="product"><a href="https://www.amazon.com/dp/B07R5RHWVT?tag=eloabder-20&linkCode=osi&th=1&psc=1"><img src="https://m.media-amazon.com/images/I/41qUmoFSMiL._SL500_.jpg" alt="Product Image"></a><p>MEEDEN Versatile Studio H-Frame Easel - All Media Adjustable Beech Wood Studio Easel, Painting Floor Easel Stand, Movable and Tilting Flat Available, Holds Canvas Art up to 77"</p><p> -11% 0FF </p><p>$159.95</p><a href="https://www.amazon.com/dp/B07R5RHWVT?tag=eloabder-20&linkCode=osi&th=1&psc=1">View Product</a></div><div class="product"><a href="https://www.amazon.com/dp/B09KYHGKSB?tag=eloabder-20&linkCode=osi&th=1&psc=1"><img src="https://m.media-amazon.com/images/I/51yxWaZJsCL._SL500_.jpg" alt="Product Image"></a><p>Best Choice Products French Easel, 32pc Beginners Kit Portable Wooden Folding Adjustable Sketch Box Artist Tripod for Painting, Drawing w/Acrylic Paints, Brushes, Canvases, Palettes - Blue</p><p> -18% 0FF </p><p>$89.99</p><a href="https://www.amazon.com/dp/B09KYHGKSB?tag=eloabder-20&linkCode=osi&th=1&psc=1">View Product</a></div><div class="product"><a href="https://www.amazon.com/dp/B09TSQNQH9?tag=eloabder-20&linkCode=osi&th=1&psc=1"><img src="https://m.media-amazon.com/images/I/414Lw12-jXL._SL500_.jpg" alt="Product Image"></a><p>Easel Stand for Display, Aredy 63" Portable Painting Easel, Lightweight Metal Easels for Painting Canvas, Wedding Sign (2 pack)</p><p> -15% 0FF </p><p>$22.39</p><a href="https://www.amazon.com/dp/B09TSQNQH9?tag=eloabder-20&linkCode=osi&th=1&psc=1">View Product</a></div><div class="product"><a href="https://www.amazon.com/dp/B082HCKMP5?tag=eloabder-20&linkCode=osi&th=1&psc=1"><img src="https://m.media-amazon.com/images/I/41TKUQFyeaL._SL500_.jpg" alt="Product Image"></a><p>Premium Sketchbox Desktop Art Easel, Tabletop, Wooden for Painting, Student, Artist, Beginner</p><p> -11% 0FF </p><p>$32.88</p><a href="https://www.amazon.com/dp/B082HCKMP5?tag=eloabder-20&linkCode=osi&th=1&psc=1">View Product</a></div>
<div class="product"><a href="https://www.amazon.com/dp/B074W56CQ4?tag=eloabder-20&linkCode=osi&th=1&psc=1"><img src="https://m.media-amazon.com/images/I/41LkUciLZOL._SL500_.jpg" alt="Product Image"></a><p>Hulameda Paint Tray Palettes, Plastic Paint Pallets for Kids or Students to Paints on School Project or Art Class-12pcs</p><p> -13% 0FF </p><p>$6.99 ($0.58 / Count)</p><a href="https://www.amazon.com/dp/B074W56CQ4?tag=eloabder-20&linkCode=osi&th=1&psc=1">View Product</a></div><div class="product"><a href="https://www.amazon.com/dp/B0BWM34CR6?tag=eloabder-20&linkCode=osi&th=1&psc=1"><img src="https://m.media-amazon.com/images/I/31jHvJEw98L._SL500_.jpg" alt="Product Image"></a><p>Tamaki Acrylic Paint Palette Paint Pallet Clear Paint Tray Palette, Easy Clean Non-Stick Artist Pallet for Oil Watercolor Craft DIY Art Painting Palette, 2 PCS</p><p> -14% 0FF </p><p>$5.99</p><a href="https://www.amazon.com/dp/B0BWM34CR6?tag=eloabder-20&linkCode=osi&th=1&psc=1">View Product</a></div><div class="product"><a href="https://www.amazon.com/dp/B0B9R91Z2P?tag=eloabder-20&linkCode=osi&th=1&psc=1"><img src="https://m.media-amazon.com/images/I/310IAmNkqoL._SL500_.jpg" alt="Product Image"></a><p>Tamaki 2 Pack 11.8 x 7.9 Inch Acrylic Paint Palette with Thumb Hole Clear Paint Pallet, Easy Clean Non-Stick Artist Pallet for Oil Watercolor Craft DIY Art Painting Palette</p><p> -14% 0FF </p><p>$5.99</p><a href="https://www.amazon.com/dp/B0B9R91Z2P?tag=eloabder-20&linkCode=osi&th=1&psc=1">View Product</a></div><div class="product"><a href="https://www.amazon.com/dp/B09XCF523Q?tag=eloabder-20&linkCode=osi&th=1&psc=1"><img src="https://m.media-amazon.com/images/I/21C+8UGsBRL._SL500_.jpg" alt="Product Image"></a><p>Sweaty Pony 20 Well Watercolor Paint Tray Palette Pallet Acrylic Painting Mixing Plastic Artist Large Square Palette, 13 x 10 Inches, White, 1PCS</p><p> -25% 0FF </p><p>$5.99</p><a href="https://www.amazon.com/dp/B09XCF523Q?tag=eloabder-20&linkCode=osi&th=1&psc=1">View Product</a></div>
<div class="product"><a href="https://www.amazon.com/dp/B08TLK1ZSV?tag=eloabder-20&linkCode=osi&th=1&psc=1"><img src="https://m.media-amazon.com/images/I/51sM-NS8tJL._SL500_.jpg" alt="Product Image"></a><p>9 x 12 inches Sketch Book, Top Spiral Bound Sketch Pad, 1 Pack 100-Sheets (68lb/100gsm), Acid Free Art Sketchbook Artistic Drawing Painting Writing Paper for Kids Adults Beginners Artists</p><p> -50% 0FF </p><p>$8.99 ($0.09 / Count)</p><a href="https://www.amazon.com/dp/B08TLK1ZSV?tag=eloabder-20&linkCode=osi&th=1&psc=1">View Product</a></div><div class="product"><a href="https://www.amazon.com/dp/B0D5R7JRKZ?tag=eloabder-20&linkCode=osi&th=1&psc=1"><img src="https://m.media-amazon.com/images/I/41ip9gU5DFL._SL500_.jpg" alt="Product Image"></a><p>Hapikalor Watercolor Paper Pad, 9"x12" Water Color Paper, 140lb/300gsm Artist Painting Drawing Paper Book, Art Supplies for Adults Kids, Watercolors, Watercolor Paint Set, Sketchbook, Journal, Teal</p><p> -20% 0FF </p><p>$7.99</p><a href="https://www.amazon.com/dp/B0D5R7JRKZ?tag=eloabder-20&linkCode=osi&th=1&psc=1">View Product</a></div><div class="product"><a href="https://www.amazon.com/dp/B0027A75A4?tag=eloabder-20&linkCode=osi&th=1&psc=1"><img src="https://m.media-amazon.com/images/I/51dyOxxcgYL._SL500_.jpg" alt="Product Image"></a><p>Strathmore 200 Series Sketch Pad, 9x12 inch, 100 Sheets, Tape Bound - Artist Sketchbook for Drawing, Illustration, Art Class Students</p><p> -28% 0FF </p><p>$6.25 ($0.06 / Count)</p><a href="https://www.amazon.com/dp/B0027A75A4?tag=eloabder-20&linkCode=osi&th=1&psc=1">View Product</a></div><div class="product"><a href="https://www.amazon.com/dp/B0027ACP0O?tag=eloabder-20&linkCode=osi&th=1&psc=1"><img src="https://m.media-amazon.com/images/I/517YAKefnpL._SL500_.jpg" alt="Product Image"></a><p>Strathmore 300 Series Bristol Paper Pad, Smooth, Tape Bound, 11x14 inches, 20 Sheets (100lb/270g) - Artist Paper for Adults and Students - Markers, Pen and Ink</p><p> -58% 0FF </p><p>$7.49 ($0.37 / Count)</p><a href="https://www.amazon.com/dp/B0027ACP0O?tag=eloabder-20&linkCode=osi&th=1&psc=1">View Product</a></div><div class="product"><a href="https://www.amazon.com/dp/B09FYY48MN?tag=eloabder-20&linkCode=osi&th=1&psc=1"><img src="https://m.media-amazon.com/images/I/41Oe-iH-rSL._SL500_.jpg" alt="Product Image"></a><p>9" x 12" Sketch Book, Hardcover Sketchbook, Top Spiral Bound Sketch Pad, 100 Sheets (68lb/100gsm) Drawing Paper Pad, Art Supplies for Adults for Kids Drawing Notebook.</p><p> -17% 0FF </p><p>$9.59</p><a href="https://www.amazon.com/dp/B09FYY48MN?tag=eloabder-20&linkCode=osi&th=1&psc=1">View Product</a></div><div class="product"><a href="https://www.amazon.com/dp/B004M59O4C?tag=eloabder-20&linkCode=osi&th=1&psc=1"><img src="https://m.media-amazon.com/images/I/51u-bSUsNEL._SL500_.jpg" alt="Product Image"></a><p>Canson XL Series Watercolor Pad, Heavyweight White Paper, Foldover Binding, 30 Sheets, 9x12 inch</p><p> -46% 0FF </p><p>$12.40</p><a href="https://www.amazon.com/dp/B004M59O4C?tag=eloabder-20&linkCode=osi&th=1&psc=1">View Product</a></div>
<div class="product"><a href="https://www.amazon.com/dp/B08ZMH7LJY?tag=eloabder-20&linkCode=osi&th=1&psc=1"><img src="https://m.media-amazon.com/images/I/51mJIsLJA-S._SL500_.jpg" alt="Product Image"></a><p>PANDAFLY Professional Drawing Sketching Pencil Set - 12 Pieces Graphite Pencils(14B - 2H), Ideal for Drawing Art, Sketching, Shading, Artist Pencils for Beginners & Pro Artists</p><p> -33% 0FF </p><p>$5.99</p><a href="https://www.amazon.com/dp/B08ZMH7LJY?tag=eloabder-20&linkCode=osi&th=1&psc=1">View Product</a></div><div class="product"><a href="https://www.amazon.com/dp/B088K1G5NL?tag=eloabder-20&linkCode=osi&th=1&psc=1"><img src="https://m.media-amazon.com/images/I/51F2bOMZWnL._SL500_.jpg" alt="Product Image"></a><p>MARKART Professional Drawing Sketching Pencil Set - 14 Pieces,Graphite,(12B - 4H), Ideal for Drawing Art, Sketching, Shading, Artist Pencils for Beginners & Pro Artists</p><p> -46% 0FF </p><p>$6.99</p><a href="https://www.amazon.com/dp/B088K1G5NL?tag=eloabder-20&linkCode=osi&th=1&psc=1">View Product</a></div><div class="product"><a href="https://www.amazon.com/dp/B01N09ZDEI?tag=eloabder-20&linkCode=osi&th=1&psc=1"><img src="https://m.media-amazon.com/images/I/51awfumPEiL._SL500_.jpg" alt="Product Image"></a><p>Soucolor 72-Color Colored Pencils for Adult Coloring Books, Back to School Supplies, Soft Core Artist Sketching Drawing Pencils Drawing Supplies, Art Supplies Kit for Adults Kids, Coloring Pencils Set</p><p> -40% 0FF </p><p>$11.98</p><a href="https://www.amazon.com/dp/B01N09ZDEI?tag=eloabder-20&linkCode=osi&th=1&psc=1">View Product</a></div><div class="product"><a href="https://www.amazon.com/dp/B092M2FXB8?tag=eloabder-20&linkCode=osi&th=1&psc=1"><img src="https://m.media-amazon.com/images/I/51vZNdWo7nS._SL500_.jpg" alt="Product Image"></a><p>Prina 50 Pack Drawing Set Sketch Kit, Sketching Supplies with 3-Color Sketchbook, Graphite, and Charcoal Pencils, Pro Art Drawing Kit for Artists Adults Teens Beginner Kid, Ideal for Shading, Blending</p><p> -45% 0FF </p><p>$16.99</p><a href="https://www.amazon.com/dp/B092M2FXB8?tag=eloabder-20&linkCode=osi&th=1&psc=1">View Product</a></div><div class="product"><a href="https://www.amazon.com/dp/B07FML92JL?tag=eloabder-20&linkCode=osi&th=1&psc=1"><img src="https://m.media-amazon.com/images/I/41VVsR9JR9L._SL500_.jpg" alt="Product Image"></a><p>Winsor & Newton Studio Collection Artist Pencils, Sketching Pencils, Set of 10</p><p> -14% 0FF </p><p>$14.99</p><a href="https://www.amazon.com/dp/B07FML92JL?tag=eloabder-20&linkCode=osi&th=1&psc=1">View Product</a></div><div class="product"><a href="https://www.amazon.com/dp/B0D254P2NW?tag=eloabder-20&linkCode=osi&th=1&psc=1"><img src="https://m.media-amazon.com/images/I/51JrXvaxmUL._SL500_.jpg" alt="Product Image"></a><p>PANDAFLY Drawing Sketching Pencil Set, 42 Pack Pro Art Pencil Kit with Graphite Pencils (14B-4H), Charcoal Pencil, Ideal for Shading, Blending, Drawing Set for Beginners & Pro Artists</p><p> -50% 0FF </p><p>$7.99</p><a href="https://www.amazon.com/dp/B0D254P2NW?tag=eloabder-20&linkCode=osi&th=1&psc=1">View Product</a></div><div class="product"><a href="https://www.amazon.com/dp/B000I5MNC0?tag=eloabder-20&linkCode=osi&th=1&psc=1"><img src="https://m.media-amazon.com/images/I/41x3fiMbbxL._SL500_.jpg" alt="Product Image"></a><p>Faber-Castell 9000 Graphite Sketch Pencil Sets Art 8B - 2H set of 12</p><p> -23% 0FF </p><p>$16.86</p><a href="https://www.amazon.com/dp/B000I5MNC0?tag=eloabder-20&linkCode=osi&th=1&psc=1">View Product</a></div><div class="product"><a href="https://www.amazon.com/dp/B0716W4HT2?tag=eloabder-20&linkCode=osi&th=1&psc=1"><img src="https://m.media-amazon.com/images/I/413mbXo1tfL._SL500_.jpg" alt="Product Image"></a><p>Oil Pastel Pencils for Artists 48 ct - Oil Based Colored Pencils - Drawing, Sketching and Adult Coloring - Soft Core Art Coloring Pencils Set with Skin Tone</p><p> -35% 0FF </p><p>$17.49</p><a href="https://www.amazon.com/dp/B0716W4HT2?tag=eloabder-20&linkCode=osi&th=1&psc=1">View Product</a></div>
<div class="product"><a href="https://www.amazon.com/dp/B0778WXGC2?tag=eloabder-20&linkCode=osi&th=1&psc=1"><img src="https://m.media-amazon.com/images/I/612XF1pkfEL._SL500_.jpg" alt="Product Image"></a><p>Folkwear English Smock #221 Farmer Shirt Artist Blouse Traditional Old England Sewing Pattern (Pattern Only) folkwear221</p><p> -17% 0FF </p><p>$16.95</p><a href="https://www.amazon.com/dp/B0778WXGC2?tag=eloabder-20&linkCode=osi&th=1&psc=1">View Product</a></div>
<div class="product"><a href="https://www.amazon.com/dp/B0987JPQ74?tag=eloabder-20&linkCode=osi&th=1&psc=1"><img src="https://m.media-amazon.com/images/I/51T06yxPRCL._SL500_.jpg" alt="Product Image"></a><p>DIYSELF 16-Piece Craft Knife Set, Exacto Knife Set, 3-Piece Hobby Knife with 10-Piece Exacto Knife Blades, Precision Art Knife for Pumpkin Carving, Modeling, Exactly Knife, Pumpkin Carving Tools</p><p> -10% 0FF </p><p>$8.99</p><a href="https://www.amazon.com/dp/B0987JPQ74?tag=eloabder-20&linkCode=osi&th=1&psc=1">View Product</a></div><div class="product"><a href="https://www.amazon.com/dp/B0BV5S193T?tag=eloabder-20&linkCode=osi&th=1&psc=1"><img src="https://m.media-amazon.com/images/I/41K5HSjhJVL._SL500_.jpg" alt="Product Image"></a><p>5 Piece Palette knifes Painting Knife Set for Oil, Acrylic Paint,Cake Decorating,Stainless Steel Pallet Knife Paint Knife Art Spatula for Various Types of Painting,ColorMixing,Smearing</p><p> -17% 0FF </p><p>$4.99</p><a href="https://www.amazon.com/dp/B0BV5S193T?tag=eloabder-20&linkCode=osi&th=1&psc=1">View Product</a></div><div class="product"><a href="https://www.amazon.com/dp/B0851M3749?tag=eloabder-20&linkCode=osi&th=1&psc=1"><img src="https://m.media-amazon.com/images/I/41KKSGSDl5L._SL500_.jpg" alt="Product Image"></a><p>N NOROCME 12 PCS Blending Stumps and Tortillions Paper Art Blenders with Sandpaper Pencil Sharpener Pointer for Student Artist Charcoal Sketch Drawing Tools</p><p> -55% 0FF </p><p>$4.99</p><a href="https://www.amazon.com/dp/B0851M3749?tag=eloabder-20&linkCode=osi&th=1&psc=1">View Product</a></div>
<div class="product"><a href="https://www.amazon.com/dp/B017T977MI?tag=eloabder-20&linkCode=osi&th=1&psc=1"><img src="https://m.media-amazon.com/images/I/418eKRiCmHL._SL500_.jpg" alt="Product Image"></a><p>Lion Brand 24/7 Cotton Yarn, Lightweight Yarn for Knitting, Crocheting, and Crafts, Sky, 1 Pack</p><p> -29% 0FF </p><p>$4.87 ($0.01 / Foot)</p><a href="https://www.amazon.com/dp/B017T977MI?tag=eloabder-20&linkCode=osi&th=1&psc=1">View Product</a></div><div class="product"><a href="https://www.amazon.com/dp/B001EWBLYC?tag=eloabder-20&linkCode=osi&th=1&psc=1"><img src="https://m.media-amazon.com/images/I/51CsW4tWtWL._SL500_.jpg" alt="Product Image"></a><p>RED HEART Soft Baby Steps Yarn, Baby Blue</p><p> -27% 0FF </p><p>$6.54 ($0.01 / Foot)</p><a href="https://www.amazon.com/dp/B001EWBLYC?tag=eloabder-20&linkCode=osi&th=1&psc=1">View Product</a></div><div class="product"><a href="https://www.amazon.com/dp/B09WJG6BYH?tag=eloabder-20&linkCode=osi&th=1&psc=1"><img src="https://m.media-amazon.com/images/I/51J3kWAkcML._SL500_.jpg" alt="Product Image"></a><p>Bernat Baby Blanket Lovely Blue Yarn - 2 Pack of 300g/10.5oz - Polyester - 6 Super Bulky - 220 Yards - Knitting/Crochet</p><p> -12% 0FF </p><p>$22.78</p><a href="https://www.amazon.com/dp/B09WJG6BYH?tag=eloabder-20&linkCode=osi&th=1&psc=1">View Product</a></div><div class="product"><a href="https://www.amazon.com/dp/B079PB452K?tag=eloabder-20&linkCode=osi&th=1&psc=1"><img src="https://m.media-amazon.com/images/I/41uh2hj6jTL._SL500_.jpg" alt="Product Image"></a><p>Lion Brand Yarn Feels Like Butta Soft Yarn for Crocheting and Knitting, Velvety, 1-Pack, Dusty Blue</p><p> -38% 0FF </p><p>$3.99 ($0.01 / Foot)</p><a href="https://www.amazon.com/dp/B079PB452K?tag=eloabder-20&linkCode=osi&th=1&psc=1">View Product</a></div><div class="product"><a href="https://www.amazon.com/dp/B003D7O1UC?tag=eloabder-20&linkCode=osi&th=1&psc=1"><img src="https://m.media-amazon.com/images/I/413-j-cJxPL._SL500_.jpg" alt="Product Image"></a><p>Lion Brand Yarn (1 Skein) Vanna's Choice Yarn, Dusty Blue</p><p> -20% 0FF </p><p>$3.99 ($0.01 / Foot)</p><a href="https://www.amazon.com/dp/B003D7O1UC?tag=eloabder-20&linkCode=osi&th=1&psc=1">View Product</a></div><div class="product"><a href="https://www.amazon.com/dp/B08JTYHC8B?tag=eloabder-20&linkCode=osi&th=1&psc=1"><img src="https://m.media-amazon.com/images/I/416LqlC3EXL._SL500_.jpg" alt="Product Image"></a><p>Alize Diva Silky Effect 100% Microfiber Acrylic Yarn 1 Ball skeins 100gr 383yds Color (346 - Sky Blue)</p><p> -16% 0FF </p><p>$5.49 ($0.00 / Foot)</p><a href="https://www.amazon.com/dp/B08JTYHC8B?tag=eloabder-20&linkCode=osi&th=1&psc=1">View Product</a></div>
<div class="product"><a href="https://www.amazon.com/dp/B0B2WMHCS2?tag=eloabder-20&linkCode=osi&th=1&psc=1"><img src="https://m.media-amazon.com/images/I/51HdKWtmsqL._SL500_.jpg" alt="Product Image"></a><p>Quill Pen Vintage Feather Calligraphy Pen Refined Quill Ballpoint for Writing Signature or Gift Wedding Bridal (Black)</p><p> -10% 0FF </p><p>$4.30</p><a href="https://www.amazon.com/dp/B0B2WMHCS2?tag=eloabder-20&linkCode=osi&th=1&psc=1">View Product</a></div><div class="product"><a href="https://www.amazon.com/dp/B084LMTR6J?tag=eloabder-20&linkCode=osi&th=1&psc=1"><img src="https://m.media-amazon.com/images/I/31v-ETvx49L._SL500_.jpg" alt="Product Image"></a><p>Cricut Joy Extra Fine Point Pens 0.3mm, 3 Count, Black</p><p> -66% 0FF </p><p>$2.69 ($0.90 / Count)</p><a href="https://www.amazon.com/dp/B084LMTR6J?tag=eloabder-20&linkCode=osi&th=1&psc=1">View Product</a></div><div class="product"><a href="https://www.amazon.com/dp/B0CQF3BJ3S?tag=eloabder-20&linkCode=osi&th=1&psc=1"><img src="https://m.media-amazon.com/images/I/41gs6AOiP6L._SL500_.jpg" alt="Product Image"></a><p>3 in 1 Retractable Ballpoint Pen with Light and Stylus, Nice Pens for Journaling Writing in The Dark - White/Red Light Tip- 0.7mm Black Ink</p><p> -13% 0FF </p><p>$12.99</p><a href="https://www.amazon.com/dp/B0CQF3BJ3S?tag=eloabder-20&linkCode=osi&th=1&psc=1">View Product</a></div><div class="product"><a href="https://www.amazon.com/dp/B097MJBPQ4?tag=eloabder-20&linkCode=osi&th=1&psc=1"><img src="https://m.media-amazon.com/images/I/41vwBosmAUL._SL500_.jpg" alt="Product Image"></a><p>JANYUN 3 Pieces Pen Shape Resin Mold Ballpoint Pen Silicone Molds Epoxy Resin Molds Resin Casting Molds with 75 Pieces Ballpoint Refill Pens for DIY Resin Crafts Making (Black Blue)</p><p> -12% 0FF </p><p>$7.95 ($2.65 / Count)</p><a href="https://www.amazon.com/dp/B097MJBPQ4?tag=eloabder-20&linkCode=osi&th=1&psc=1">View Product</a></div><div class="product"><a href="https://www.amazon.com/dp/B0D8GL3RLX?tag=eloabder-20&linkCode=osi&th=1&psc=1"><img src="https://m.media-amazon.com/images/I/41pLKPe4lfL._SL500_.jpg" alt="Product Image"></a><p>MARTCOLOR Gold Silver White Gel Pens, 1mm Fine Point Gel Ink Pen Opaque Archival Ink Pens for Black Paper Drawing, Sketching, Illustration, Card Making, Bullet Journaling, 3 Pack</p><p> -14% 0FF </p><p>$5.99</p><a href="https://www.amazon.com/dp/B0D8GL3RLX?tag=eloabder-20&linkCode=osi&th=1&psc=1">View Product</a></div>
<div class="product"><a href="https://www.amazon.com/dp/B09G2979JS?tag=eloabder-20&linkCode=osi&th=1&psc=1"><img src="https://m.media-amazon.com/images/I/61NISgl9z4L._SL500_.jpg" alt="Product Image"></a><p>Gionlion 6000 Clay Beads Bracelet Making Kit, 24 Colors Flat Preppy Beads for Friendship Bracelets, Polymer Clay Beads with Charms for Jewelry Making, Crafts Gifts for Girls Ages 6-12</p><p> -70% 0FF </p><p>$8.99 ($0.00 / Count)</p><a href="https://www.amazon.com/dp/B09G2979JS?tag=eloabder-20&linkCode=osi&th=1&psc=1">View Product</a></div><div class="product"><a href="https://www.amazon.com/dp/B0CQJDDSN7?tag=eloabder-20&linkCode=osi&th=1&psc=1"><img src="https://m.media-amazon.com/images/I/61Un7cTgOyL._SL500_.jpg" alt="Product Image"></a><p>LIS HEGENSA 24 Color Pony Beads Bulk 1000 Pcs,Kandi Beads for Necklace Jewelry Making Earring Hair Braiding,Bracelets Making Kits,Hair Bead,Bracelet Beads,Plastic Beads for Crafts Braids Girls</p><p> -30% 0FF </p><p>$6.99</p><a href="https://www.amazon.com/dp/B0CQJDDSN7?tag=eloabder-20&linkCode=osi&th=1&psc=1">View Product</a></div><div class="product"><a href="https://www.amazon.com/dp/B0C6D7DCV9?tag=eloabder-20&linkCode=osi&th=1&psc=1"><img src="https://m.media-amazon.com/images/I/51Y7WgErJ4L._SL500_.jpg" alt="Product Image"></a><p>shynek 1400 Pieces 6mm Round Glass Beads for Jewelry Making, 28 Colors Crystal Beads for Bracelets Jewelry Making and DIY Crafts(Solid Color)</p><p> -44% 0FF </p><p>$13.99 ($0.01 / Count)</p><a href="https://www.amazon.com/dp/B0C6D7DCV9?tag=eloabder-20&linkCode=osi&th=1&psc=1">View Product</a></div><div class="product"><a href="https://www.amazon.com/dp/B0CF1BD1C4?tag=eloabder-20&linkCode=osi&th=1&psc=1"><img src="https://m.media-amazon.com/images/I/511uBv47XkL._SL500_.jpg" alt="Product Image"></a><p>SUTOUG 1000PCS Colourful Letter Beads for Threading, 4 x 7 MM, A-Z White Letter Beads and Colourful Heart Beads, Acrylic Round Beads for Jewellery DIY Making Crafts Bracelets Necklaces Ornaments-Gold</p><p> -13% 0FF </p><p>$5.99 ($1.21 / Ounce)</p><a href="https://www.amazon.com/dp/B0CF1BD1C4?tag=eloabder-20&linkCode=osi&th=1&psc=1">View Product</a></div><div class="product"><a href="https://www.amazon.com/dp/B0C5JBWBXB?tag=eloabder-20&linkCode=osi&th=1&psc=1"><img src="https://m.media-amazon.com/images/I/616c37RFkJL._SL500_.jpg" alt="Product Image"></a><p>Redtwo 3400pcs 4mm Glass Seed Beads for Jewelry Bracelet Making Kit, Small Beads Friendship Bracelet Kit, Tiny Waist Beads Kit with Letter Beads and Elastic String, DIY Art Craft Girls Gifts.</p><p> -22% 0FF </p><p>$6.99</p><a href="https://www.amazon.com/dp/B0C5JBWBXB?tag=eloabder-20&linkCode=osi&th=1&psc=1">View Product</a></div><div class="product"><a href="https://www.amazon.com/dp/B007QNXBR8?tag=eloabder-20&linkCode=osi&th=1&psc=1"><img src="https://m.media-amazon.com/images/I/51AU4aa67CL._SL500_.jpg" alt="Product Image"></a><p>Beadery B6262 The Sparkles Pony Bead Box - approximately 2300 beads</p><p> -44% 0FF </p><p>$12.97 ($0.01 / Count)</p><a href="https://www.amazon.com/dp/B007QNXBR8?tag=eloabder-20&linkCode=osi&th=1&psc=1">View Product</a></div>
<div class="product"><a href="https://www.amazon.com/dp/B07BNF8KH5?tag=eloabder-20&linkCode=osi&th=1&psc=1"><img src="https://m.media-amazon.com/images/I/51jVByheyVL._SL500_.jpg" alt="Product Image"></a><p>PH PandaHall 100 Yards 1mm Waxed Cotton Cord Thread Beading String for Bracelet Necklace Making Crafting Beading Macrame Vase Decor, Burlywood</p><p> -41% 0FF </p><p>$7.19 ($0.02 / Foot)</p><a href="https://www.amazon.com/dp/B07BNF8KH5?tag=eloabder-20&linkCode=osi&th=1&psc=1">View Product</a></div><div class="product"><a href="https://www.amazon.com/dp/B08F49YVQP?tag=eloabder-20&linkCode=osi&th=1&psc=1"><img src="https://m.media-amazon.com/images/I/41yCMIpj0rS._SL500_.jpg" alt="Product Image"></a><p>1mm Stretchy Bracelet String, Sturdy Rainbow Elastic String Elastic Cord for Jewelry Making, Necklaces, Beading and Crafts</p><p> -36% 0FF </p><p>$6.99 ($0.04 / Foot)</p><a href="https://www.amazon.com/dp/B08F49YVQP?tag=eloabder-20&linkCode=osi&th=1&psc=1">View Product</a></div><div class="product"><a href="https://www.amazon.com/dp/B0BZYSBG2N?tag=eloabder-20&linkCode=osi&th=1&psc=1"><img src="https://m.media-amazon.com/images/I/51apPSltd9L._SL500_.jpg" alt="Product Image"></a><p>Nylon String for Bracelets, 25 Colors 1125 Yards Chinese Knotting Cord, 0.8 mm Nylon Cord for Jewelry Making, Beading, Necklaces, Kumihimo, Friendship Bracelets, Tassels and Craft</p><p> -5% 0FF </p><p>$18.99 ($0.01 / Foot)</p><a href="https://www.amazon.com/dp/B0BZYSBG2N?tag=eloabder-20&linkCode=osi&th=1&psc=1">View Product</a></div><div class="product"><a href="https://www.amazon.com/dp/B001PZD1C8?tag=eloabder-20&linkCode=osi&th=1&psc=1"><img src="https://m.media-amazon.com/images/I/41r2T29Hr7S._SL500_.jpg" alt="Product Image"></a><p>Stretch Magic Bead & Jewelry Cord - Strong & Stretchy, Easy to Knot - Clear Color - 0.5mm diameter - 10-meter (32.8 ft) spool - Elastic String for making beaded jewelry</p><p> -36% 0FF </p><p>$4.50 ($0.14 / Foot)</p><a href="https://www.amazon.com/dp/B001PZD1C8?tag=eloabder-20&linkCode=osi&th=1&psc=1">View Product</a></div>
<div class="product"><a href="https://www.amazon.com/dp/B0CBRC7K9K?tag=eloabder-20&linkCode=osi&th=1&psc=1"><img src="https://m.media-amazon.com/images/I/41JvPiusoSL._SL500_.jpg" alt="Product Image"></a><p>FIVEIZERO 21 Pieces Beading Needles Set, 6 Sizes Seed Beads Needles Big Eye Beading Needles Collapsible Beading Needles Set for Jewelry Making</p><p> -30% 0FF </p><p>$6.99</p><a href="https://www.amazon.com/dp/B0CBRC7K9K?tag=eloabder-20&linkCode=osi&th=1&psc=1">View Product</a></div><div class="product"><a href="https://www.amazon.com/dp/B0BNTYN4X5?tag=eloabder-20&linkCode=osi&th=1&psc=1"><img src="https://m.media-amazon.com/images/I/51elL0Dm7cL._SL500_.jpg" alt="Product Image"></a><p>58 Pcs Beading Needles Set,50 Pcs Long Straight Beading Thread Needles, 8 Pcs Big Eye Beading Needles with Threader, Needle Bottle, Yarn Scissors,Tweezers for Bracelets and Jewelry Making</p><p> -22% 0FF </p><p>$6.99</p><a href="https://www.amazon.com/dp/B0BNTYN4X5?tag=eloabder-20&linkCode=osi&th=1&psc=1">View Product</a></div><div class="product"><a href="https://www.amazon.com/dp/B09VGLZKGJ?tag=eloabder-20&linkCode=osi&th=1&psc=1"><img src="https://m.media-amazon.com/images/I/41jYxsbzW1L._SL500_.jpg" alt="Product Image"></a><p>UOOU 28 Pcs Beading Needles Set Include 20 Pcs Long Straight Beading Thread Needles + 8 Pcs Big Eye Beading Needles, Embroidery Needles with Needle Bottle, Thimble, Needle Threaders for Jewelry Making</p><p> -14% 0FF </p><p>$5.99</p><a href="https://www.amazon.com/dp/B09VGLZKGJ?tag=eloabder-20&linkCode=osi&th=1&psc=1">View Product</a></div><div class="product"><a href="https://www.amazon.com/dp/B0D127NY14?tag=eloabder-20&linkCode=osi&th=1&psc=1"><img src="https://m.media-amazon.com/images/I/41sq0seXVfL._SL500_.jpg" alt="Product Image"></a><p>FIVEIZERO 60 Pieces Beading Needle Set, 5 Sizes Species Big Eye Beading Needles (with Threader) Needle Bottle, Yarn, Embroidery Needle, Thimble Foldable Beading Needle Set for Jewelry Making</p><p> -30% 0FF </p><p>$6.99</p><a href="https://www.amazon.com/dp/B0D127NY14?tag=eloabder-20&linkCode=osi&th=1&psc=1">View Product</a></div>
<div class="product"><a href="https://www.amazon.com/dp/B001GMUBJ6?tag=eloabder-20&linkCode=osi&th=1&psc=1"><img src="https://m.media-amazon.com/images/I/51ovvZkwriL._SL500_.jpg" alt="Product Image"></a><p>The Beadsmith Fireline by Berkley – Micro-Fused Braided Thread – 6lb. Test, 006”/.15mm Diameter, 50 Yard Spool, Crystal Color – Super Strong Stringing Material for Jewelry Making and Bead Weaving</p><p> -5% 0FF </p><p>$11.99</p><a href="https://www.amazon.com/dp/B001GMUBJ6?tag=eloabder-20&linkCode=osi&th=1&psc=1">View Product</a></div><div class="product"><a href="https://www.amazon.com/dp/B07FL95S7C?tag=eloabder-20&linkCode=osi&th=1&psc=1"><img src="https://m.media-amazon.com/images/I/41Pbjyx1lnL._SL500_.jpg" alt="Product Image"></a><p>Treasure Gurus Artificial Deer Sinew Waxed Beading Craft Poly Thread Spool Natural Wax Sinue</p><p> -7% 0FF </p><p>$13.25 ($0.01 / Foot)</p><a href="https://www.amazon.com/dp/B07FL95S7C?tag=eloabder-20&linkCode=osi&th=1&psc=1">View Product</a></div>
<div class="product"><a href="https://www.amazon.com/dp/B00D3KOB2W?tag=eloabder-20&linkCode=osi&th=1&psc=1"><img src="https://m.media-amazon.com/images/I/419Au7VfUYL._SL500_.jpg" alt="Product Image"></a><p>Beadalon 7 Strand Stainless Steel Bead Stringing Wire, 0.012 in / 0.30 mm, Bright, 100 ft / 31 m</p><p> -6% 0FF </p><p>$8.88</p><a href="https://www.amazon.com/dp/B00D3KOB2W?tag=eloabder-20&linkCode=osi&th=1&psc=1">View Product</a></div><div class="product"><a href="https://www.amazon.com/dp/B00109RIVO?tag=eloabder-20&linkCode=osi&th=1&psc=1"><img src="https://m.media-amazon.com/images/I/51ctGiWm+8L._SL500_.jpg" alt="Product Image"></a><p>Beadalon 19 Strand Stainless Steel Bead Stringing Wire, 015 in / 0.38 mm, Bright, 100 ft / 31 m</p><p> -26% 0FF </p><p>$20.99</p><a href="https://www.amazon.com/dp/B00109RIVO?tag=eloabder-20&linkCode=osi&th=1&psc=1">View Product</a></div><div class="product"><a href="https://www.amazon.com/dp/B001FCYJDG?tag=eloabder-20&linkCode=osi&th=1&psc=1"><img src="https://m.media-amazon.com/images/I/41ffmCFSOhL._SL500_.jpg" alt="Product Image"></a><p>Beadalon 19 Strand Stainless Steel Bead Stringing Wire.015 in (0.38 mm), Satin Silver, 30 ft (9.2 m)</p><p> -26% 0FF </p><p>$9.99</p><a href="https://www.amazon.com/dp/B001FCYJDG?tag=eloabder-20&linkCode=osi&th=1&psc=1">View Product</a></div>
<div class="product"><a href="https://www.amazon.com/dp/B01LWX2IO1?tag=eloabder-20&linkCode=osi&th=1&psc=1"><img src="https://m.media-amazon.com/images/I/412dCF1E4QL._SL500_.jpg" alt="Product Image"></a><p>Beesworks Yellow Beeswax Bars (6 oz) | 100% Pure, Cosmetic Grade, Triple-Filtered Beeswax for DIY Skin Care, Lip Balm, Lotion and Candle Making (1 oz Bars - Pack of 6)</p><p> -22% 0FF </p><p>$6.99 ($1.16 / Ounce)</p><a href="https://www.amazon.com/dp/B01LWX2IO1?tag=eloabder-20&linkCode=osi&th=1&psc=1">View Product</a></div><div class="product"><a href="https://www.amazon.com/dp/B07VSQ6PGD?tag=eloabder-20&linkCode=osi&th=1&psc=1"><img src="https://m.media-amazon.com/images/I/41sY3zrLyyL._SL500_.jpg" alt="Product Image"></a><p>EricX Light Beeswax Bars 7oz,1oz for Each Beeswax Bars,Pack of 7,Cosmetic Grade</p><p> -36% 0FF </p><p>$6.99 ($1.00 / Ounce)</p><a href="https://www.amazon.com/dp/B07VSQ6PGD?tag=eloabder-20&linkCode=osi&th=1&psc=1">View Product</a></div>
<div class="product"><a href="https://www.amazon.com/dp/B08KGTFR6T?tag=eloabder-20&linkCode=osi&th=1&psc=1"><img src="https://m.media-amazon.com/images/I/51Q3LghfEXL._SL500_.jpg" alt="Product Image"></a><p>Otylzto Premium Plastic Clips, 100 Pcs with Box, Sewing Notions for Sewing Quilting Supplies Crafting Tools, Assorted Colors for Craft</p><p> -16% 0FF </p><p>$6.69</p><a href="https://www.amazon.com/dp/B08KGTFR6T?tag=eloabder-20&linkCode=osi&th=1&psc=1">View Product</a></div><div class="product"><a href="https://www.amazon.com/dp/B01G90AEE6?tag=eloabder-20&linkCode=osi&th=1&psc=1"><img src="https://m.media-amazon.com/images/I/41-bfF+u5BL._SL500_.jpg" alt="Product Image"></a><p>Clover Mini Wonder Clips (Red & Blue/20 pcs.)</p><p> -40% 0FF </p><p>$9.35 ($0.47 / Count)</p><a href="https://www.amazon.com/dp/B01G90AEE6?tag=eloabder-20&linkCode=osi&th=1&psc=1">View Product</a></div>
<div class="product"><a href="https://www.amazon.com/dp/B0CL7N6GZS?tag=eloabder-20&linkCode=osi&th=1&psc=1"><img src="https://m.media-amazon.com/images/I/4119FS8tFqL._SL500_.jpg" alt="Product Image"></a><p>Mr. Pen- Pencil Pouch, 2Pack, Pencil Pouches, Pencil Pouch for 3 Ring Binder Pencil Pouch, Pencil Cases, Pencil Case for Binder Pouch, Zipper Pencil Pouch, 3 Ring Binder Pouch, Pencil Bags with Zipper</p><p> -22% 0FF </p><p>$6.99</p><a href="https://www.amazon.com/dp/B0CL7N6GZS?tag=eloabder-20&linkCode=osi&th=1&psc=1">View Product</a></div><div class="product"><a href="https://www.amazon.com/dp/B00AFTQ4X8?tag=eloabder-20&linkCode=osi&th=1&psc=1"><img src="https://m.media-amazon.com/images/I/31GQNXQlHrL._SL500_.jpg" alt="Product Image"></a><p>Swingline 3 Hole Punch, 20 Sheet Capacity Three Hole Puncher 3 Ring, Paper Punch, SmartTouch Low Effort, Black & Silver (74133)</p><p> -22% 0FF </p><p>$18.00</p><a href="https://www.amazon.com/dp/B00AFTQ4X8?tag=eloabder-20&linkCode=osi&th=1&psc=1">View Product</a></div>
<div class="product"><a href="https://www.amazon.com/dp/B005571VQA?tag=eloabder-20&linkCode=osi&th=1&psc=1"><img src="https://m.media-amazon.com/images/I/314C89Li8+L._SL500_.jpg" alt="Product Image"></a><p>We R Memory Keepers 0633356710899 Wire Cinch-1 Inch-Bark (2 Piece)</p><p> -15% 0FF </p><p>$9.53</p><a href="https://www.amazon.com/dp/B005571VQA?tag=eloabder-20&linkCode=osi&th=1&psc=1">View Product</a></div><div class="product"><a href="https://www.amazon.com/dp/B0D1XV3N8H?tag=eloabder-20&linkCode=osi&th=1&psc=1"><img src="https://m.media-amazon.com/images/I/41Esbkv-76L._SL500_.jpg" alt="Product Image"></a><p>JUPEAN Bookbinding Kit, Book Binding Kits, Book Press, 7.9”x11.6”, Book Binding Tools Book Binding Supplies with Wooden Binding Press Book Cover Book Board Bone Folder Awl Binding Strap for DIY</p><p> -10% 0FF </p><p>$37.99</p><a href="https://www.amazon.com/dp/B0D1XV3N8H?tag=eloabder-20&linkCode=osi&th=1&psc=1">View Product</a></div><div class="product"><a href="https://www.amazon.com/dp/B0B9BMMJW5?tag=eloabder-20&linkCode=osi&th=1&psc=1"><img src="https://m.media-amazon.com/images/I/41Jl3w+cJ4L._SL500_.jpg" alt="Product Image"></a><p>6 Pcs Bookbinding Kits, Bookbinding Supplies, Book Binding Starter Tools Set for DIY Bookbinding Crafts and Sewing Supplies</p><p> -7% 0FF </p><p>$6.99</p><a href="https://www.amazon.com/dp/B0B9BMMJW5?tag=eloabder-20&linkCode=osi&th=1&psc=1">View Product</a></div><div class="product"><a href="https://www.amazon.com/dp/B0D1X433Z6?tag=eloabder-20&linkCode=osi&th=1&psc=1"><img src="https://m.media-amazon.com/images/I/41apTG1e9fL._SL500_.jpg" alt="Product Image"></a><p>JUPEAN Book Binding Kits, Bookbinding Supplies, Book Binding Kit for Beginners Bone Folder Tool with Bone Folder Awl Waxed Thread Book Press for DIY 7.9”x11.6”</p><p> -13% 0FF </p><p>$25.99</p><a href="https://www.amazon.com/dp/B0D1X433Z6?tag=eloabder-20&linkCode=osi&th=1&psc=1">View Product</a></div><div class="product"><a href="https://www.amazon.com/dp/B0D4YHS3R7?tag=eloabder-20&linkCode=osi&th=1&psc=1"><img src="https://m.media-amazon.com/images/I/41lRDpWUjiL._SL500_.jpg" alt="Product Image"></a><p>Jupean Bookbinding Kit, Book Binding Kit for Beginners, Book Binding Materials, Book Binding Tools with Bone Folder Book Binding Awl Webbing Strap Storage Box</p><p> -20% 0FF </p><p>$15.99</p><a href="https://www.amazon.com/dp/B0D4YHS3R7?tag=eloabder-20&linkCode=osi&th=1&psc=1">View Product</a></div><div class="product"><a href="https://www.amazon.com/dp/B0BP7XXPJJ?tag=eloabder-20&linkCode=osi&th=1&psc=1"><img src="https://m.media-amazon.com/images/I/51m+QztxUoL._SL500_.jpg" alt="Product Image"></a><p>BeKnitting 20 Knit Blocking Combs for Knitting & Crochet Projects Blockers for Crafts, Lace, Sweaters, Cardigans, Scarves, Needlework, Mats</p><p> -16% 0FF </p><p>$14.94</p><a href="https://www.amazon.com/dp/B0BP7XXPJJ?tag=eloabder-20&linkCode=osi&th=1&psc=1">View Product</a></div>
<div class="product"><a href="https://www.amazon.com/dp/B00UY0WT1O?tag=eloabder-20&linkCode=osi&th=1&psc=1"><img src="https://m.media-amazon.com/images/I/41eBNPX-72L._SL500_.jpg" alt="Product Image"></a><p>We R Memory Keepers, Cinch Book Binding Machine 2, Pink/White, Easy to Use Design with Slide Ruler, Compatible with Wire or Spiral Coils, Make Professional Books, Notebooks, Calendars and More</p><p> -10% 0FF </p><p>$90.24</p><a href="https://www.amazon.com/dp/B00UY0WT1O?tag=eloabder-20&linkCode=osi&th=1&psc=1">View Product</a></div><div class="product"><a href="https://www.amazon.com/dp/B00AYKTA66?tag=eloabder-20&linkCode=osi&th=1&psc=1"><img src="https://m.media-amazon.com/images/I/51EjD50SJvL._SL500_.jpg" alt="Product Image"></a><p>We R Memory Keepers Mini Cinch Bundle Includes Book Binding Machine, 16 Wires, Wire Cutters, and Six Black Bookboards, Easy to Use Design, Ruler, Wire or Spiral Coils, DIY Books, Notebooks, Calendars</p><p> -13% 0FF </p><p>$69.89</p><a href="https://www.amazon.com/dp/B00AYKTA66?tag=eloabder-20&linkCode=osi&th=1&psc=1">View Product</a></div><div class="product"><a href="https://www.amazon.com/dp/B0BV3CC4J7?tag=eloabder-20&linkCode=osi&th=1&psc=1"><img src="https://m.media-amazon.com/images/I/41Ove9J1WyL._SL500_.jpg" alt="Product Image"></a><p>We R Memory Keepers Multi Cinch Kit (2 in 1 Circle & Disc) Book Binding Art Crafts Sewing Scrapbooking Journaling Printmaking Paper Craft Office Home Card Stock DIY Card Making Sticker Machine</p><p> -5% 0FF </p><p>$68.40</p><a href="https://www.amazon.com/dp/B0BV3CC4J7?tag=eloabder-20&linkCode=osi&th=1&psc=1">View Product</a></div><div class="product"><a href="https://www.amazon.com/dp/B0CZQJTTHT?tag=eloabder-20&linkCode=osi&th=1&psc=1"><img src="https://m.media-amazon.com/images/I/410goBiFC5L._SL500_.jpg" alt="Product Image"></a><p>Kreapa 30 pcs book binding kits Book Press Book Binding Supplies & Book Binding Kits Book Binding Kits Starter Kit with Real Bone Clips Awl Big Eye Needle Waxed Book Cloth DIY,11.6 x 7.7 inches</p><p> -50% 0FF </p><p>$21.49</p><a href="https://www.amazon.com/dp/B0CZQJTTHT?tag=eloabder-20&linkCode=osi&th=1&psc=1">View Product</a></div>
<div class="product"><a href="https://www.amazon.com/dp/B0049UZ8PY?tag=eloabder-20&linkCode=osi&th=1&psc=1"><img src="https://m.media-amazon.com/images/I/31-Uug6SnRL._SL500_.jpg" alt="Product Image"></a><p>Daler-Rowney FW Acrylic Ink Bottle Black - Versatile Acrylic Drawing Ink for Artists and Students - Permanent Calligraphy Ink - Archival Ink for Illustrating and More</p><p> -23% 0FF </p><p>$7.75</p><a href="https://www.amazon.com/dp/B0049UZ8PY?tag=eloabder-20&linkCode=osi&th=1&psc=1">View Product</a></div><div class="product"><a href="https://www.amazon.com/dp/B005P1QSFK?tag=eloabder-20&linkCode=osi&th=1&psc=1"><img src="https://m.media-amazon.com/images/I/414vi3MJ19L._SL500_.jpg" alt="Product Image"></a><p>Ranger, Archival Ink Pad, 0, Jet Black (789541031468)</p><p> -9% 0FF </p><p>$7.51 ($7.51 / count)</p><a href="https://www.amazon.com/dp/B005P1QSFK?tag=eloabder-20&linkCode=osi&th=1&psc=1">View Product</a></div>
<div class="product"><a href="https://www.amazon.com/dp/B07Q4TJCDJ?tag=eloabder-20&linkCode=osi&th=1&psc=1"><img src="https://m.media-amazon.com/images/I/315HYvYg-BL._SL500_.jpg" alt="Product Image"></a><p>Primbeeks 300pcs Blank Business Cards, Premium Blank White Cards, 3.5" x 2.2" Small Blank Cards, Blank Cardstock Cards, Small Note Cards, white blank cards, white business cards, kraft paper cards</p><p> -53% 0FF </p><p>$7.99</p><a href="https://www.amazon.com/dp/B07Q4TJCDJ?tag=eloabder-20&linkCode=osi&th=1&psc=1">View Product</a></div>
<div class="product"><a href="https://www.amazon.com/dp/B07D8MQ71H?tag=eloabder-20&linkCode=osi&th=1&psc=1"><img src="https://m.media-amazon.com/images/I/41eOrrAeW1L._SL500_.jpg" alt="Product Image"></a><p>Paper Junkie 48 Pack Small Blank Notebooks for Kids Bulk, Kraft Paper Journals for Students, Sketching Drawing, Writing (4.3 x 5.6 In)</p><p> -15% 0FF </p><p>$22.99</p><a href="https://www.amazon.com/dp/B07D8MQ71H?tag=eloabder-20&linkCode=osi&th=1&psc=1">View Product</a></div><div class="product"><a href="https://www.amazon.com/dp/B0CJGPBFCN?tag=eloabder-20&linkCode=osi&th=1&psc=1"><img src="https://m.media-amazon.com/images/I/41WVp+K3FmL._SL500_.jpg" alt="Product Image"></a><p>Mr. Pen- Colorful Blank Books, 4.2 x 5.5 Inches, 32 Pages, 8 Pack, Blank Notebooks for Kids, Mini Notebooks for Kids, Mini Journal for Students, Blank Journal for Kids, Unlined Notebook, Kids Journal</p><p> -17% 0FF </p><p>$4.99 ($0.62 / Count)</p><a href="https://www.amazon.com/dp/B0CJGPBFCN?tag=eloabder-20&linkCode=osi&th=1&psc=1">View Product</a></div><div class="product"><a href="https://www.amazon.com/dp/B0CP8RCH9R?tag=eloabder-20&linkCode=osi&th=1&psc=1"><img src="https://m.media-amazon.com/images/I/41IHpCydyOL._SL500_.jpg" alt="Product Image"></a><p>BLUMOST Spiral Sketchbook for Drawing, 120gsm Sketch Book for Sketching, Artist Drawing Blank Paper Notebook for Kids Adults Beginners, Inner Pocket, 5.75'' × 8.38''-Black</p><p> -50% 0FF </p><p>$4.49</p><a href="https://www.amazon.com/dp/B0CP8RCH9R?tag=eloabder-20&linkCode=osi&th=1&psc=1">View Product</a></div><div class="product"><a href="https://www.amazon.com/dp/B0CWS8VFN7?tag=eloabder-20&linkCode=osi&th=1&psc=1"><img src="https://m.media-amazon.com/images/I/31i+w2Y3cFL._SL500_.jpg" alt="Product Image"></a><p>Mr. Pen- Colorful Blank Books, 4.25 x 5.5 Inches, 6 Pack, 32 Pages, Blank Notebooks for Kids, Mini Notebooks for Kids, Mini Journal for Students, Blank Journal for Kids, Unlined Notebook, Kids Journal</p><p> -60% 0FF </p><p>$3.99</p><a href="https://www.amazon.com/dp/B0CWS8VFN7?tag=eloabder-20&linkCode=osi&th=1&psc=1">View Product</a></div>
<div class="product"><a href="https://www.amazon.com/dp/B0B3WWHWT2?tag=eloabder-20&linkCode=osi&th=1&psc=1"><img src="https://m.media-amazon.com/images/I/31m0FzXtPxL._SL500_.jpg" alt="Product Image"></a><p>Tamaki 6 Pack Colorful Blank Books for kids to Write, Drawing, Cute Sketchbook for Kid, 6 Colors (4.25 x 5.5 Inches)</p><p> -13% 0FF </p><p>$6.99</p><a href="https://www.amazon.com/dp/B0B3WWHWT2?tag=eloabder-20&linkCode=osi&th=1&psc=1">View Product</a></div>
<div class="product"><a href="https://www.amazon.com/dp/B0B19J9FZM?tag=eloabder-20&linkCode=osi&th=1&psc=1"><img src="https://m.media-amazon.com/images/I/41ABS9as04L._SL500_.jpg" alt="Product Image"></a><p>Soucolor 9" x 12" Sketch Book, 1-Pack 100 Sheets Spiral Bound Art Sketchbook, (68lb/100gsm) Acid Free Artist Drawing Book Paper Painting Sketching Pad for Kids Students Adults Beginners</p><p> -40% 0FF </p><p>$8.99</p><a href="https://www.amazon.com/dp/B0B19J9FZM?tag=eloabder-20&linkCode=osi&th=1&psc=1">View Product</a></div><div class="product"><a href="https://www.amazon.com/dp/B097L9D5C6?tag=eloabder-20&linkCode=osi&th=1&psc=1"><img src="https://m.media-amazon.com/images/I/51weNIrCWfL._SL500_.jpg" alt="Product Image"></a><p>Sketch Book 5.5 X 8.5 - Spiral Sketchbook Pack of 2, SuFly 200 Sheets (68 lb/100gsm) Acid Free Sketch Pads for Drawing for Adults Spiral-Bound with Hard Cover for Kids, 100 Sheets Each</p><p> -8% 0FF </p><p>$11.99 ($6.00 / Count)</p><a href="https://www.amazon.com/dp/B097L9D5C6?tag=eloabder-20&linkCode=osi&th=1&psc=1">View Product</a></div><div class="product"><a href="https://www.amazon.com/dp/B093MK1CLJ?tag=eloabder-20&linkCode=osi&th=1&psc=1"><img src="https://m.media-amazon.com/images/I/3168yaIXBOS._SL500_.jpg" alt="Product Image"></a><p>LayFlat Sketchbook - 8.27 x 11 Inches - Black Blank Note Book, 64 Sheets, Thick 100gsm Paper, for Drawing, Sketching, and journaling</p><p> -5% 0FF </p><p>$12.45</p><a href="https://www.amazon.com/dp/B093MK1CLJ?tag=eloabder-20&linkCode=osi&th=1&psc=1">View Product</a></div><div class="product"><a href="https://www.amazon.com/dp/B083SBPRTY?tag=eloabder-20&linkCode=osi&th=1&psc=1"><img src="https://m.media-amazon.com/images/I/61zFqh++bML._SL500_.jpg" alt="Product Image"></a><p>Artisto 9x12" Premium Sketch Book Set, Spiral Bound, Pack of 2, 200 Sheets (100g/m2), Acid-Free Drawing Paper, Ideal for Kids, Teens & Adults.</p><p> -28% 0FF </p><p>$20.99 ($0.10 / Count)</p><a href="https://www.amazon.com/dp/B083SBPRTY?tag=eloabder-20&linkCode=osi&th=1&psc=1">View Product</a></div><div class="product"><a href="https://www.amazon.com/dp/1441310223?tag=eloabder-20&linkCode=osi&th=1&psc=1"><img src="https://m.media-amazon.com/images/I/41fzQQFFDnL._SL500_.jpg" alt="Product Image"></a><p>Premium Sketchbook (Large journal)</p><p> -10% 0FF </p><p>$11.69</p><a href="https://www.amazon.com/dp/1441310223?tag=eloabder-20&linkCode=osi&th=1&psc=1">View Product</a></div>
<div class="product"><a href="https://www.amazon.com/dp/B075M9MSFH?tag=eloabder-20&linkCode=osi&th=1&psc=1"><img src="https://m.media-amazon.com/images/I/51x+szTX6TL._SL500_.jpg" alt="Product Image"></a><p>Bianyo Bleedproof Marker Paper Pad, A4(8.27"X11.69"), 50 Sheets, 18 LB / 70 GSM, Glue-Bound, 100% Cotton, White, Ideal for Use with Markers and Ink Mediums</p><p> -38% 0FF </p><p>$9.99</p><a href="https://www.amazon.com/dp/B075M9MSFH?tag=eloabder-20&linkCode=osi&th=1&psc=1">View Product</a></div><div class="product"><a href="https://www.amazon.com/dp/B0D97H6RR8?tag=eloabder-20&linkCode=osi&th=1&psc=1"><img src="https://m.media-amazon.com/images/I/41kq8GouD4L._SL500_.jpg" alt="Product Image"></a><p>135lb/200gsm Marker Paper Pad, 8.3×8.9in Double Sided Bleedproof Sketch Pad, 30 Sheets Art Paper Spiral Sketchbook, Smooth Alcohol Marker Paper Painting Coloring Paper for DIY, Gift, Christmas</p><p> -20% 0FF </p><p>$7.99</p><a href="https://www.amazon.com/dp/B0D97H6RR8?tag=eloabder-20&linkCode=osi&th=1&psc=1">View Product</a></div><div class="product"><a href="https://www.amazon.com/dp/B0CS3KH6S1?tag=eloabder-20&linkCode=osi&th=1&psc=1"><img src="https://m.media-amazon.com/images/I/41pg37CppxL._SL500_.jpg" alt="Product Image"></a><p>Ohuhu Double Sided Marker Pads Art Sketchbook Bleedproof - 7.6"x10" Large Paper Size - 90LB/150GSM Smooth Drawing Paper - 60 Sheets/120 Pages, Spiral Bound Sketching Book for Alcohol Markers Christmas</p><p> -9% 0FF </p><p>$19.99 ($0.33 / Count)</p><a href="https://www.amazon.com/dp/B0CS3KH6S1?tag=eloabder-20&linkCode=osi&th=1&psc=1">View Product</a></div><div class="product"><a href="https://www.amazon.com/dp/B0CS3DZ7QL?tag=eloabder-20&linkCode=osi&th=1&psc=1"><img src="https://m.media-amazon.com/images/I/41kUDF2DXdL._SL500_.jpg" alt="Product Image"></a><p>Ohuhu Double Sided Marker Pad Art Sketchbook Bleedproof - 9"x12" Large Paper Size - 90LB/150GSM Smooth Drawing Paper - 60 Sheets/120 Pages, Glue-Bound Sketching Book for Alcohol Markers Christmas Gift</p><p> -9% 0FF </p><p>$19.99 ($0.44 / Sq Ft)</p><a href="https://www.amazon.com/dp/B0CS3DZ7QL?tag=eloabder-20&linkCode=osi&th=1&psc=1">View Product</a></div>
<div class="product"><a href="https://www.amazon.com/dp/B000J09PFM?tag=eloabder-20&linkCode=osi&th=1&psc=1"><img src="https://m.media-amazon.com/images/I/51yPRc4nvoL._SL500_.jpg" alt="Product Image"></a><p>Speedball Water-Soluble Block Printing Ink Starter Set, 6 Bold Colors with Satin Finish, 1.25-Ounce Tubes</p><p> -9% 0FF </p><p>$29.99 ($4.00 / Fl Oz)</p><a href="https://www.amazon.com/dp/B000J09PFM?tag=eloabder-20&linkCode=osi&th=1&psc=1">View Product</a></div><div class="product"><a href="https://www.amazon.com/dp/B0042ST318?tag=eloabder-20&linkCode=osi&th=1&psc=1"><img src="https://m.media-amazon.com/images/I/41+uFUT9CNL._SL500_.jpg" alt="Product Image"></a><p>Sax True Flow Water Soluble Block Printing Ink, 8 Ounce Jar, Black - 461924</p><p> -23% 0FF </p><p>$10.75</p><a href="https://www.amazon.com/dp/B0042ST318?tag=eloabder-20&linkCode=osi&th=1&psc=1">View Product</a></div><div class="product"><a href="https://www.amazon.com/dp/B00C1JUJWW?tag=eloabder-20&linkCode=osi&th=1&psc=1"><img src="https://m.media-amazon.com/images/I/41zDtJ6f5hL._SL500_.jpg" alt="Product Image"></a><p>Speedball Fabric Block Printing Ink, 2.5-Ounce, Black</p><p> -5% 0FF </p><p>$9.99 ($4.00 / Fl Oz)</p><a href="https://www.amazon.com/dp/B00C1JUJWW?tag=eloabder-20&linkCode=osi&th=1&psc=1">View Product</a></div><div class="product"><a href="https://www.amazon.com/dp/B0042SRDG0?tag=eloabder-20&linkCode=osi&th=1&psc=1"><img src="https://m.media-amazon.com/images/I/41+wjL7y0oL._SL500_.jpg" alt="Product Image"></a><p>Sax 1299777 True Flow Water Soluble Block Printing Ink - 16 Ounces - Black</p><p> -22% 0FF </p><p>$17.99</p><a href="https://www.amazon.com/dp/B0042SRDG0?tag=eloabder-20&linkCode=osi&th=1&psc=1">View Product</a></div>
<div class="product"><a href="https://www.amazon.com/dp/B0BN53F73Z?tag=eloabder-20&linkCode=osi&th=1&psc=1"><img src="https://m.media-amazon.com/images/I/41UfqrebfDL._SL500_.jpg" alt="Product Image"></a><p>Oopsu 4 Pack Rubber Block Stamp Carving Blocks with Cutter Tools and Rubber Brayer Roller for Printmaking and More Crafts</p><p> -15% 0FF </p><p>$16.99 ($5.66 / Count)</p><a href="https://www.amazon.com/dp/B0BN53F73Z?tag=eloabder-20&linkCode=osi&th=1&psc=1">View Product</a></div><div class="product"><a href="https://www.amazon.com/dp/B0017D8W5E?tag=eloabder-20&linkCode=osi&th=1&psc=1"><img src="https://m.media-amazon.com/images/I/41WwtE85+2L._SL500_.jpg" alt="Product Image"></a><p>Speedball Linoleum Cutter Kit Assortment #1 - Linocut Carving Tools for Block Printing, Includes 5 Blades</p><p> -7% 0FF </p><p>$13.99</p><a href="https://www.amazon.com/dp/B0017D8W5E?tag=eloabder-20&linkCode=osi&th=1&psc=1">View Product</a></div><div class="product"><a href="https://www.amazon.com/dp/B07ZJBZN5S?tag=eloabder-20&linkCode=osi&th=1&psc=1"><img src="https://m.media-amazon.com/images/I/41UbN58y9uS._SL500_.jpg" alt="Product Image"></a><p>SGHUO 12pcs 4"x6" Pink Rubber Carving Blocks Linoleum Block Stamp Making Kit</p><p> -12% 0FF </p><p>$22.99 ($1.92 / Count)</p><a href="https://www.amazon.com/dp/B07ZJBZN5S?tag=eloabder-20&linkCode=osi&th=1&psc=1">View Product</a></div>
<div class="product"><a href="https://www.amazon.com/dp/B00L2DYUM8?tag=eloabder-20&linkCode=osi&th=1&psc=1"><img src="https://m.media-amazon.com/images/I/51l5FZ0+5AL._SL500_.jpg" alt="Product Image"></a><p>Strathmore 300 Series Printmaking Paper Pad, Glue Bound, 5x7 inches, 40 Sheets (120g) - Artist Paper for Adults and Students - Block Printing, Linocut, Screen Printing, White</p><p> -25% 0FF </p><p>$5.94</p><a href="https://www.amazon.com/dp/B00L2DYUM8?tag=eloabder-20&linkCode=osi&th=1&psc=1">View Product</a></div><div class="product"><a href="https://www.amazon.com/dp/B00K5562WA?tag=eloabder-20&linkCode=osi&th=1&psc=1"><img src="https://m.media-amazon.com/images/I/51cZMCeflnL._SL500_.jpg" alt="Product Image"></a><p>Strathmore Printmaking Paper Pad 8"X10"-20 Sheets -62433800, White</p><p> -24% 0FF </p><p>$10.76</p><a href="https://www.amazon.com/dp/B00K5562WA?tag=eloabder-20&linkCode=osi&th=1&psc=1">View Product</a></div><div class="product"><a href="https://www.amazon.com/dp/B003IFWXHC?tag=eloabder-20&linkCode=osi&th=1&psc=1"><img src="https://m.media-amazon.com/images/I/41BilVeKXDL._SL500_.jpg" alt="Product Image"></a><p>Speedball Printmaster Paper, 9"x12", 50-Sheets, 70lb, 104gsm for Block and Relief Printmaking, Ideal for Students and Everyday Use</p><p> -7% 0FF </p><p>$13.99 ($0.28 / Count)</p><a href="https://www.amazon.com/dp/B003IFWXHC?tag=eloabder-20&linkCode=osi&th=1&psc=1">View Product</a></div><div class="product"><a href="https://www.amazon.com/dp/B07RL81DD2?tag=eloabder-20&linkCode=osi&th=1&psc=1"><img src="https://m.media-amazon.com/images/I/51Qs3GXKhnL._SL500_.jpg" alt="Product Image"></a><p>Richeson Printmaking Paper, 88# 6x9 inches, 50 Sheets (100757)</p><p> -12% 0FF </p><p>$8.93 ($0.18 / Count)</p><a href="https://www.amazon.com/dp/B07RL81DD2?tag=eloabder-20&linkCode=osi&th=1&psc=1">View Product</a></div><div class="product"><a href="https://www.amazon.com/dp/B0CBRKYF99?tag=eloabder-20&linkCode=osi&th=1&psc=1"><img src="https://m.media-amazon.com/images/I/41yOd+I8g8L._SL500_.jpg" alt="Product Image"></a><p>50/100 Sheets FIVEIZERO A4 Mulberry Paper Sheets Natural Fiber Rice Paper,8.3x11.7in Natural Decoupage Tissue Paper For Writing Painting, Decorative Paper, Card Making Paper DIY Craft</p><p> -10% 0FF </p><p>$8.95</p><a href="https://www.amazon.com/dp/B0CBRKYF99?tag=eloabder-20&linkCode=osi&th=1&psc=1">View Product</a></div>
<div class="product"><a href="https://www.amazon.com/dp/B07YDNKSH6?tag=eloabder-20&linkCode=osi&th=1&psc=1"><img src="https://m.media-amazon.com/images/I/41JGrHa7mSL._SL500_.jpg" alt="Product Image"></a><p>4-Inch Rubber Brayer Roller for Printmaking, Great for Gluing Application Also. (Original Version)</p><p> -36% 0FF </p><p>$6.99</p><a href="https://www.amazon.com/dp/B07YDNKSH6?tag=eloabder-20&linkCode=osi&th=1&psc=1">View Product</a></div><div class="product"><a href="https://www.amazon.com/dp/B003IG27OK?tag=eloabder-20&linkCode=osi&th=1&psc=1"><img src="https://m.media-amazon.com/images/I/416NUaYo1DL._SL500_.jpg" alt="Product Image"></a><p>Speedball Block Printing Baren - Comfortable Wooden Handle, Made in the USA - 4 Inches</p><p> -12% 0FF </p><p>$29.49</p><a href="https://www.amazon.com/dp/B003IG27OK?tag=eloabder-20&linkCode=osi&th=1&psc=1">View Product</a></div>
<div class="product"><a href="https://www.amazon.com/dp/B0CMZTVW28?tag=eloabder-20&linkCode=osi&th=1&psc=1"><img src="https://m.media-amazon.com/images/I/41tZXfCViDL._SL500_.jpg" alt="Product Image"></a><p>Ecoofor Blotting Paper for Flower Press, 20 Sheets Large A4 Highly Absorbent and Reusable Blotter Paper for Flower Press Paper Craft 8.26 x 11.4 inch</p><p> -17% 0FF </p><p>$9.99</p><a href="https://www.amazon.com/dp/B0CMZTVW28?tag=eloabder-20&linkCode=osi&th=1&psc=1">View Product</a></div><div class="product"><a href="https://www.amazon.com/dp/B0CQMMYSBR?tag=eloabder-20&linkCode=osi&th=1&psc=1"><img src="https://m.media-amazon.com/images/I/413SlUi6IDL._SL500_.jpg" alt="Product Image"></a><p>Wisreach Blotting Paper for Flower Press, 20 Sheets Flower Press Paper Highly Absorbent and Reusable Blotter Paper for Flower Art A4 Size 8.26 x 11.4 inch</p><p> -17% 0FF </p><p>$9.99</p><a href="https://www.amazon.com/dp/B0CQMMYSBR?tag=eloabder-20&linkCode=osi&th=1&psc=1">View Product</a></div><div class="product"><a href="https://www.amazon.com/dp/B0CTCD1VY7?tag=eloabder-20&linkCode=osi&th=1&psc=1"><img src="https://m.media-amazon.com/images/I/41xzeYmMKDL._SL500_.jpg" alt="Product Image"></a><p>24 Sheets A4 Reusable Blotting Paper for Flower Press, Highly Absorbent Blotter Paper for Flower Pressing Kit(11.8x8.27 inch)</p><p> -22% 0FF </p><p>$6.99</p><a href="https://www.amazon.com/dp/B0CTCD1VY7?tag=eloabder-20&linkCode=osi&th=1&psc=1">View Product</a></div>
<div class="product"><a href="https://www.amazon.com/dp/B085XDSB3Y?tag=eloabder-20&linkCode=osi&th=1&psc=1"><img src="https://m.media-amazon.com/images/I/41zCK3QUcGL._SL500_.jpg" alt="Product Image"></a><p>Ecohu Bone Folder & Creaser Tool - 2PCS - Scoring, Folding for Origami, Paper Crafts, Bookbinding, Leather Crafts and Card Making & Folding Paper</p><p> -32% 0FF </p><p>$9.95</p><a href="https://www.amazon.com/dp/B085XDSB3Y?tag=eloabder-20&linkCode=osi&th=1&psc=1">View Product</a></div><div class="product"><a href="https://www.amazon.com/dp/B071227D92?tag=eloabder-20&linkCode=osi&th=1&psc=1"><img src="https://m.media-amazon.com/images/I/51MYSCdI-kL._SL500_.jpg" alt="Product Image"></a><p>ARTEZA Bone Folders, Set of 4 Scoring Tools for Origami Paper Crafts, Art Supplies for Book Binding, Card Making, and Paper Folding</p><p> -24% 0FF </p><p>$13.99 ($3.50 / Count)</p><a href="https://www.amazon.com/dp/B071227D92?tag=eloabder-20&linkCode=osi&th=1&psc=1">View Product</a></div>
<div class="product"><a href="https://www.amazon.com/dp/B0007LS8G0?tag=eloabder-20&linkCode=osi&th=1&psc=1"><img src="https://m.media-amazon.com/images/I/41gnrMp4vXL._SL500_.jpg" alt="Product Image"></a><p>Lineco Bookbinding Super Cloth, Book Making Book Repair Cloth Material for Repairing Old Books, 18x30 Inch. Neutral Color.</p><p> -10% 0FF </p><p>$8.07</p><a href="https://www.amazon.com/dp/B0007LS8G0?tag=eloabder-20&linkCode=osi&th=1&psc=1">View Product</a></div><div class="product"><a href="https://www.amazon.com/dp/B0D2T5BY6F?tag=eloabder-20&linkCode=osi&th=1&psc=1"><img src="https://m.media-amazon.com/images/I/41k1Uc0DisL._SL500_.jpg" alt="Product Image"></a><p>10pcs Book Cloth,14”x10”,Fabric Surface and Paper Backed, book cloth for book binding,book binding fabric,5 Colors Bookbinding Cloth for DIY fabric book cover,bookbinding paper (Style C)</p><p> -10% 0FF </p><p>$8.99</p><a href="https://www.amazon.com/dp/B0D2T5BY6F?tag=eloabder-20&linkCode=osi&th=1&psc=1">View Product</a></div><div class="product"><a href="https://www.amazon.com/dp/B0CLL2999Y?tag=eloabder-20&linkCode=osi&th=1&psc=1"><img src="https://m.media-amazon.com/images/I/51qVluU6kYL._SL500_.jpg" alt="Product Image"></a><p>8pcs Book Cloth 14x10 Inch Fabric Surface Paper Backed 4 Colors Bookbinding Cloth for Adult DIY Book Album Cover (Style C)</p><p> -10% 0FF </p><p>$8.99</p><a href="https://www.amazon.com/dp/B0CLL2999Y?tag=eloabder-20&linkCode=osi&th=1&psc=1">View Product</a></div><div class="product"><a href="https://www.amazon.com/dp/B0D2C9CQ9R?tag=eloabder-20&linkCode=osi&th=1&psc=1"><img src="https://m.media-amazon.com/images/I/51ZB8HlWbHL._SL500_.jpg" alt="Product Image"></a><p>Bookbinding Cloth (White:2pieces39x45inches,Other Colours;10 pieces14x10inches) Book Cloth for Book Production Bookbinding Super Cloth Book Restoration Cloth Material for Restoring Old Book bindings</p><p> -30% 0FF </p><p>$11.89</p><a href="https://www.amazon.com/dp/B0D2C9CQ9R?tag=eloabder-20&linkCode=osi&th=1&psc=1">View Product</a></div>
<div class="product"><a href="https://www.amazon.com/dp/B0CQM7GN9K?tag=eloabder-20&linkCode=osi&th=1&psc=1"><img src="https://m.media-amazon.com/images/I/41iSoCGfQPL._SL500_.jpg" alt="Product Image"></a><p>VONEEDL Heavy Duty Hand Sewing Needles Set - 26 Straight and Curved Hand Sewing Needles for Upholstery, Leather, Carpet, Canvas Repair and Sail Crafts</p><p> -8% 0FF </p><p>$6.28 ($0.24 / Count)</p><a href="https://www.amazon.com/dp/B0CQM7GN9K?tag=eloabder-20&linkCode=osi&th=1&psc=1">View Product</a></div>
<div class="product"><a href="https://www.amazon.com/dp/B0025U108E?tag=eloabder-20&linkCode=osi&th=1&psc=1"><img src="https://m.media-amazon.com/images/I/31tAXQM8ItL._SL500_.jpg" alt="Product Image"></a><p>Books by Hand Linen Thread, Archival Quality Natural Unbleached and Unwaxed, 50 Yards 35/3 Gauge, Ideal for Bookbinding and Sewing Signatures</p><p> -38% 0FF </p><p>$9.26</p><a href="https://www.amazon.com/dp/B0025U108E?tag=eloabder-20&linkCode=osi&th=1&psc=1">View Product</a></div><div class="product"><a href="https://www.amazon.com/dp/B09KBTWJWG?tag=eloabder-20&linkCode=osi&th=1&psc=1"><img src="https://m.media-amazon.com/images/I/5139R+MumEL._SL500_.jpg" alt="Product Image"></a><p>BUTUZE 330 Yards Leather Sewing Waxed Thread - 150D 33 Yards Per Spool Stitching Thread for Leather Craft DIY,Bookbinding,Shoe Repairing,Leather Sewing</p><p> -20% 0FF </p><p>$7.99 ($0.01 / Foot)</p><a href="https://www.amazon.com/dp/B09KBTWJWG?tag=eloabder-20&linkCode=osi&th=1&psc=1">View Product</a></div>
<div class="product"><a href="https://www.amazon.com/dp/B07JQPDD9R?tag=eloabder-20&linkCode=osi&th=1&psc=1"><img src="https://m.media-amazon.com/images/I/41qf-76odYL._SL500_.jpg" alt="Product Image"></a><p>We R Memory Keepers, Journal Book Binding Punch Guide Set, Includes Guide, Awl, Curved and Straight Needle, Waxed Thread, Japanese Stitching Template and Storage, for Japanese and Copic Bound Books</p><p> -17% 0FF </p><p>$24.99</p><a href="https://www.amazon.com/dp/B07JQPDD9R?tag=eloabder-20&linkCode=osi&th=1&psc=1">View Product</a></div><div class="product"><a href="https://www.amazon.com/dp/B0C4L31Q4B?tag=eloabder-20&linkCode=osi&th=1&psc=1"><img src="https://m.media-amazon.com/images/I/51-mr3CFowL._SL500_.jpg" alt="Product Image"></a><p>49 Pcs Hand Bookbinding Tools Bookbinding Kits for Beginners Bookbinding Supplies with Paper Awl Binding Ribbon Glue Brush and Steel Ruler for DIY Bookbinding Crafts</p><p> -15% 0FF </p><p>$16.14</p><a href="https://www.amazon.com/dp/B0C4L31Q4B?tag=eloabder-20&linkCode=osi&th=1&psc=1">View Product</a></div>
<div class="product"><a href="https://www.amazon.com/dp/B0811DGL9Y?tag=eloabder-20&linkCode=osi&th=1&psc=1"><img src="https://m.media-amazon.com/images/I/51Kc8OFy8xL._SL500_.jpg" alt="Product Image"></a><p>Motbach 200Pcs Plastic Bottle Caps for DIY Craft Environmental Protection and Development of Children’s Intelligence (Mixed Color)</p><p> -7% 0FF </p><p>$13.90</p><a href="https://www.amazon.com/dp/B0811DGL9Y?tag=eloabder-20&linkCode=osi&th=1&psc=1">View Product</a></div><div class="product"><a href="https://www.amazon.com/dp/B0B2KPKFBD?tag=eloabder-20&linkCode=osi&th=1&psc=1"><img src="https://m.media-amazon.com/images/I/51l9I4uCYXL._SL500_.jpg" alt="Product Image"></a><p>Jedulin 100PCS Plastic Bottle Caps DIY Craft Environmental Protection Bottle Caps for Children Intelligence Development Kindergarten Stickes (Mixed Color)</p><p> -20% 0FF </p><p>$7.99</p><a href="https://www.amazon.com/dp/B0B2KPKFBD?tag=eloabder-20&linkCode=osi&th=1&psc=1">View Product</a></div><div class="product"><a href="https://www.amazon.com/dp/B0C7C8SXGR?tag=eloabder-20&linkCode=osi&th=1&psc=1"><img src="https://m.media-amazon.com/images/I/51og4kgswUL._SL500_.jpg" alt="Product Image"></a><p>Thyle DIY Craft Assorted Colors Plastic Bottle Caps for Children Intelligence Development Kindergarten Scrapbook Mixed Color (500 Pcs)</p><p> -35% 0FF </p><p>$14.99</p><a href="https://www.amazon.com/dp/B0C7C8SXGR?tag=eloabder-20&linkCode=osi&th=1&psc=1">View Product</a></div><div class="product"><a href="https://www.amazon.com/dp/B0BTBDXYCH?tag=eloabder-20&linkCode=osi&th=1&psc=1"><img src="https://m.media-amazon.com/images/I/51jDHmexj7L._SL500_.jpg" alt="Product Image"></a><p>ZEAYEA 300 Pcs Plastic Bottle Caps, DIY Craft Environmental Protection Bottle Caps, Mixed Color Bottle Caps for Children Intelligence Development Kindergarten Stickers Kids DIY Craft</p><p> -22% 0FF </p><p>$17.99 ($0.06 / Count)</p><a href="https://www.amazon.com/dp/B0BTBDXYCH?tag=eloabder-20&linkCode=osi&th=1&psc=1">View Product</a></div>
<div class="product"><a href="https://www.amazon.com/dp/B072VWN1GV?tag=eloabder-20&linkCode=osi&th=1&psc=1"><img src="https://m.media-amazon.com/images/I/21vZmhaRk5L._SL500_.jpg" alt="Product Image"></a><p>Cricut Brayer, Rubber Roller for Crafts, Works with Fabric, Vinyl, Iron-On & Inking Blocks, Extend Life of Cricut FabricGrip Mat, Compatible with Cricut Maker</p><p> -50% 0FF </p><p>$8.99</p><a href="https://www.amazon.com/dp/B072VWN1GV?tag=eloabder-20&linkCode=osi&th=1&psc=1">View Product</a></div><div class="product"><a href="https://www.amazon.com/dp/B08PP6QCWP?tag=eloabder-20&linkCode=osi&th=1&psc=1"><img src="https://m.media-amazon.com/images/I/31fzR6GvMeL._SL500_.jpg" alt="Product Image"></a><p>3 Pack Printmaking Brayers - Premium Brayer Rollers for Crafting, Hard Rubber Roller Brayers, Vinyl Roller Ink Paint Brush for Wallpapers Stamping Gluing Application (2.4’’, 4’’, 7.9’’) (black)</p><p> -6% 0FF </p><p>$16.99</p><a href="https://www.amazon.com/dp/B08PP6QCWP?tag=eloabder-20&linkCode=osi&th=1&psc=1">View Product</a></div><div class="product"><a href="https://www.amazon.com/dp/B072VY7CTF?tag=eloabder-20&linkCode=osi&th=1&psc=1"><img src="https://m.media-amazon.com/images/I/21Sg48Q+UoL._SL500_.jpg" alt="Product Image"></a><p>Cricut Brayer & MAT Remover Set</p><p> -52% 0FF </p><p>$11.99</p><a href="https://www.amazon.com/dp/B072VY7CTF?tag=eloabder-20&linkCode=osi&th=1&psc=1">View Product</a></div><div class="product"><a href="https://www.amazon.com/dp/B0007ZJ8T2?tag=eloabder-20&linkCode=osi&th=1&psc=1"><img src="https://m.media-amazon.com/images/I/31Oh43aFt9L._SL500_.jpg" alt="Product Image"></a><p>Speedball Pop-in Soft Rubber Brayer, 4" – Roller Tool for Crafting and Block Printing, Vinyl, Comfort Grip Handle</p><p> -14% 0FF </p><p>$11.99</p><a href="https://www.amazon.com/dp/B0007ZJ8T2?tag=eloabder-20&linkCode=osi&th=1&psc=1">View Product</a></div>
<div class="product"><a href="https://www.amazon.com/dp/B099DWCRZ5?tag=eloabder-20&linkCode=osi&th=1&psc=1"><img src="https://m.media-amazon.com/images/I/41rr5hT-8TL._SL500_.jpg" alt="Product Image"></a><p>milo Fluorescent Acrylic Paint Set of 6 Colors | 4 oz Bottles | Student Neon Colors Acrylics Painting Pack | Made in the USA | Non-Toxic Art & Craft Paints for Artists, Kids, & Hobby Painters</p><p> -8% 0FF </p><p>$22.90 ($0.95 / Fl Oz)</p><a href="https://www.amazon.com/dp/B099DWCRZ5?tag=eloabder-20&linkCode=osi&th=1&psc=1">View Product</a></div><div class="product"><a href="https://www.amazon.com/dp/B0871TN9QJ?tag=eloabder-20&linkCode=osi&th=1&psc=1"><img src="https://m.media-amazon.com/images/I/51YLdXlUP6L._SL500_.jpg" alt="Product Image"></a><p>Artecho Neon Paint - Set of 6 Colors, 59 ml / 2 oz Acrylic Paint for Decoration, Art Painting, Outdoor and Indoor Art Craft, Supplies for Canvas, Rock, Wood, Fabric, Waterproof Rich Pigments</p><p> -20% 0FF </p><p>$13.59 ($1.14 / Fl Oz)</p><a href="https://www.amazon.com/dp/B0871TN9QJ?tag=eloabder-20&linkCode=osi&th=1&psc=1">View Product</a></div><div class="product"><a href="https://www.amazon.com/dp/B09133GRBN?tag=eloabder-20&linkCode=osi&th=1&psc=1"><img src="https://m.media-amazon.com/images/I/51gFnhPRtSL._SL500_.jpg" alt="Product Image"></a><p>ABEIER Iridescent Acrylic Paint, Set of 18 Chameleon Colors, 2 oz/60ml Bottles, Color-shifting, Non-Toxic, High Viscosity, Blendable, Paints on Rocks Crafts Canvas Wood, Fabric, Ceramic & Stone</p><p> -20% 0FF </p><p>$20.79 ($0.58 / Fl Oz)</p><a href="https://www.amazon.com/dp/B09133GRBN?tag=eloabder-20&linkCode=osi&th=1&psc=1">View Product</a></div>
<div class="product"><a href="https://www.amazon.com/dp/B0009RRT9Y?tag=eloabder-20&linkCode=osi&th=1&psc=1"><img src="https://m.media-amazon.com/images/I/51ZhyYPOB5L._SL500_.jpg" alt="Product Image"></a><p>General Pencil Company The Masters Brush Cleaner & Preserver 2.5 0z.</p><p> -30% 0FF </p><p>$11.96</p><a href="https://www.amazon.com/dp/B0009RRT9Y?tag=eloabder-20&linkCode=osi&th=1&psc=1">View Product</a></div><div class="product"><a href="https://www.amazon.com/dp/B001TNR7VM?tag=eloabder-20&linkCode=osi&th=1&psc=1"><img src="https://m.media-amazon.com/images/I/51xdVglpEJL._SL500_.jpg" alt="Product Image"></a><p>General Pencil The Master's Brush Cleaner & Preserver, 1 oz</p><p> -7% 0FF </p><p>$8.01</p><a href="https://www.amazon.com/dp/B001TNR7VM?tag=eloabder-20&linkCode=osi&th=1&psc=1">View Product</a></div><div class="product"><a href="https://www.amazon.com/dp/B00F38YVQS?tag=eloabder-20&linkCode=osi&th=1&psc=1"><img src="https://m.media-amazon.com/images/I/51yjmSTzzML._SL500_.jpg" alt="Product Image"></a><p>B & J Original Brush Cleaner - 2.5 Oz/12ct Display</p><p> -6% 0FF </p><p>$11.99 ($4.80 / Ounce)</p><a href="https://www.amazon.com/dp/B00F38YVQS?tag=eloabder-20&linkCode=osi&th=1&psc=1">View Product</a></div><div class="product"><a href="https://www.amazon.com/dp/B004BN7QQ8?tag=eloabder-20&linkCode=osi&th=1&psc=1"><img src="https://m.media-amazon.com/images/I/31fEWB-h4VL._SL500_.jpg" alt="Product Image"></a><p>Winsor & Newton Brush Cleaner & Restorer, 16.0-oz Bottle</p><p> -14% 0FF </p><p>$21.87 ($1.37 / Fl Oz)</p><a href="https://www.amazon.com/dp/B004BN7QQ8?tag=eloabder-20&linkCode=osi&th=1&psc=1">View Product</a></div><div class="product"><a href="https://www.amazon.com/dp/B0049UZ8Z4?tag=eloabder-20&linkCode=osi&th=1&psc=1"><img src="https://m.media-amazon.com/images/I/51RVD9jAf9L._SL500_.jpg" alt="Product Image"></a><p>General Pencil 103-BJ The Masters Brush Cleaner and Preserver Tub, 24-Ounce</p><p> -19% 0FF </p><p>$28.29</p><a href="https://www.amazon.com/dp/B0049UZ8Z4?tag=eloabder-20&linkCode=osi&th=1&psc=1">View Product</a></div><div class="product"><a href="https://www.amazon.com/dp/B00JB1AUU4?tag=eloabder-20&linkCode=osi&th=1&psc=1"><img src="https://m.media-amazon.com/images/I/51YWgMhI8PL._SL500_.jpg" alt="Product Image"></a><p>General Pencil Masters Brush Cleaner and Preserver 1-Ounce (GP100)</p><p> -29% 0FF </p><p>$8.54</p><a href="https://www.amazon.com/dp/B00JB1AUU4?tag=eloabder-20&linkCode=osi&th=1&psc=1">View Product</a></div>
<div class="product"><a href="https://www.amazon.com/dp/B06X93CZ2F?tag=eloabder-20&linkCode=osi&th=1&psc=1"><img src="https://m.media-amazon.com/images/I/51N++pZFFoL._SL500_.jpg" alt="Product Image"></a><p>JTDEAL Paint Brush Holder, 22 Slots Paint Brush Storage for Acrylic Oil Watercolor Gouache Artist Paint Brush Roll Canvas Pouch, Silver white Holds 100 brushes</p><p> -23% 0FF </p><p>$9.98</p><a href="https://www.amazon.com/dp/B06X93CZ2F?tag=eloabder-20&linkCode=osi&th=1&psc=1">View Product</a></div><div class="product"><a href="https://www.amazon.com/dp/B000GJ76SE?tag=eloabder-20&linkCode=osi&th=1&psc=1"><img src="https://m.media-amazon.com/images/I/41bXOXEav9L._SL500_.jpg" alt="Product Image"></a><p>ArtBin KW903 Brush Box with Foam Inserts, Fine Art Portable Paint Brush Organizer, Plastic, Clear, 1.0 Count</p><p> -20% 0FF </p><p>$15.97</p><a href="https://www.amazon.com/dp/B000GJ76SE?tag=eloabder-20&linkCode=osi&th=1&psc=1">View Product</a></div><div class="product"><a href="https://www.amazon.com/dp/B0D476RJ27?tag=eloabder-20&linkCode=osi&th=1&psc=1"><img src="https://m.media-amazon.com/images/I/513n7TQ7WhL._SL500_.jpg" alt="Product Image"></a><p>SBYURE Wooden Paint Brush Holder Artist Brush Holder 67 Hole Paintbrush Holder Organizer Wood Paint Brush Rack for Pens Pencils and Art Tools</p><p> -17% 0FF </p><p>$9.99</p><a href="https://www.amazon.com/dp/B0D476RJ27?tag=eloabder-20&linkCode=osi&th=1&psc=1">View Product</a></div>
<div class="product"><a href="https://www.amazon.com/dp/B000THNGVO?tag=eloabder-20&linkCode=osi&th=1&psc=1"><img src="https://m.media-amazon.com/images/I/416vczORVSL._SL500_.jpg" alt="Product Image"></a><p>Pentel Fude Brush Pen, Medium (XFL2L)</p><p> -44% 0FF </p><p>$5.59</p><a href="https://www.amazon.com/dp/B000THNGVO?tag=eloabder-20&linkCode=osi&th=1&psc=1">View Product</a></div><div class="product"><a href="https://www.amazon.com/dp/B07DQ4292Y?tag=eloabder-20&linkCode=osi&th=1&psc=1"><img src="https://m.media-amazon.com/images/I/41-kgHpaPvL._SL500_.jpg" alt="Product Image"></a><p>Tombow 62039 Fudenosuke Brush Pens, 3-Pack. Soft, Hard, and Twin Tip Markers for Calligraphy and Art Drawings</p><p> -41% 0FF </p><p>$7.29 ($2.43 / Count)</p><a href="https://www.amazon.com/dp/B07DQ4292Y?tag=eloabder-20&linkCode=osi&th=1&psc=1">View Product</a></div><div class="product"><a href="https://www.amazon.com/dp/B08FCZC2R3?tag=eloabder-20&linkCode=osi&th=1&psc=1"><img src="https://m.media-amazon.com/images/I/51TWqPlqpfL._SL500_.jpg" alt="Product Image"></a><p>Craft 'n' Beyond Calligraphy Brush Pens Pack of 3 Small, Medium and Large Markers for Hand Lettering, Art Drawing, Sketching, Scrapbooking, Journaling - Beginner Kit with Fadeproof Black Ink</p><p> -20% 0FF </p><p>$5.99</p><a href="https://www.amazon.com/dp/B08FCZC2R3?tag=eloabder-20&linkCode=osi&th=1&psc=1">View Product</a></div><div class="product"><a href="https://www.amazon.com/dp/B0752Q39TF?tag=eloabder-20&linkCode=osi&th=1&psc=1"><img src="https://m.media-amazon.com/images/I/318NZq+SxqL._SL500_.jpg" alt="Product Image"></a><p>Zebra Pen Zensations Brush Pen, Brush Tip, Black Water-Resistant Ink, 1-Pack</p><p> -40% 0FF </p><p>$1.71</p><a href="https://www.amazon.com/dp/B0752Q39TF?tag=eloabder-20&linkCode=osi&th=1&psc=1">View Product</a></div><div class="product"><a href="https://www.amazon.com/dp/B01MS96OLD?tag=eloabder-20&linkCode=osi&th=1&psc=1"><img src="https://m.media-amazon.com/images/I/31bfqw+ZWDL._SL500_.jpg" alt="Product Image"></a><p>Tombow Abt Dual Brush Pen N15 Black Pack of 2</p><p> -10% 0FF </p><p>$6.23 ($3.12 / Count)</p><a href="https://www.amazon.com/dp/B01MS96OLD?tag=eloabder-20&linkCode=osi&th=1&psc=1">View Product</a></div>
<div class="product"><a href="https://www.amazon.com/dp/B09KNVGJLG?tag=eloabder-20&linkCode=osi&th=1&psc=1"><img src="https://m.media-amazon.com/images/I/51M8YXIl+HL._SL500_.jpg" alt="Product Image"></a><p>U.S. Art Supply 16 Hole Multi-Function Paint Brush Washer, Cleaner and Holder, 18 Palette Wells, Lid Plastic - Clean, Dry, Rest, Store, Hold Artist Brushes - Cleaning Acrylic, Watercolor, Oil Painting</p><p> -29% 0FF </p><p>$9.99</p><a href="https://www.amazon.com/dp/B09KNVGJLG?tag=eloabder-20&linkCode=osi&th=1&psc=1">View Product</a></div><div class="product"><a href="https://www.amazon.com/dp/B0CF959SCV?tag=eloabder-20&linkCode=osi&th=1&psc=1"><img src="https://m.media-amazon.com/images/I/41ab3WRFu8L._SL500_.jpg" alt="Product Image"></a><p>NIUCOO 2024 Upgraded Paint Brush Cleaner Brush Rinser: Paintbrush Cleaners Painting Station Paint Brush Rinse Paint Brush Washer Estacion De Pintura Flush My Brush Washing</p><p> -17% 0FF </p><p>$9.98</p><a href="https://www.amazon.com/dp/B0CF959SCV?tag=eloabder-20&linkCode=osi&th=1&psc=1">View Product</a></div><div class="product"><a href="https://www.amazon.com/dp/B0017880ME?tag=eloabder-20&linkCode=osi&th=1&psc=1"><img src="https://m.media-amazon.com/images/I/41qGjgJEnsL._SL500_.jpg" alt="Product Image"></a><p>Masterson Fresh Water Rinse Well Brush Cleaner for Cleaning Paintbrushes, Cleaning System for Acrylic, Watercolor, and Water-Based Paints, Great for Studio, Classroom, and Face Painting, Made in USA</p><p> -5% 0FF </p><p>$22.29</p><a href="https://www.amazon.com/dp/B0017880ME?tag=eloabder-20&linkCode=osi&th=1&psc=1">View Product</a></div>
<div class="product"><a href="https://www.amazon.com/dp/B07GH7WGC3?tag=eloabder-20&linkCode=osi&th=1&psc=1"><img src="https://m.media-amazon.com/images/I/51vzX1OZI6L._SL500_.jpg" alt="Product Image"></a><p>BOSOBO Paint Brushes Set, 2 Pack 20 Pcs Round-Pointed Tip Paintbrushes Nylon Hair Artist Acrylic Paint Brushes for Acrylic Oil Watercolor, Face Nail Art, Miniature Detailing & Rock Painting, Blue</p><p> -54% 0FF </p><p>$5.99 ($0.30 / Count)</p><a href="https://www.amazon.com/dp/B07GH7WGC3?tag=eloabder-20&linkCode=osi&th=1&psc=1">View Product</a></div><div class="product"><a href="https://www.amazon.com/dp/B09HH97QTK?tag=eloabder-20&linkCode=osi&th=1&psc=1"><img src="https://m.media-amazon.com/images/I/51LLw4EEEBL._SL500_.jpg" alt="Product Image"></a><p>20 Pcs Paint Brush Set for Acrylic Painting, Watercolor, Miniature Detailing, and Rock Painting</p><p> -50% 0FF </p><p>$4.99</p><a href="https://www.amazon.com/dp/B09HH97QTK?tag=eloabder-20&linkCode=osi&th=1&psc=1">View Product</a></div><div class="product"><a href="https://www.amazon.com/dp/B095M9LKPN?tag=eloabder-20&linkCode=osi&th=1&psc=1"><img src="https://m.media-amazon.com/images/I/51V-4Zpr+iS._SL500_.jpg" alt="Product Image"></a><p>Paint Brushes Set of 24 Pieces Wooden Handles Brushes with Canvas Brush Case, Professional for Oil, Acrylic and Watercolor Painting</p><p> -33% 0FF </p><p>$11.99</p><a href="https://www.amazon.com/dp/B095M9LKPN?tag=eloabder-20&linkCode=osi&th=1&psc=1">View Product</a></div><div class="product"><a href="https://www.amazon.com/dp/B078XJ2DCJ?tag=eloabder-20&linkCode=osi&th=1&psc=1"><img src="https://m.media-amazon.com/images/I/616oHEXPN1S._SL500_.jpg" alt="Product Image"></a><p>Pro Grade - Chip Paint Brushes - 36-Pack - 2 Inch Chip Brush for Paints, Stains, Varnishes, Glues, & Gesso</p><p> -28% 0FF </p><p>$17.99</p><a href="https://www.amazon.com/dp/B078XJ2DCJ?tag=eloabder-20&linkCode=osi&th=1&psc=1">View Product</a></div><div class="product"><a href="https://www.amazon.com/dp/B0878MN2VR?tag=eloabder-20&linkCode=osi&th=1&psc=1"><img src="https://m.media-amazon.com/images/I/51NycGy8AYL._SL500_.jpg" alt="Product Image"></a><p>Acrylic Paint Brush Set, 1 Packs / 10 pcs Watercolor Brushes Painting Brush Nylon Hair Brushes for All Purpose Oil Watercolor Painting Artist Professional Kits.</p><p> -56% 0FF </p><p>$3.99</p><a href="https://www.amazon.com/dp/B0878MN2VR?tag=eloabder-20&linkCode=osi&th=1&psc=1">View Product</a></div><div class="product"><a href="https://www.amazon.com/dp/B07X9SRV4H?tag=eloabder-20&linkCode=osi&th=1&psc=1"><img src="https://m.media-amazon.com/images/I/41Tq91myMWL._SL500_.jpg" alt="Product Image"></a><p>UPINS 30 Pcs Flat Paint Brushes, Small Brush Bulk for Detail Painting</p><p> -56% 0FF </p><p>$6.59 ($0.22 / Count)</p><a href="https://www.amazon.com/dp/B07X9SRV4H?tag=eloabder-20&linkCode=osi&th=1&psc=1">View Product</a></div><div class="product"><a href="https://www.amazon.com/dp/B08CY551NH?tag=eloabder-20&linkCode=osi&th=1&psc=1"><img src="https://m.media-amazon.com/images/I/514-YFHUt2L._SL500_.jpg" alt="Product Image"></a><p>Paint Brushes Set for Acrylic Painting, 20 Pcs Oil Watercolor Acrylic Paint Brush, Artist Paintbrushes for Body Face Rock Canvas, Kids Adult Drawing Arts Crafts Supplies, Blue</p><p> -11% 0FF </p><p>$7.99 ($0.40 / Count)</p><a href="https://www.amazon.com/dp/B08CY551NH?tag=eloabder-20&linkCode=osi&th=1&psc=1">View Product</a></div><div class="product"><a href="https://www.amazon.com/dp/B078XK6XRH?tag=eloabder-20&linkCode=osi&th=1&psc=1"><img src="https://m.media-amazon.com/images/I/51pi8RvmeJL._SL500_.jpg" alt="Product Image"></a><p>Pro Grade - Chip Paint Brushes - 96 Ea 2 Inch Chip Brush for Paints, Stains, Varnishes, Glues, & Gesso</p><p> -24% 0FF </p><p>$33.99</p><a href="https://www.amazon.com/dp/B078XK6XRH?tag=eloabder-20&linkCode=osi&th=1&psc=1">View Product</a></div>
<div class="product"><a href="https://www.amazon.com/dp/B081J66MVD?tag=eloabder-20&linkCode=osi&th=1&psc=1"><img src="https://m.media-amazon.com/images/I/61lZh1TW74L._SL500_.jpg" alt="Product Image"></a><p>Greentime 1500 pcs Round Resin Buttons Mixed Color Assorted Sizes for Crafts Sewing DIY Manual Button Painting DIY Handmade Ornament Buttons, 2 Holes and 4 Holes</p><p> -47% 0FF </p><p>$12.99</p><a href="https://www.amazon.com/dp/B081J66MVD?tag=eloabder-20&linkCode=osi&th=1&psc=1">View Product</a></div><div class="product"><a href="https://www.amazon.com/dp/B076FLR6X1?tag=eloabder-20&linkCode=osi&th=1&psc=1"><img src="https://m.media-amazon.com/images/I/51FdE2YnRTL._SL500_.jpg" alt="Product Image"></a><p>500-700 PCS Assorted Mixed Color Resin Buttons 2 and 4 Holes Round Craft for Sewing DIY Crafts Children's Manual Button Painting,DIY Handmade Ornament</p><p> -13% 0FF </p><p>$6.99</p><a href="https://www.amazon.com/dp/B076FLR6X1?tag=eloabder-20&linkCode=osi&th=1&psc=1">View Product</a></div>
<div class="product"><a href="https://www.amazon.com/dp/B0026SBYUE?tag=eloabder-20&linkCode=osi&th=1&psc=1"><img src="https://m.media-amazon.com/images/I/412Ga9k1q8L._SL500_.jpg" alt="Product Image"></a><p>Higgins Black Calligraphy Ink, 2.5 Ounce Bottle (44314)</p><p> -14% 0FF </p><p>$5.99</p><a href="https://www.amazon.com/dp/B0026SBYUE?tag=eloabder-20&linkCode=osi&th=1&psc=1">View Product</a></div><div class="product"><a href="https://www.amazon.com/dp/B0863983QL?tag=eloabder-20&linkCode=osi&th=1&psc=1"><img src="https://m.media-amazon.com/images/I/51z4eQeSGIL._SL500_.jpg" alt="Product Image"></a><p>SVBAQUUY Calligraphy Ink,12 Colors Dip Calligraphy Pen Inks Set for Art,Writing,Signatures,Calligraphy, Decoration,Gift (15ml)</p><p> -8% 0FF </p><p>$21.99</p><a href="https://www.amazon.com/dp/B0863983QL?tag=eloabder-20&linkCode=osi&th=1&psc=1">View Product</a></div><div class="product"><a href="https://www.amazon.com/dp/B0012F3HHU?tag=eloabder-20&linkCode=osi&th=1&psc=1"><img src="https://m.media-amazon.com/images/I/41pJiFMJ5NL._SL500_.jpg" alt="Product Image"></a><p>Winsor & Newton Calligraphy 6-Jar Ink Set, 30ml</p><p> -38% 0FF </p><p>$24.99 ($4.11 / Fl Oz)</p><a href="https://www.amazon.com/dp/B0012F3HHU?tag=eloabder-20&linkCode=osi&th=1&psc=1">View Product</a></div>
<div class="product"><a href="https://www.amazon.com/dp/B0007ZJ8QU?tag=eloabder-20&linkCode=osi&th=1&psc=1"><img src="https://m.media-amazon.com/images/I/41vTwN7L9NL._SL500_.jpg" alt="Product Image"></a><p>Speedball C-Series Lettering Pen Set - 1 Penholder w/ 6 Nibs</p><p> -8% 0FF </p><p>$11.99</p><a href="https://www.amazon.com/dp/B0007ZJ8QU?tag=eloabder-20&linkCode=osi&th=1&psc=1">View Product</a></div>
<div class="product"><a href="https://www.amazon.com/dp/B000KNNVX0?tag=eloabder-20&linkCode=osi&th=1&psc=1"><img src="https://m.media-amazon.com/images/I/51RAGoN6UsL._SL500_.jpg" alt="Product Image"></a><p>Strathmore STR- 50 Sheet Tape Bound Calligraphy Pad, 8.5 by 11", White</p><p> -26% 0FF </p><p>$6.90</p><a href="https://www.amazon.com/dp/B000KNNVX0?tag=eloabder-20&linkCode=osi&th=1&psc=1">View Product</a></div><div class="product"><a href="https://www.amazon.com/dp/B08X6CSGMK?tag=eloabder-20&linkCode=osi&th=1&psc=1"><img src="https://m.media-amazon.com/images/I/41cuzxFTUkL._SL500_.jpg" alt="Product Image"></a><p>Cotton Deckle Edge Paper Loose Leaf Sheets for Writing Calligraphy, Printing, Scrapbook Crafts, Map, Certificate, Invitation 150 GSM Ivory White-501-5x7-20</p><p> -35% 0FF </p><p>$12.99</p><a href="https://www.amazon.com/dp/B08X6CSGMK?tag=eloabder-20&linkCode=osi&th=1&psc=1">View Product</a></div>
<div class="product"><a href="https://www.amazon.com/dp/B001DKJLEC?tag=eloabder-20&linkCode=osi&th=1&psc=1"><img src="https://m.media-amazon.com/images/I/41T7Ur1AtUL._SL500_.jpg" alt="Product Image"></a><p>Speedball Elegant Writer Calligraphy 4 Marker Set, Black, 2.0 mm, 2.5 mm & 3.0 mm Chisel Nib Tip Pens for Drawing, Journaling, and Scrapbooking</p><p> -17% 0FF </p><p>$9.99 ($2.50 / Count)</p><a href="https://www.amazon.com/dp/B001DKJLEC?tag=eloabder-20&linkCode=osi&th=1&psc=1">View Product</a></div><div class="product"><a href="https://www.amazon.com/dp/B07RF533S7?tag=eloabder-20&linkCode=osi&th=1&psc=1"><img src="https://m.media-amazon.com/images/I/51JgvR-kW9L._SL500_.jpg" alt="Product Image"></a><p>Faber-Castell Calligraphy Pitt Artist Pen Set - 6 Multi Colored Calligraphy Pens</p><p> -41% 0FF </p><p>$14.19</p><a href="https://www.amazon.com/dp/B07RF533S7?tag=eloabder-20&linkCode=osi&th=1&psc=1">View Product</a></div><div class="product"><a href="https://www.amazon.com/dp/B08RYWH185?tag=eloabder-20&linkCode=osi&th=1&psc=1"><img src="https://m.media-amazon.com/images/I/51GFkyfC3iL._SL500_.jpg" alt="Product Image"></a><p>Piochoo Calligraphy Pens,8 Size Calligraphy Pens for Writing,Brush Pens Calligraphy Set for Beginners, Hand Lettering Pens</p><p> -24% 0FF </p><p>$12.99</p><a href="https://www.amazon.com/dp/B08RYWH185?tag=eloabder-20&linkCode=osi&th=1&psc=1">View Product</a></div>
<div class="product"><a href="https://www.amazon.com/dp/B01N5NKSQ3?tag=eloabder-20&linkCode=osi&th=1&psc=1"><img src="https://m.media-amazon.com/images/I/51HdJ6WBmEL._SL500_.jpg" alt="Product Image"></a><p>Mont Marte Calligraphy Set, 32 Piece. Includes Calligraphy Pens, Calligraphy Nibs, Ink Cartridges, Introduction Booklet and Exercise Booklet, Packaging May Vary</p><p> -13% 0FF </p><p>$23.42</p><a href="https://www.amazon.com/dp/B01N5NKSQ3?tag=eloabder-20&linkCode=osi&th=1&psc=1">View Product</a></div><div class="product"><a href="https://www.amazon.com/dp/B093TGXLLD?tag=eloabder-20&linkCode=osi&th=1&psc=1"><img src="https://m.media-amazon.com/images/I/61ZllSpD4FS._SL500_.jpg" alt="Product Image"></a><p>GC QUILL Calligraphy Fountain Pen Set- 7 with Different Nibs and 40 Ink Cartridges for Beginners- MU-09</p><p> -25% 0FF </p><p>$24.89</p><a href="https://www.amazon.com/dp/B093TGXLLD?tag=eloabder-20&linkCode=osi&th=1&psc=1">View Product</a></div><div class="product"><a href="https://www.amazon.com/dp/B0BCVDNPRJ?tag=eloabder-20&linkCode=osi&th=1&psc=1"><img src="https://m.media-amazon.com/images/I/51J-hFN4AeL._SL500_.jpg" alt="Product Image"></a><p>GC QUILL Calligraphy Pens Set 64pcs - Calligraphy Fountain Pen Set with 3 Fountain Pens, 7 Varied Nibs, 54 Ink Cartridges(10 Colors) - Writing, Drawing and Calligraphy Practice for beginner GC-F354</p><p> -35% 0FF </p><p>$23.99</p><a href="https://www.amazon.com/dp/B0BCVDNPRJ?tag=eloabder-20&linkCode=osi&th=1&psc=1">View Product</a></div>
<div class="product"><a href="https://www.amazon.com/dp/B00RK5HERU?tag=eloabder-20&linkCode=osi&th=1&psc=1"><img src="https://m.media-amazon.com/images/I/31XKJDOBVRL._SL500_.jpg" alt="Product Image"></a><p>Pacific Arc Ames Lettering Guide for Lettering, Writing, Architecture, and Drawing</p><p> -26% 0FF </p><p>$5.15</p><a href="https://www.amazon.com/dp/B00RK5HERU?tag=eloabder-20&linkCode=osi&th=1&psc=1">View Product</a></div><div class="product"><a href="https://www.amazon.com/dp/B01M0ERS1V?tag=eloabder-20&linkCode=osi&th=1&psc=1"><img src="https://m.media-amazon.com/images/I/41RPeg4SP7L._SL500_.jpg" alt="Product Image"></a><p>Tombow 56190 Beginner Lettering Set. Includes Essential Tools to Start Hand Lettering</p><p> -51% 0FF </p><p>$7.81</p><a href="https://www.amazon.com/dp/B01M0ERS1V?tag=eloabder-20&linkCode=osi&th=1&psc=1">View Product</a></div>
<div class="product"><a href="https://www.amazon.com/dp/B06Y3T5RV4?tag=eloabder-20&linkCode=osi&th=1&psc=1"><img src="https://m.media-amazon.com/images/I/61yZyP8eZTL._SL500_.jpg" alt="Product Image"></a><p>Candle Dyes for Soy Candle Making - Wax Сolor Dye Color Chips for Soy Wax - 16 Popular Colors Wax Dye Flakes</p><p> -30% 0FF </p><p>$13.99 ($8.74 / Ounce)</p><a href="https://www.amazon.com/dp/B06Y3T5RV4?tag=eloabder-20&linkCode=osi&th=1&psc=1">View Product</a></div><div class="product"><a href="https://www.amazon.com/dp/B08J1D4CN2?tag=eloabder-20&linkCode=osi&th=1&psc=1"><img src="https://m.media-amazon.com/images/I/51xAau3LTLL._SL500_.jpg" alt="Product Image"></a><p>Hearth & Harbor Candle Dye for Soy Candle Making – Candle Color Dye for Soy Wax, 24 Popular Colors Candle Wax Dye Blocks, Nontoxic Candle Dyes for Candle Making, Candle Making Supplies for DIY Candles</p><p> -43% 0FF </p><p>$11.87 ($1.75 / Ounce)</p><a href="https://www.amazon.com/dp/B08J1D4CN2?tag=eloabder-20&linkCode=osi&th=1&psc=1">View Product</a></div><div class="product"><a href="https://www.amazon.com/dp/B0CMCPGLQZ?tag=eloabder-20&linkCode=osi&th=1&psc=1"><img src="https://m.media-amazon.com/images/I/51G9e-Epa0L._SL500_.jpg" alt="Product Image"></a><p>Candle Dye - 12 Colors Wax Melt Dye for Candle Making, Oil-Based Dye for Wax, Highly Concentrate Liquid Candle Color Dye</p><p> -11% 0FF </p><p>$7.99</p><a href="https://www.amazon.com/dp/B0CMCPGLQZ?tag=eloabder-20&linkCode=osi&th=1&psc=1">View Product</a></div>
<div class="product"><a href="https://www.amazon.com/dp/B09ZG8P7ZB?tag=eloabder-20&linkCode=osi&th=1&psc=1"><img src="https://m.media-amazon.com/images/I/51o+EjUxogL._SL500_.jpg" alt="Product Image"></a><p>Hearth & Harbor Soy Candle Wax for Candle Making 10 lb Bag, Premium Natural Soy Wax Flakes, 100 Cotton Candle Wicks, 100 Wick Stickers, & 2 Centering Devices</p><p> -8% 0FF </p><p>$36.99</p><a href="https://www.amazon.com/dp/B09ZG8P7ZB?tag=eloabder-20&linkCode=osi&th=1&psc=1">View Product</a></div><div class="product"><a href="https://www.amazon.com/dp/B0BX2NXZCN?tag=eloabder-20&linkCode=osi&th=1&psc=1"><img src="https://m.media-amazon.com/images/I/51nxdXNpRYL._SL500_.jpg" alt="Product Image"></a><p>Complete Candle Making Kits for Adults Beginners,DIY Candle Making Supplies Include Soy Wax,Wax Melter,Scents,Dyes,Wicks,Wicks Sticker,Candle Tins & More-Full Candle Making Set - Arts & Crafts Kits</p><p> -43% 0FF </p><p>$22.99</p><a href="https://www.amazon.com/dp/B0BX2NXZCN?tag=eloabder-20&linkCode=osi&th=1&psc=1">View Product</a></div><div class="product"><a href="https://www.amazon.com/dp/B09KG8CXJV?tag=eloabder-20&linkCode=osi&th=1&psc=1"><img src="https://m.media-amazon.com/images/I/518SqpeIjbL._SL500_.jpg" alt="Product Image"></a><p>SAEUYVB Candle Making Kit for Adults with Hot Plate, DIY Starter Soy Candle Making Supplies/Kit - Perfect as Home Decorations（Black）</p><p> -13% 0FF </p><p>$54.99</p><a href="https://www.amazon.com/dp/B09KG8CXJV?tag=eloabder-20&linkCode=osi&th=1&psc=1">View Product</a></div><div class="product"><a href="https://www.amazon.com/dp/B09RX3HR32?tag=eloabder-20&linkCode=osi&th=1&psc=1"><img src="https://m.media-amazon.com/images/I/51yOqj55w3L._SL500_.jpg" alt="Product Image"></a><p>FAIRYELF Candle Making Kit with Wax Melter, Complete Candle Making Supplies, Soy Candle Wax Kit for Kids, Beginners, Adults, Including Electronic Stove, Soy Wax, Melting Pot, Rich Scents and Dyes</p><p> -17% 0FF </p><p>$49.99</p><a href="https://www.amazon.com/dp/B09RX3HR32?tag=eloabder-20&linkCode=osi&th=1&psc=1">View Product</a></div>
<div class="product"><a href="https://www.amazon.com/dp/B0CH67W758?tag=eloabder-20&linkCode=osi&th=1&psc=1"><img src="https://m.media-amazon.com/images/I/41jiPzWJO4L._SL500_.jpg" alt="Product Image"></a><p>Diamond Ball Mold Ball Candle Mold Diamond Shape Resin Casting Mold Resin Making Molds Silicone Mold for Candle Home Decorate Mold Candle Making Mold 3D Animal Mold</p><p> -17% 0FF </p><p>$9.99</p><a href="https://www.amazon.com/dp/B0CH67W758?tag=eloabder-20&linkCode=osi&th=1&psc=1">View Product</a></div><div class="product"><a href="https://www.amazon.com/dp/B09P9RFKJF?tag=eloabder-20&linkCode=osi&th=1&psc=1"><img src="https://m.media-amazon.com/images/I/41r1hyLKb7L._SL500_.jpg" alt="Product Image"></a><p>Silicone Candle Molds Set, 4PCS Bubble Candle Molds, Candle Molds for Candle Making, Epoxy Mold for Decor, Soap Making Resin Mold for Handmade Chocolate, Pudding, Clay, Ornament</p><p> -50% 0FF </p><p>$5.99</p><a href="https://www.amazon.com/dp/B09P9RFKJF?tag=eloabder-20&linkCode=osi&th=1&psc=1">View Product</a></div>
<div class="product"><a href="https://www.amazon.com/dp/B015W8DWUO?tag=eloabder-20&linkCode=osi&th=1&psc=1"><img src="https://m.media-amazon.com/images/I/41umHqV4zhL._SL500_.jpg" alt="Product Image"></a><p>EricX Light 100 Piece Cotton Candle Wick 6" Pre-Waxed for Candle Making,Candle DIY</p><p> -34% 0FF </p><p>$5.25</p><a href="https://www.amazon.com/dp/B015W8DWUO?tag=eloabder-20&linkCode=osi&th=1&psc=1">View Product</a></div><div class="product"><a href="https://www.amazon.com/dp/B097D7S6KB?tag=eloabder-20&linkCode=osi&th=1&psc=1"><img src="https://m.media-amazon.com/images/I/41jpnnrDAjL._SL500_.jpg" alt="Product Image"></a><p>CandMak Candle Wick Kit, 60 Cotton Candle Wicks with Candle Making Tools for Candle Making (Thick 4"+6"+8")</p><p> -30% 0FF </p><p>$6.99</p><a href="https://www.amazon.com/dp/B097D7S6KB?tag=eloabder-20&linkCode=osi&th=1&psc=1">View Product</a></div><div class="product"><a href="https://www.amazon.com/dp/B084ZSZQ4T?tag=eloabder-20&linkCode=osi&th=1&psc=1"><img src="https://m.media-amazon.com/images/I/41vLRbXIHhL._SL500_.jpg" alt="Product Image"></a><p>Candle Wick,100 Piece Candle Wicks for Candle Making DIY, 6 Inch Pre-Waxed Cotton Wick with Tabs</p><p> -40% 0FF </p><p>$4.79</p><a href="https://www.amazon.com/dp/B084ZSZQ4T?tag=eloabder-20&linkCode=osi&th=1&psc=1">View Product</a></div><div class="product"><a href="https://www.amazon.com/dp/B08Z334W66?tag=eloabder-20&linkCode=osi&th=1&psc=1"><img src="https://m.media-amazon.com/images/I/51nsfCzAwwL._SL500_.jpg" alt="Product Image"></a><p>DINGPAI 100pcs Cotton Candle Wicks, 6 inches Low Smoke Pre-Waxed Candle Wicks for Candle Making, Candle DIY</p><p> -41% 0FF </p><p>$4.99</p><a href="https://www.amazon.com/dp/B08Z334W66?tag=eloabder-20&linkCode=osi&th=1&psc=1">View Product</a></div>
<div class="product"><a href="https://www.amazon.com/dp/B087CPQ9GW?tag=eloabder-20&linkCode=osi&th=1&psc=1"><img src="https://m.media-amazon.com/images/I/41TL1NEX1NL._SL500_.jpg" alt="Product Image"></a><p>Simetufy Canvas Boards for Painting 52 Pack 8 x 10 Inch Blank Canvas Panels 100% Cotton Canvases Pre-Primed for Acrylic & Oil Paint</p><p> -29% 0FF </p><p>$35.99</p><a href="https://www.amazon.com/dp/B087CPQ9GW?tag=eloabder-20&linkCode=osi&th=1&psc=1">View Product</a></div><div class="product"><a href="https://www.amazon.com/dp/B087F4F5DK?tag=eloabder-20&linkCode=osi&th=1&psc=1"><img src="https://m.media-amazon.com/images/I/41zXOPu42qL._SL500_.jpg" alt="Product Image"></a><p>Simetufy 11 x 14 Inch Canvas Boards for Painting 32 Pack, Pre-Primed Blank Canvases for Painting 100% Cotton Paint Canvas for Acrylic, Oil</p><p> -25% 0FF </p><p>$37.99</p><a href="https://www.amazon.com/dp/B087F4F5DK?tag=eloabder-20&linkCode=osi&th=1&psc=1">View Product</a></div><div class="product"><a href="https://www.amazon.com/dp/B0CFV54VSS?tag=eloabder-20&linkCode=osi&th=1&psc=1"><img src="https://m.media-amazon.com/images/I/518YbprzAiL._SL500_.jpg" alt="Product Image"></a><p>Simetufy 8 Pack 8x10 Inch Canvas Boards for Painting Canvas Panels Painting Canvas-Gesso Primed Acid-Free 100% Cotton Canvases for Acrylics Oil Watercolor Tempera Paints</p><p> -5% 0FF </p><p>$8.99</p><a href="https://www.amazon.com/dp/B0CFV54VSS?tag=eloabder-20&linkCode=osi&th=1&psc=1">View Product</a></div><div class="product"><a href="https://www.amazon.com/dp/B07RT3865J?tag=eloabder-20&linkCode=osi&th=1&psc=1"><img src="https://m.media-amazon.com/images/I/51N9Bt-h3PL._SL500_.jpg" alt="Product Image"></a><p>FIXSMITH Canvas Boards for Painting 5x7 Inch, Super Value 24 Pack Mini Canvases, White Blank Canvas Panels, 100% Cotton Primed, Painting Art Supplies</p><p> -16% 0FF </p><p>$15.99</p><a href="https://www.amazon.com/dp/B07RT3865J?tag=eloabder-20&linkCode=osi&th=1&psc=1">View Product</a></div>
<div class="product"><a href="https://www.amazon.com/dp/B09MCHDSPR?tag=eloabder-20&linkCode=osi&th=1&psc=1"><img src="https://m.media-amazon.com/images/I/41S+37Lx2wL._SL500_.jpg" alt="Product Image"></a><p>100% Natural Cotton 7 oz Canvas Fabric (Duck), 63 Inches Wide X 3 Yards Long</p><p> -23% 0FF </p><p>$29.95</p><a href="https://www.amazon.com/dp/B09MCHDSPR?tag=eloabder-20&linkCode=osi&th=1&psc=1">View Product</a></div>
<div class="product"><a href="https://www.amazon.com/dp/B07D4YF3K4?tag=eloabder-20&linkCode=osi&th=1&psc=1"><img src="https://m.media-amazon.com/images/I/41ffykOOE7L._SL500_.jpg" alt="Product Image"></a><p>Neenah Index Cardstock, 8.5" x 11", 90 lb/163 gsm, White, Lightweight, 94 Brightness, 300 Sheets (91437)</p><p> -34% 0FF </p><p>$12.99</p><a href="https://www.amazon.com/dp/B07D4YF3K4?tag=eloabder-20&linkCode=osi&th=1&psc=1">View Product</a></div><div class="product"><a href="https://www.amazon.com/dp/B00006IDRW?tag=eloabder-20&linkCode=osi&th=1&psc=1"><img src="https://m.media-amazon.com/images/I/412xLv5ae7L._SL500_.jpg" alt="Product Image"></a><p>Neenah Premium Cardstock, 8.5" x 11", 65 lb/176 gsm, Bright White, 250 Sheets (91904)</p><p> -5% 0FF </p><p>$14.29</p><a href="https://www.amazon.com/dp/B00006IDRW?tag=eloabder-20&linkCode=osi&th=1&psc=1">View Product</a></div><div class="product"><a href="https://www.amazon.com/dp/B0CYPPHFV9?tag=eloabder-20&linkCode=osi&th=1&psc=1"><img src="https://m.media-amazon.com/images/I/51IQR4E5R1L._SL500_.jpg" alt="Product Image"></a><p>96 Sheets Colored Cardstock 24 Colors, 8.5x11 Color Cardstock Bulk, 200gsm/75lb Assorted Colors Construction Paper for Printing, Card Making, Die Cutting, Crafts, Scrapbooking, Party Decorations</p><p> -7% 0FF </p><p>$12.99</p><a href="https://www.amazon.com/dp/B0CYPPHFV9?tag=eloabder-20&linkCode=osi&th=1&psc=1">View Product</a></div><div class="product"><a href="https://www.amazon.com/dp/B08DCF5B4P?tag=eloabder-20&linkCode=osi&th=1&psc=1"><img src="https://m.media-amazon.com/images/I/41GRzmuulDL._SL500_.jpg" alt="Product Image"></a><p>Hammermill White Cardstock, 110 Lb, 8.5 x 11 Colored Cardstock, 1 Pack (200 Sheets) - Thick Card Stock, Made in the USA, 168380R</p><p> -38% 0FF </p><p>$13.32</p><a href="https://www.amazon.com/dp/B08DCF5B4P?tag=eloabder-20&linkCode=osi&th=1&psc=1">View Product</a></div><div class="product"><a href="https://www.amazon.com/dp/B0CNVRRWT1?tag=eloabder-20&linkCode=osi&th=1&psc=1"><img src="https://m.media-amazon.com/images/I/31WHKeB3LrL._SL500_.jpg" alt="Product Image"></a><p>BigOtters 27Sheets Black Cardstock Paper 8.5” x 11”, Craft Cardstock Construction Card Stock for Card Making Kids Art Crafts Scrapbooking, School Supplies, 92lb/250gsm</p><p> -43% 0FF </p><p>$3.99</p><a href="https://www.amazon.com/dp/B0CNVRRWT1?tag=eloabder-20&linkCode=osi&th=1&psc=1">View Product</a></div><div class="product"><a href="https://www.amazon.com/dp/B07QNMF4ZP?tag=eloabder-20&linkCode=osi&th=1&psc=1"><img src="https://m.media-amazon.com/images/I/41k97BuiQeL._SL500_.jpg" alt="Product Image"></a><p>Printworks White Cardstock, Standard, 67 lb. Vellum, 92 Bright, 250 sheets, 8.5 x 11, For Office, Home & School Printing, Craft Projects (00564)</p><p> -11% 0FF </p><p>$13.35</p><a href="https://www.amazon.com/dp/B07QNMF4ZP?tag=eloabder-20&linkCode=osi&th=1&psc=1">View Product</a></div>
<div class="product"><a href="https://www.amazon.com/dp/B0CW1LC631?tag=eloabder-20&linkCode=osi&th=1&psc=1"><img src="https://m.media-amazon.com/images/I/51wPMkRVlrL._SL500_.jpg" alt="Product Image"></a><p>Dragon Creek Wood Whittling Kit Complete Whittling Knife Wood Carving Tools Set Wood Carving Knives Kit for Kids Adults Beginners</p><p> -50% 0FF </p><p>$19.49</p><a href="https://www.amazon.com/dp/B0CW1LC631?tag=eloabder-20&linkCode=osi&th=1&psc=1">View Product</a></div>
<div class="product"><a href="https://www.amazon.com/dp/B07TVWD15T?tag=eloabder-20&linkCode=osi&th=1&psc=1"><img src="https://m.media-amazon.com/images/I/51fGMe-HqPL._SL500_.jpg" alt="Product Image"></a><p>AUGSUN Wood Carving Knife Set - 20 PCS Hand Carving Tool Set for DIY Sculpture Carpenter Experts & Beginners</p><p> -6% 0FF </p><p>$14.99</p><a href="https://www.amazon.com/dp/B07TVWD15T?tag=eloabder-20&linkCode=osi&th=1&psc=1">View Product</a></div><div class="product"><a href="https://www.amazon.com/dp/B001UYUVL8?tag=eloabder-20&linkCode=osi&th=1&psc=1"><img src="https://m.media-amazon.com/images/I/51Idf3mdhXL._SL500_.jpg" alt="Product Image"></a><p>FLEXCUT Carving Tools, Micro Palm Craving Set, Set of 4 (FR804)</p><p> -7% 0FF </p><p>$68.94</p><a href="https://www.amazon.com/dp/B001UYUVL8?tag=eloabder-20&linkCode=osi&th=1&psc=1">View Product</a></div><div class="product"><a href="https://www.amazon.com/dp/B0BZ7GMCST?tag=eloabder-20&linkCode=osi&th=1&psc=1"><img src="https://m.media-amazon.com/images/I/413mIJ+ZgrL._SL500_.jpg" alt="Product Image"></a><p>Blisstime 18PCS Clay Sculpting Tools, Basic Clay Pottery Carving Tool Kit with Wooden Handles and Tool Bag</p><p> -40% 0FF </p><p>$11.99</p><a href="https://www.amazon.com/dp/B0BZ7GMCST?tag=eloabder-20&linkCode=osi&th=1&psc=1">View Product</a></div>
<div class="product"><a href="https://www.amazon.com/dp/B09Q612DBG?tag=eloabder-20&linkCode=osi&th=1&psc=1"><img src="https://m.media-amazon.com/images/I/511LJ44qugL._SL500_.jpg" alt="Product Image"></a><p>Teexpert Epoxy Resin Crystal Clear: 64OZ Epoxy Resin kit Fast Curing Heat Resistant for Casting Coating Art DIY Craft Jewelry Wood Table Top Flower Preservation- 2 Part(32OZ Resin and 32OZ Hardener)</p><p> -10% 0FF </p><p>$22.49 ($0.35 / Fl Oz)</p><a href="https://www.amazon.com/dp/B09Q612DBG?tag=eloabder-20&linkCode=osi&th=1&psc=1">View Product</a></div><div class="product"><a href="https://www.amazon.com/dp/B0B2K12XQ8?tag=eloabder-20&linkCode=osi&th=1&psc=1"><img src="https://m.media-amazon.com/images/I/51qEL8qPgCL._SL500_.jpg" alt="Product Image"></a><p>LET'S RESIN 80oz Crystal Clear Casting Resin Kit,Bubbles Free Epoxy Resin Supplies,Clear Resin for Craft,Tumblers,Molds,Jewelry,Resin and Hardener with 6 Mica Powders,Large Silicone Cup</p><p> -42% 0FF </p><p>$36.79 ($0.46 / Ounce)</p><a href="https://www.amazon.com/dp/B0B2K12XQ8?tag=eloabder-20&linkCode=osi&th=1&psc=1">View Product</a></div><div class="product"><a href="https://www.amazon.com/dp/B086L1CDMT?tag=eloabder-20&linkCode=osi&th=1&psc=1"><img src="https://m.media-amazon.com/images/I/41icNRW2NRL._SL500_.jpg" alt="Product Image"></a><p>Epoxy Resin, 32OZ Resin Kit, Epoxy Resin Crystal Clear-Not Yellowing and No Bubble Self Leveling Easy Mix 1:1 Casting & Coating for DIY Jewelry Making of The Art Resin & Epoxy Resin (32oz)</p><p> -10% 0FF </p><p>$15.29</p><a href="https://www.amazon.com/dp/B086L1CDMT?tag=eloabder-20&linkCode=osi&th=1&psc=1">View Product</a></div><div class="product"><a href="https://www.amazon.com/dp/B0BY2PFY62?tag=eloabder-20&linkCode=osi&th=1&psc=1"><img src="https://m.media-amazon.com/images/I/51jY4DbLEVL._SL500_.jpg" alt="Product Image"></a><p>LET'S RESIN Polyurethane Resin, 60oz 2 Part Casting Resin, Fast Cured Resin within 10 Minutes, Ultra Low Viscosity & Low Odor Pourable Liquid Plastic for Casting Models, Prototypes & Other Resin Craft</p><p> -5% 0FF </p><p>$40.99 ($0.68 / Ounce)</p><a href="https://www.amazon.com/dp/B0BY2PFY62?tag=eloabder-20&linkCode=osi&th=1&psc=1">View Product</a></div><div class="product"><a href="https://www.amazon.com/dp/B0CPVCRD93?tag=eloabder-20&linkCode=osi&th=1&psc=1"><img src="https://m.media-amazon.com/images/I/51mBmD2NCqL._SL500_.jpg" alt="Product Image"></a><p>Puduo Epoxy Resin Kit 72OZ，Newly Formulated Crystal Clear Epoxy Resin，Strong, Bubble-Free, Anti-Yellowing Art Resin That，Suitable for Casting, DIY, Resin Art, Molds, Jewelry, Easy to Mix 1:1 Ratio</p><p> -21% 0FF </p><p>$36.99 ($0.51 / Ounce)</p><a href="https://www.amazon.com/dp/B0CPVCRD93?tag=eloabder-20&linkCode=osi&th=1&psc=1">View Product</a></div><div class="product"><a href="https://www.amazon.com/dp/B0B7DZ4YPN?tag=eloabder-20&linkCode=osi&th=1&psc=1"><img src="https://m.media-amazon.com/images/I/51NIBuS801L._SL500_.jpg" alt="Product Image"></a><p>Epoxy Resin 64OZ - Crystal Clear Epoxy Resin Kit - No Yellowing No Bubble Art Resin Casting Resin for Art Crafts, Jewelry Making, Wood & Resin Molds(32OZ x 2)</p><p> -32% 0FF </p><p>$29.99 ($0.47 / Ounce)</p><a href="https://www.amazon.com/dp/B0B7DZ4YPN?tag=eloabder-20&linkCode=osi&th=1&psc=1">View Product</a></div><div class="product"><a href="https://www.amazon.com/dp/B0C1FL6QR3?tag=eloabder-20&linkCode=osi&th=1&psc=1"><img src="https://m.media-amazon.com/images/I/51Lv4KyEb4L._SL500_.jpg" alt="Product Image"></a><p>LET'S RESIN 1 Gallon Casting Epoxy Resin with Pumps, Crystal Clear Epoxy Resin Kit for Beginners, with Ocean White Paste, Color Pigment, for DIY Art, Craft,Jewelry,River Table</p><p> -5% 0FF </p><p>$74.99</p><a href="https://www.amazon.com/dp/B0C1FL6QR3?tag=eloabder-20&linkCode=osi&th=1&psc=1">View Product</a></div><div class="product"><a href="https://www.amazon.com/dp/B08SJ58YBG?tag=eloabder-20&linkCode=osi&th=1&psc=1"><img src="https://m.media-amazon.com/images/I/51vDNE5fyxL._SL500_.jpg" alt="Product Image"></a><p>JDiction Epoxy Resin Clear High Gloss Epoxy Resin, Maximum 1.5 Inch Deep Pour 1 Gallon Casting Resin for Jewelry Making, Table Top, Wood and Mold Crafts</p><p> -35% 0FF </p><p>$47.99 ($0.37 / Fl Oz)</p><a href="https://www.amazon.com/dp/B08SJ58YBG?tag=eloabder-20&linkCode=osi&th=1&psc=1">View Product</a></div>
<div class="product"><a href="https://www.amazon.com/dp/B0021IK626?tag=eloabder-20&linkCode=osi&th=1&psc=1"><img src="https://m.media-amazon.com/images/I/317wgA0GITL._SL500_.jpg" alt="Product Image"></a><p>Winsor & Newton Artist Vine Charcoal Sticks, Soft, Box of 12 Sticks</p><p> -12% 0FF </p><p>$10.56</p><a href="https://www.amazon.com/dp/B0021IK626?tag=eloabder-20&linkCode=osi&th=1&psc=1">View Product</a></div><div class="product"><a href="https://www.amazon.com/dp/B004O7FFR8?tag=eloabder-20&linkCode=osi&th=1&psc=1"><img src="https://m.media-amazon.com/images/I/51JJnYm-n2L._SL500_.jpg" alt="Product Image"></a><p>Strathmore 300 Series Charcoal Paper Pad, Top Wire Bound, 9x12 inches, 32 Sheets (64lb/95g) - Artist Paper for Adults and Students - Charcoal and Pastel</p><p> -28% 0FF </p><p>$7.82</p><a href="https://www.amazon.com/dp/B004O7FFR8?tag=eloabder-20&linkCode=osi&th=1&psc=1">View Product</a></div><div class="product"><a href="https://www.amazon.com/dp/B004XMELLA?tag=eloabder-20&linkCode=osi&th=1&psc=1"><img src="https://m.media-amazon.com/images/I/41wklAOeEwS._SL500_.jpg" alt="Product Image"></a><p>CRETACOLOR Charcoal Powder, 175 gram</p><p> -17% 0FF </p><p>$19.99</p><a href="https://www.amazon.com/dp/B004XMELLA?tag=eloabder-20&linkCode=osi&th=1&psc=1">View Product</a></div>
<div class="product"><a href="https://www.amazon.com/dp/B08MFWBCKT?tag=eloabder-20&linkCode=osi&th=1&psc=1"><img src="https://m.media-amazon.com/images/I/41I3tDQXv9L._SL500_.jpg" alt="Product Image"></a><p>Winsor & Newton Studio Collection, 6 Count, Charcoal Pencils</p><p> -29% 0FF </p><p>$9.99</p><a href="https://www.amazon.com/dp/B08MFWBCKT?tag=eloabder-20&linkCode=osi&th=1&psc=1">View Product</a></div>
<div class="product"><a href="https://www.amazon.com/dp/B001BYK7RA?tag=eloabder-20&linkCode=osi&th=1&psc=1"><img src="https://m.media-amazon.com/images/I/316EZYjc1XL._SL500_.jpg" alt="Product Image"></a><p>Winsor & Newton Artist Vine Charcoal Sticks, Soft, Box of 3 Sticks</p><p> -27% 0FF </p><p>$2.99 ($1.00 / Count)</p><a href="https://www.amazon.com/dp/B001BYK7RA?tag=eloabder-20&linkCode=osi&th=1&psc=1">View Product</a></div><div class="product"><a href="https://www.amazon.com/dp/B08L8JKP72?tag=eloabder-20&linkCode=osi&th=1&psc=1"><img src="https://m.media-amazon.com/images/I/41pXzOgpC8L._SL500_.jpg" alt="Product Image"></a><p>Pacific Arc Compressed Charcoal Sticks Soft 12 Pack for Drawing, Sketching, and Shading</p><p> -24% 0FF </p><p>$9.17</p><a href="https://www.amazon.com/dp/B08L8JKP72?tag=eloabder-20&linkCode=osi&th=1&psc=1">View Product</a></div>
<div class="product"><a href="https://www.amazon.com/dp/B07BYVFMB1?tag=eloabder-20&linkCode=osi&th=1&psc=1"><img src="https://m.media-amazon.com/images/I/31rrg6weNlL._SL500_.jpg" alt="Product Image"></a><p>50 Chipboard Sheets 8.5 x 11 inch - 50pt (point) Heavy Weight Brown Kraft Cardboard for Scrapbooking & Picture Frame Backing (.050 Caliper Thick) Paper Board | MagicWater Supply</p><p> -42% 0FF </p><p>$24.99</p><a href="https://www.amazon.com/dp/B07BYVFMB1?tag=eloabder-20&linkCode=osi&th=1&psc=1">View Product</a></div><div class="product"><a href="https://www.amazon.com/dp/B00161W6L8?tag=eloabder-20&linkCode=osi&th=1&psc=1"><img src="https://m.media-amazon.com/images/I/41MflHlo3JL._SL500_.jpg" alt="Product Image"></a><p>GRAFIX Natural Medium Weight Chipboard Sheets 8.5"X11" 25/Pkg, 8.5"x11"x0.057", Count</p><p> -27% 0FF </p><p>$18.26 ($0.73 / Count)</p><a href="https://www.amazon.com/dp/B00161W6L8?tag=eloabder-20&linkCode=osi&th=1&psc=1">View Product</a></div>
<div class="product"><a href="https://www.amazon.com/dp/B0CG82NVDX?tag=eloabder-20&linkCode=osi&th=1&psc=1"><img src="https://m.media-amazon.com/images/I/41LZLhnqZ2L._SL500_.jpg" alt="Product Image"></a><p>4 Piece Wood Chisel Sets Woodworking Tools Set, Wood Chisels for Woodworking with Steel Hammer End, Wood Tools Chisel Set Woodworking with Ergonomic Plastic Handle, 6mm, 12mm, 18mm, 24mm</p><p> -8% 0FF </p><p>$9.18</p><a href="https://www.amazon.com/dp/B0CG82NVDX?tag=eloabder-20&linkCode=osi&th=1&psc=1">View Product</a></div><div class="product"><a href="https://www.amazon.com/dp/B07GGYNHSQ?tag=eloabder-20&linkCode=osi&th=1&psc=1"><img src="https://m.media-amazon.com/images/I/41jGbSe1quL._SL500_.jpg" alt="Product Image"></a><p>HURRICANE 4 Piece Wood Chisel Set for Woodworking, CR-V Steel Beveled Edge Blade, Durable PVC High Impact Handle Wood Chisel</p><p> -30% 0FF </p><p>$13.99</p><a href="https://www.amazon.com/dp/B07GGYNHSQ?tag=eloabder-20&linkCode=osi&th=1&psc=1">View Product</a></div><div class="product"><a href="https://www.amazon.com/dp/B07WPHDX7L?tag=eloabder-20&linkCode=osi&th=1&psc=1"><img src="https://m.media-amazon.com/images/I/51dts-90AqL._SL500_.jpg" alt="Product Image"></a><p>GREBSTK 9.5in Wood Chisel Set for Woodworking, 4pcs Chrome Vanadium Steel Bevel-Edge Bench Chisels with Cap, Comfortable Beech High Impact Handle, with Oxford Bag</p><p> -25% 0FF </p><p>$14.99</p><a href="https://www.amazon.com/dp/B07WPHDX7L?tag=eloabder-20&linkCode=osi&th=1&psc=1">View Product</a></div>
<div class="product"><a href="https://www.amazon.com/dp/B07DMGLTVZ?tag=eloabder-20&linkCode=osi&th=1&psc=1"><img src="https://m.media-amazon.com/images/I/41UaGK9mQ+L._SL500_.jpg" alt="Product Image"></a><p>Darnell Nehemiah Metal Alloy Sugar Paste Extruder Craft Gun with 20 Tips Sugar Craft Fondant Cake Sculpture Polymer Clay Tool Perfect (Green)</p><p> -14% 0FF </p><p>$5.99</p><a href="https://www.amazon.com/dp/B07DMGLTVZ?tag=eloabder-20&linkCode=osi&th=1&psc=1">View Product</a></div><div class="product"><a href="https://www.amazon.com/dp/B0DDCDZCCV?tag=eloabder-20&linkCode=osi&th=1&psc=1"><img src="https://m.media-amazon.com/images/I/410i1A+6UmL._SL500_.jpg" alt="Product Image"></a><p>ORIISIN Automatic Clay Extruder, Electric Extruder for Polymer Clay & Fondant, Clay Extruder for Pottery, Polymer Clay Extruder with Multiple Disks</p><p> -20% 0FF </p><p>$19.99</p><a href="https://www.amazon.com/dp/B0DDCDZCCV?tag=eloabder-20&linkCode=osi&th=1&psc=1">View Product</a></div><div class="product"><a href="https://www.amazon.com/dp/B0CNH2G6PB?tag=eloabder-20&linkCode=osi&th=1&psc=1"><img src="https://m.media-amazon.com/images/I/51l5sO0abDL._SL500_.jpg" alt="Product Image"></a><p>FVIEXE 2PCS Clay Extruder Tool, Polymer Clay Extruder Kit with 40 Extruder Discs and 40 Clay Cutters, Sugar Paste Fondant Extruder Tool Gun Cake Fondant Decorating Tool Set for Making Craft Border</p><p> -6% 0FF </p><p>$15.99</p><a href="https://www.amazon.com/dp/B0CNH2G6PB?tag=eloabder-20&linkCode=osi&th=1&psc=1">View Product</a></div>
<div class="product"><a href="https://www.amazon.com/dp/B0776SN7Y5?tag=eloabder-20&linkCode=osi&th=1&psc=1"><img src="https://m.media-amazon.com/images/I/41qik78i76L._SL500_.jpg" alt="Product Image"></a><p>RUBFAC Polymer Clay Tools, Clay Tools Kit, 24pcs Clay Sculpting Tools Set with Stylus and Rock Painting Kit - Air Dry Clay Modeling Tools for Pottery and Sculpture</p><p> -25% 0FF </p><p>$8.99</p><a href="https://www.amazon.com/dp/B0776SN7Y5?tag=eloabder-20&linkCode=osi&th=1&psc=1">View Product</a></div>
<div class="product"><a href="https://www.amazon.com/dp/B00T5LIRFU?tag=eloabder-20&linkCode=osi&th=1&psc=1"><img src="https://m.media-amazon.com/images/I/41HLrbxWYNL._SL500_.jpg" alt="Product Image"></a><p>Sculpey Tools Clay Conditioning Pasta Machine, polymer oven-bake clay tool, 9 thickness settings, includes clamp and hand crank, great for all skill levels and craft projects</p><p> -23% 0FF </p><p>$39.44</p><a href="https://www.amazon.com/dp/B00T5LIRFU?tag=eloabder-20&linkCode=osi&th=1&psc=1">View Product</a></div>
<div class="product"><a href="https://www.amazon.com/dp/B0D473MKHZ?tag=eloabder-20&linkCode=osi&th=1&psc=1"><img src="https://m.media-amazon.com/images/I/41GZeErV9FL._SL500_.jpg" alt="Product Image"></a><p>JRKOO Clay Tools Kit,28 PCS Pottery Tools,Polymer Clay Tools,Air Dry Clay Tools Set for Kids, Adults,Pottery Craft,Drawing,Dotting,Carving,Molding,Baking,Modeling,Shaping</p><p> -25% 0FF </p><p>$7.49</p><a href="https://www.amazon.com/dp/B0D473MKHZ?tag=eloabder-20&linkCode=osi&th=1&psc=1">View Product</a></div>
<div class="product"><a href="https://www.amazon.com/dp/B06XG9XHCG?tag=eloabder-20&linkCode=osi&th=1&psc=1"><img src="https://m.media-amazon.com/images/I/51deqHG5MFL._SL500_.jpg" alt="Product Image"></a><p>ARTEZA Pottery & Polymer Clay Tools, 42-Piece Sculpting Set, Steel Tip Pottery Tools with Wooden Handles, Craft Kit for Pottery Modeling, Carving</p><p> -34% 0FF </p><p>$29.39 ($0.70 / Count)</p><a href="https://www.amazon.com/dp/B06XG9XHCG?tag=eloabder-20&linkCode=osi&th=1&psc=1">View Product</a></div>
<div class="product"><a href="https://www.amazon.com/dp/B07KBZQN2F?tag=eloabder-20&linkCode=osi&th=1&psc=1"><img src="https://m.media-amazon.com/images/I/41Or4t3NbSL._SL500_.jpg" alt="Product Image"></a><p>Artlicious Drawing Board - 13 x 17 Sketch Boards with Handle for Drafting Art - Portable Wooden Clipboard for Class or Studio Fit in Artists Tote</p><p> -12% 0FF </p><p>$16.25</p><a href="https://www.amazon.com/dp/B07KBZQN2F?tag=eloabder-20&linkCode=osi&th=1&psc=1">View Product</a></div><div class="product"><a href="https://www.amazon.com/dp/B096DGLQRK?tag=eloabder-20&linkCode=osi&th=1&psc=1"><img src="https://m.media-amazon.com/images/I/31tsJJ2gVUL._SL500_.jpg" alt="Product Image"></a><p>2-Pack Artist's Drawing Sketch Boards, Large Art Clipboards with Left-Side Handle Holes and Paper Retaining Rubber Bands, Portable Drafting Boards for Home, Office, Studio, and Field (13x17 in)</p><p> -30% 0FF </p><p>$13.99</p><a href="https://www.amazon.com/dp/B096DGLQRK?tag=eloabder-20&linkCode=osi&th=1&psc=1">View Product</a></div><div class="product"><a href="https://www.amazon.com/dp/B0027AAMSG?tag=eloabder-20&linkCode=osi&th=1&psc=1"><img src="https://m.media-amazon.com/images/I/31fE-qZkGQL._SL500_.jpg" alt="Product Image"></a><p>Art Advantage Artist Sketch Tote Board 23x26, Drawing Board, Art Board, Painting Board, Masonite Board, Hardboard, Paint Board, Sketch Board, Drawing Boards for Artists</p><p> -11% 0FF </p><p>$26.69</p><a href="https://www.amazon.com/dp/B0027AAMSG?tag=eloabder-20&linkCode=osi&th=1&psc=1">View Product</a></div><div class="product"><a href="https://www.amazon.com/dp/B08PBD8JZH?tag=eloabder-20&linkCode=osi&th=1&psc=1"><img src="https://m.media-amazon.com/images/I/411Zn2OP2YL._SL500_.jpg" alt="Product Image"></a><p>Artist Sketch Board, 8K Wooden Water Proof Sketching Clipboard Student Travel Art Drawing Writing Board with Metal Clip for Classroom Studio or Field Use</p><p> -5% 0FF </p><p>$13.10</p><a href="https://www.amazon.com/dp/B08PBD8JZH?tag=eloabder-20&linkCode=osi&th=1&psc=1">View Product</a></div><div class="product"><a href="https://www.amazon.com/dp/B096DNF5LW?tag=eloabder-20&linkCode=osi&th=1&psc=1"><img src="https://m.media-amazon.com/images/I/41WTiS7xFZL._SL500_.jpg" alt="Product Image"></a><p>Bright Creations 2-Pack Artist's Drawing Sketch Boards, Large Art Clipboard with Left-Side Handle Holes & Paper Holding Rubber Bands, Portable Drafting Boards for Home, Office, Studio, Field(18x18")</p><p> -16% 0FF </p><p>$26.99</p><a href="https://www.amazon.com/dp/B096DNF5LW?tag=eloabder-20&linkCode=osi&th=1&psc=1">View Product</a></div>
<div class="product"><a href="https://www.amazon.com/dp/B07H6JWKCK?tag=eloabder-20&linkCode=osi&th=1&psc=1"><img src="https://m.media-amazon.com/images/I/41o0NPLKJtL._SL500_.jpg" alt="Product Image"></a><p>LWR CRAFTS Jute Cord Twine 1.5mm 90ft Natural for Mini Clothespins</p><p> -13% 0FF </p><p>$3.49 ($0.04 / Foot)</p><a href="https://www.amazon.com/dp/B07H6JWKCK?tag=eloabder-20&linkCode=osi&th=1&psc=1">View Product</a></div><div class="product"><a href="https://www.amazon.com/dp/B08GM954K3?tag=eloabder-20&linkCode=osi&th=1&psc=1"><img src="https://m.media-amazon.com/images/I/51HzWiyDe7L._SL500_.jpg" alt="Product Image"></a><p>Wenrook 300 Pack Safety Pins Assorted, 4 Different Sizes, Strong Nickel Plated Steel, Safety Pins for Clothes, Crafts, Pinning and More</p><p> -28% 0FF </p><p>$5.79 ($0.02 / Count)</p><a href="https://www.amazon.com/dp/B08GM954K3?tag=eloabder-20&linkCode=osi&th=1&psc=1">View Product</a></div><div class="product"><a href="https://www.amazon.com/dp/B0BHVGYVJJ?tag=eloabder-20&linkCode=osi&th=1&psc=1"><img src="https://m.media-amazon.com/images/I/4169Jf5yW0L._SL500_.jpg" alt="Product Image"></a><p>Sewing clips for fabric and quilting,WENICE 40pcs embroidery clips of sewing products for sewing supplies and accessories</p><p> -36% 0FF </p><p>$4.49</p><a href="https://www.amazon.com/dp/B0BHVGYVJJ?tag=eloabder-20&linkCode=osi&th=1&psc=1">View Product</a></div>
<div class="product"><a href="https://www.amazon.com/dp/B0BHYGM2XG?tag=eloabder-20&linkCode=osi&th=1&psc=1"><img src="https://m.media-amazon.com/images/I/51D88wLFFAL._SL500_.jpg" alt="Product Image"></a><p>KALOUR 72 Count Colored Pencils for Adult Coloring Books, Soft Core,Ideal for Drawing Blending Shading,Color Pencils Set Gift for Adults Kids Beginners</p><p> -40% 0FF </p><p>$11.99</p><a href="https://www.amazon.com/dp/B0BHYGM2XG?tag=eloabder-20&linkCode=osi&th=1&psc=1">View Product</a></div><div class="product"><a href="https://www.amazon.com/dp/B0CCJ8K7BG?tag=eloabder-20&linkCode=osi&th=1&psc=1"><img src="https://m.media-amazon.com/images/I/51+YRjtIYnL._SL500_.jpg" alt="Product Image"></a><p>HIFORNY 125 Pack Colored Pencils Set for Adult Coloring,120 Colors Coloring Pencils with Extras,Drawing Pencils Art Craft Supplies for Adults Beginners</p><p> -26% 0FF </p><p>$13.29</p><a href="https://www.amazon.com/dp/B0CCJ8K7BG?tag=eloabder-20&linkCode=osi&th=1&psc=1">View Product</a></div><div class="product"><a href="https://www.amazon.com/dp/B09FJN5R5C?tag=eloabder-20&linkCode=osi&th=1&psc=1"><img src="https://m.media-amazon.com/images/I/51HNg7VkaPL._SL500_.jpg" alt="Product Image"></a><p>PRINA Art Supplies 120 Colors Colored Pencils Set for Adults Coloring Books with Sketchbook, Professional Vibrant Artists Coloring Pencils for Drawing Sketching Blending Shading, Soft Core Oil Based</p><p> -10% 0FF </p><p>$27.99</p><a href="https://www.amazon.com/dp/B09FJN5R5C?tag=eloabder-20&linkCode=osi&th=1&psc=1">View Product</a></div><div class="product"><a href="https://www.amazon.com/dp/B0B8MFGW36?tag=eloabder-20&linkCode=osi&th=1&psc=1"><img src="https://m.media-amazon.com/images/I/51umBJsfZDL._SL500_.jpg" alt="Product Image"></a><p>KALOUR Premium Colored Pencils,Set of 120 Colors,Artists Soft Core with Vibrant Color,Ideal for Drawing Sketching Shading,Coloring Pencils for Adults Beginners kids</p><p> -17% 0FF </p><p>$24.99</p><a href="https://www.amazon.com/dp/B0B8MFGW36?tag=eloabder-20&linkCode=osi&th=1&psc=1">View Product</a></div><div class="product"><a href="https://www.amazon.com/dp/B06ZZNF7GS?tag=eloabder-20&linkCode=osi&th=1&psc=1"><img src="https://m.media-amazon.com/images/I/51yeXw2QRdL._SL500_.jpg" alt="Product Image"></a><p>Castle Art Supplies 72 Colored Pencils Set | Quality Soft Core Colored Leads for Adult Artists, Professionals and Colorists | Protected and Organized in Presentation Tin Box</p><p> -35% 0FF </p><p>$36.98</p><a href="https://www.amazon.com/dp/B06ZZNF7GS?tag=eloabder-20&linkCode=osi&th=1&psc=1">View Product</a></div><div class="product"><a href="https://www.amazon.com/dp/B005O2ZU68?tag=eloabder-20&linkCode=osi&th=1&psc=1"><img src="https://m.media-amazon.com/images/I/51iZ-dj8GBL._SL500_.jpg" alt="Product Image"></a><p>Prismacolor Premier Colored Pencils, Soft Core, 150 Count, Lightfast, Ultra-smooth, Adult Coloring Books</p><p> -7% 0FF </p><p>$139.99</p><a href="https://www.amazon.com/dp/B005O2ZU68?tag=eloabder-20&linkCode=osi&th=1&psc=1">View Product</a></div>
<div class="product"><a href="https://www.amazon.com/dp/B004BN9U30?tag=eloabder-20&linkCode=osi&th=1&psc=1"><img src="https://m.media-amazon.com/images/I/51r8f-9WzoL._SL500_.jpg" alt="Product Image"></a><p>ACTIVA Decor Sand, 5-Pound, Light Blue,4555</p><p> -13% 0FF </p><p>$20.30 ($0.25 / Ounce)</p><a href="https://www.amazon.com/dp/B004BN9U30?tag=eloabder-20&linkCode=osi&th=1&psc=1">View Product</a></div>
<div class="product"><a href="https://www.amazon.com/dp/B076TT3TYN?tag=eloabder-20&linkCode=osi&th=1&psc=1"><img src="https://m.media-amazon.com/images/I/614S+VRElYL._SL500_.jpg" alt="Product Image"></a><p>Embroidery Floss Rainbow Color 50 Skeins Per Pack Cross Stitch Threads Friendship Bracelets Floss Crafts Floss</p><p> -60% 0FF </p><p>$5.97 ($0.00 / Foot)</p><a href="https://www.amazon.com/dp/B076TT3TYN?tag=eloabder-20&linkCode=osi&th=1&psc=1">View Product</a></div><div class="product"><a href="https://www.amazon.com/dp/B06XRF1LCM?tag=eloabder-20&linkCode=osi&th=1&psc=1"><img src="https://m.media-amazon.com/images/I/51HOGqvHonS._SL500_.jpg" alt="Product Image"></a><p>CiaraQ Sewing Threads Kits, 30 Colors Polyester 250 Yards Per Spools for Hand Sewing & Embroidery</p><p> -47% 0FF </p><p>$8.99 ($0.00 / Foot)</p><a href="https://www.amazon.com/dp/B06XRF1LCM?tag=eloabder-20&linkCode=osi&th=1&psc=1">View Product</a></div><div class="product"><a href="https://www.amazon.com/dp/B002KASKRS?tag=eloabder-20&linkCode=osi&th=1&psc=1"><img src="https://m.media-amazon.com/images/I/51GVfmIT-kL._SL500_.jpg" alt="Product Image"></a><p>Singer 264 Polyester Thread, Assorted Colors, 24 Spools</p><p> -31% 0FF </p><p>$2.69 ($0.00 / Foot)</p><a href="https://www.amazon.com/dp/B002KASKRS?tag=eloabder-20&linkCode=osi&th=1&psc=1">View Product</a></div>
<div class="product"><a href="https://www.amazon.com/dp/B0868M9MFP?tag=eloabder-20&linkCode=osi&th=1&psc=1"><img src="https://m.media-amazon.com/images/I/41MathwPKuL._SL500_.jpg" alt="Product Image"></a><p>Simetufy 360 Sheets 36 Multicolor Tissue Paper Bulk Gift Wrapping Tissue Paper Decorative Art Rainbow Tissue Paper 11.5in x 8in for Art Craft Floral Birthday Party Festival Tissue Paper Pom Pom</p><p> -38% 0FF </p><p>$7.99 ($0.02 / Count)</p><a href="https://www.amazon.com/dp/B0868M9MFP?tag=eloabder-20&linkCode=osi&th=1&psc=1">View Product</a></div><div class="product"><a href="https://www.amazon.com/dp/B0B9SF3Y4D?tag=eloabder-20&linkCode=osi&th=1&psc=1"><img src="https://m.media-amazon.com/images/I/419aeFWjtAL._SL500_.jpg" alt="Product Image"></a><p>Simetufy 60 Sheets Tissue Paper for Gift Bags, 10 Bold Colored Tissue Paper for Crafts, Art Tissue Paper Bulk, Gift Tissue Paper 20 x 20 Inch</p><p> -7% 0FF </p><p>$6.49 ($0.65 / Count)</p><a href="https://www.amazon.com/dp/B0B9SF3Y4D?tag=eloabder-20&linkCode=osi&th=1&psc=1">View Product</a></div><div class="product"><a href="https://www.amazon.com/dp/B0C8SYQJS1?tag=eloabder-20&linkCode=osi&th=1&psc=1"><img src="https://m.media-amazon.com/images/I/41gbdOrx9cL._SL500_.jpg" alt="Product Image"></a><p>VGOODALL 450 Sheets Multicolor Tissue Paper, Gift Wrapping Paper 11.5x8 Inch Craft Tissue Paper for Holiday Birthday Gift Wrapping DIY Project 40 Assorted Colors</p><p> -44% 0FF </p><p>$4.99 ($0.01 / Count)</p><a href="https://www.amazon.com/dp/B0C8SYQJS1?tag=eloabder-20&linkCode=osi&th=1&psc=1">View Product</a></div><div class="product"><a href="https://www.amazon.com/dp/B0CSG6Q67Y?tag=eloabder-20&linkCode=osi&th=1&psc=1"><img src="https://m.media-amazon.com/images/I/417iKgFw8BL._SL500_.jpg" alt="Product Image"></a><p>Longerse Colored Tissue Paper for Gift Bags,60 Sheets Art Tissue Paper Bulk,20”x20” Tissue Paper for Gift Wrapping,Gift Decoration,Art and DIY (Colorful)</p><p> -60% 0FF </p><p>$3.99 ($0.07 / Count)</p><a href="https://www.amazon.com/dp/B0CSG6Q67Y?tag=eloabder-20&linkCode=osi&th=1&psc=1">View Product</a></div><div class="product"><a href="https://www.amazon.com/dp/B08PP63JVH?tag=eloabder-20&linkCode=osi&th=1&psc=1"><img src="https://m.media-amazon.com/images/I/51Z1SH4GpyL._SL500_.jpg" alt="Product Image"></a><p>KESOTE Colored Tissue Paper for Gift Bags Crafts, 14" x 20" Tissue Paper Bulk 100 Sheets Gift Paper Tissue for Packaging - 20 Colors</p><p> -11% 0FF </p><p>$7.99 ($0.08 / Count)</p><a href="https://www.amazon.com/dp/B08PP63JVH?tag=eloabder-20&linkCode=osi&th=1&psc=1">View Product</a></div>
<div class="product"><a href="https://www.amazon.com/dp/B0CGR8W9QL?tag=eloabder-20&linkCode=osi&th=1&psc=1"><img src="https://m.media-amazon.com/images/I/51Zzm+7K6CL._SL500_.jpg" alt="Product Image"></a><p>Beautiful Adult Coloring Book Set of 2 for Relaxation - Gratitude and Mindfulness Books with Inspirational Quotes Making it a Great Gift - Perfect Stress-Relieving Books Fun to Color for Women</p><p> -10% 0FF </p><p>$11.69 ($5.84 / Count)</p><a href="https://www.amazon.com/dp/B0CGR8W9QL?tag=eloabder-20&linkCode=osi&th=1&psc=1">View Product</a></div><div class="product"><a href="https://www.amazon.com/dp/B01ELWWX98?tag=eloabder-20&linkCode=osi&th=1&psc=1"><img src="https://m.media-amazon.com/images/I/51g67GhksOL._SL500_.jpg" alt="Product Image"></a><p>Maybe Swearing Will Help Adult Coloring Book Set - for Adults Relaxation with Markers in a Case - Motivational Swear Word Anxiety Relief - Color Cuss & Laugh Your Way to Less Stress</p><p> -13% 0FF </p><p>$24.99</p><a href="https://www.amazon.com/dp/B01ELWWX98?tag=eloabder-20&linkCode=osi&th=1&psc=1">View Product</a></div><div class="product"><a href="https://www.amazon.com/dp/B0828BM6PW?tag=eloabder-20&linkCode=osi&th=1&psc=1"><img src="https://m.media-amazon.com/images/I/61rJ0ivLQ0L._SL500_.jpg" alt="Product Image"></a><p>ARTEZA Adult Coloring Book, Doodle Designs, 72 Sheets, 6.4x6.4 Inches Coloring Pages, 100 lb Paper</p><p> -43% 0FF </p><p>$7.40</p><a href="https://www.amazon.com/dp/B0828BM6PW?tag=eloabder-20&linkCode=osi&th=1&psc=1">View Product</a></div><div class="product"><a href="https://www.amazon.com/dp/B09NB2GZTD?tag=eloabder-20&linkCode=osi&th=1&psc=1"><img src="https://m.media-amazon.com/images/I/51FROdttEnL._SL500_.jpg" alt="Product Image"></a><p>RYVE Adult Coloring Book for Women - Mindfulness Coloring Book with Personal Growth Prompts - Coloring Book for Adults Relaxation, Coloring Book Adult, Mindfulness Gifts, Relaxation Gifts for Women</p><p> -35% 0FF </p><p>$12.95</p><a href="https://www.amazon.com/dp/B09NB2GZTD?tag=eloabder-20&linkCode=osi&th=1&psc=1">View Product</a></div><div class="product"><a href="https://www.amazon.com/dp/B07P57M4ZR?tag=eloabder-20&linkCode=osi&th=1&psc=1"><img src="https://m.media-amazon.com/images/I/6101oGV4dKL._SL500_.jpg" alt="Product Image"></a><p>Adult Coloring Book Bundle with 10 Deluxe Coloring Books for Adults and Teens (Over 250 Stress Relieving Patterns).</p><p> -6% 0FF </p><p>$16.96</p><a href="https://www.amazon.com/dp/B07P57M4ZR?tag=eloabder-20&linkCode=osi&th=1&psc=1">View Product</a></div>
<div class="product"><a href="https://www.amazon.com/dp/B0BWH7CWFW?tag=eloabder-20&linkCode=osi&th=1&psc=1"><img src="https://m.media-amazon.com/images/I/51jUg2AkDyL._SL500_.jpg" alt="Product Image"></a><p>AnyMark 60 Colors Alcohol Markers, Markers Set, Dual Tip Alcohol Based Art Markers for Kids Adults Coloring Drawing, Chisel & Fine</p><p> -15% 0FF </p><p>$16.99 ($0.28 / Count)</p><a href="https://www.amazon.com/dp/B0BWH7CWFW?tag=eloabder-20&linkCode=osi&th=1&psc=1">View Product</a></div><div class="product"><a href="https://www.amazon.com/dp/B09SG83ZZG?tag=eloabder-20&linkCode=osi&th=1&psc=1"><img src="https://m.media-amazon.com/images/I/51Qb5KktWiL._SL500_.jpg" alt="Product Image"></a><p>Sunacme Art Supplier Dual Brush Markers Pens, 110 Artist Coloring Marker Set, Fineliner & Brush Tip Pen with Premium Case for Adults Coloring Books & Kids Journal, Drawing, Doodlin</p><p> -14% 0FF </p><p>$29.99</p><a href="https://www.amazon.com/dp/B09SG83ZZG?tag=eloabder-20&linkCode=osi&th=1&psc=1">View Product</a></div><div class="product"><a href="https://www.amazon.com/dp/B075WQPKNK?tag=eloabder-20&linkCode=osi&th=1&psc=1"><img src="https://m.media-amazon.com/images/I/51EOXvmdwnL._SL500_.jpg" alt="Product Image"></a><p>Dual Brush Marker Pens for Coloring Books, Tanmit Fine Tip Coloring Marker & Brush Pen Set for Journaling Note Taking Writing Planning Art Project</p><p> -29% 0FF </p><p>$9.97</p><a href="https://www.amazon.com/dp/B075WQPKNK?tag=eloabder-20&linkCode=osi&th=1&psc=1">View Product</a></div><div class="product"><a href="https://www.amazon.com/dp/B0CMLFSJ32?tag=eloabder-20&linkCode=osi&th=1&psc=1"><img src="https://m.media-amazon.com/images/I/51tOlopoSsL._SL500_.jpg" alt="Product Image"></a><p>TOSHARE Double Brush Marker Pens, 72 Colors Art Markers Set with Fine Tip and Brush Tip for Kids Adult Coloring Book Hand Lettering Calligraphy Drawing Art Supplies Kit</p><p> -43% 0FF </p><p>$16.99</p><a href="https://www.amazon.com/dp/B0CMLFSJ32?tag=eloabder-20&linkCode=osi&th=1&psc=1">View Product</a></div>
<div class="product"><a href="https://www.amazon.com/dp/B011KGGTYI?tag=eloabder-20&linkCode=osi&th=1&psc=1"><img src="https://m.media-amazon.com/images/I/5132ds0q8dL._SL500_.jpg" alt="Product Image"></a><p>Prang (Formerly Art Street) Construction Paper, 10 Assorted Colors, Standard Weight, 9" x 12", 500 Sheets</p><p> -39% 0FF </p><p>$11.88</p><a href="https://www.amazon.com/dp/B011KGGTYI?tag=eloabder-20&linkCode=osi&th=1&psc=1">View Product</a></div><div class="product"><a href="https://www.amazon.com/dp/B00JKHFR2K?tag=eloabder-20&linkCode=osi&th=1&psc=1"><img src="https://m.media-amazon.com/images/I/31-VtYKPhLL._SL500_.jpg" alt="Product Image"></a><p>Childcraft Construction Paper, 9 x 12 Inches, Assorted Colors, 500 Sheets - 1465886</p><p> -12% 0FF </p><p>$14.02 ($0.03 / Count)</p><a href="https://www.amazon.com/dp/B00JKHFR2K?tag=eloabder-20&linkCode=osi&th=1&psc=1">View Product</a></div><div class="product"><a href="https://www.amazon.com/dp/B0044O9S9M?tag=eloabder-20&linkCode=osi&th=1&psc=1"><img src="https://m.media-amazon.com/images/I/51LYJXeYUuL._SL500_.jpg" alt="Product Image"></a><p>Crayola 9" x 12" 8-Assorted Color Construction Paper - 96/Pack</p><p> -7% 0FF </p><p>$7.53 ($0.08 / Count)</p><a href="https://www.amazon.com/dp/B0044O9S9M?tag=eloabder-20&linkCode=osi&th=1&psc=1">View Product</a></div><div class="product"><a href="https://www.amazon.com/dp/B07RPBV5QV?tag=eloabder-20&linkCode=osi&th=1&psc=1"><img src="https://m.media-amazon.com/images/I/31NYvEA9UbL._SL500_.jpg" alt="Product Image"></a><p>Colorations Construction Paper, Classroom Art Supplies, 9" x 12" Craft Paper 2200 Sheet Pack, Heavyweight Construction Paper, Bulk Packs, Assorted Colors, Drawing, Coloring, Painting, School Supplies</p><p> -7% 0FF </p><p>$82.99 ($0.04 / Count)</p><a href="https://www.amazon.com/dp/B07RPBV5QV?tag=eloabder-20&linkCode=osi&th=1&psc=1">View Product</a></div><div class="product"><a href="https://www.amazon.com/dp/B0017OHG1O?tag=eloabder-20&linkCode=osi&th=1&psc=1"><img src="https://m.media-amazon.com/images/I/21ulYe3YW0L._SL500_.jpg" alt="Product Image"></a><p>Prang (Formerly SunWorks) Construction Paper, White, 9" x 12", 100 Sheets</p><p> -11% 0FF </p><p>$4.27</p><a href="https://www.amazon.com/dp/B0017OHG1O?tag=eloabder-20&linkCode=osi&th=1&psc=1">View Product</a></div>
<div class="product"><a href="https://www.amazon.com/dp/B07VPLN92N?tag=eloabder-20&linkCode=osi&th=1&psc=1"><img src="https://m.media-amazon.com/images/I/419sJC3gTyS._SL500_.jpg" alt="Product Image"></a><p>Colorations® Geo Shapes Dough Cutters and Rolling Pin, Set of 9, 8 different Shapes & the Roller, Use with Dough, Dough Cutter Shapes, Great Starter Set for using Dough, Learn About Shapes</p><p> -41% 0FF </p><p>$7.49</p><a href="https://www.amazon.com/dp/B07VPLN92N?tag=eloabder-20&linkCode=osi&th=1&psc=1">View Product</a></div><div class="product"><a href="https://www.amazon.com/dp/B07JG76SSJ?tag=eloabder-20&linkCode=osi&th=1&psc=1"><img src="https://m.media-amazon.com/images/I/41AXTn1lZjL._SL500_.jpg" alt="Product Image"></a><p>Wilton Plastic Cookie Cutters Gift Boxed 10/Pkg, Christmas</p><p> -23% 0FF </p><p>$9.99</p><a href="https://www.amazon.com/dp/B07JG76SSJ?tag=eloabder-20&linkCode=osi&th=1&psc=1">View Product</a></div><div class="product"><a href="https://www.amazon.com/dp/B0D95TVN4T?tag=eloabder-20&linkCode=osi&th=1&psc=1"><img src="https://m.media-amazon.com/images/I/51tcz-zfq1L._SL500_.jpg" alt="Product Image"></a><p>KEOKER Halloween Polymer Clay Cutters, 12 Shapes Polymer Clay Cutters Halloween, Halloween Clay Cutters for Polymer Clay Jewelry, Halloween Clay Cutters for Earrings, Polymer Clay Halloween Cutters</p><p> -6% 0FF </p><p>$15.99</p><a href="https://www.amazon.com/dp/B0D95TVN4T?tag=eloabder-20&linkCode=osi&th=1&psc=1">View Product</a></div>
<div class="product"><a href="https://www.amazon.com/dp/B01MR5DSCM?tag=eloabder-20&linkCode=osi&th=1&psc=1"><img src="https://m.media-amazon.com/images/I/41TXQrK84SL._SL500_.jpg" alt="Product Image"></a><p>Zehhe Copper Foil Tape with Double-Sided Conductive - EMI Shielding,Stained Glass,Soldering,Electrical Repairs,Paper Circuits,Grounding (1/4inch)</p><p> -16% 0FF </p><p>$5.88 ($0.09 / Foot)</p><a href="https://www.amazon.com/dp/B01MR5DSCM?tag=eloabder-20&linkCode=osi&th=1&psc=1">View Product</a></div><div class="product"><a href="https://www.amazon.com/dp/B00WVKO1LG?tag=eloabder-20&linkCode=osi&th=1&psc=1"><img src="https://m.media-amazon.com/images/I/31J15yH0QGL._SL500_.jpg" alt="Product Image"></a><p>K&S 6020 Metallic Copper Crafting Foil, 0.005" Thick x 12" Width x 30" Long, 1 Piece, Made in The USA</p><p> -22% 0FF </p><p>$14.89</p><a href="https://www.amazon.com/dp/B00WVKO1LG?tag=eloabder-20&linkCode=osi&th=1&psc=1">View Product</a></div><div class="product"><a href="https://www.amazon.com/dp/B01MPYH5EQ?tag=eloabder-20&linkCode=osi&th=1&psc=1"><img src="https://m.media-amazon.com/images/I/51DowmFlktL._SL500_.jpg" alt="Product Image"></a><p>7/32" Edco Silver Backed Foil - 1.0 Mil</p><p> -15% 0FF </p><p>$15.49</p><a href="https://www.amazon.com/dp/B01MPYH5EQ?tag=eloabder-20&linkCode=osi&th=1&psc=1">View Product</a></div><div class="product"><a href="https://www.amazon.com/dp/B000VGRVSC?tag=eloabder-20&linkCode=osi&th=1&psc=1"><img src="https://m.media-amazon.com/images/I/51fDxB9va0L._SL500_.jpg" alt="Product Image"></a><p>Studio Pro 7/32-Inch Black Lined Copper Foil</p><p> -27% 0FF </p><p>$10.99</p><a href="https://www.amazon.com/dp/B000VGRVSC?tag=eloabder-20&linkCode=osi&th=1&psc=1">View Product</a></div>
<div class="product"><a href="https://www.amazon.com/dp/B08ZMVBT4F?tag=eloabder-20&linkCode=osi&th=1&psc=1"><img src="https://m.media-amazon.com/images/I/51nhj8aUk3L._SL500_.jpg" alt="Product Image"></a><p>NOANTA Natural Macrame Cord 3mm x 109Yards, Beige Macrame Rope, Cotton Cord for Wall Hanging, Plant Hangers, Christmas Crafts, Knitting</p><p> -50% 0FF </p><p>$4.99 ($0.02 / Foot)</p><a href="https://www.amazon.com/dp/B08ZMVBT4F?tag=eloabder-20&linkCode=osi&th=1&psc=1">View Product</a></div><div class="product"><a href="https://www.amazon.com/dp/B08YJBQ7WZ?tag=eloabder-20&linkCode=osi&th=1&psc=1"><img src="https://m.media-amazon.com/images/I/51MPyR+wDWL._SL500_.jpg" alt="Product Image"></a><p>45 Color Options Macrame Cord 2mm/3mm/4mm/5mm/6mmx109 Yards Cotton Cord, 4 Ply Twisted Yarn, Natural Perfect Supplies DIY Crafts (Natural White)</p><p> -29% 0FF </p><p>$4.98 ($0.02 / Foot)</p><a href="https://www.amazon.com/dp/B08YJBQ7WZ?tag=eloabder-20&linkCode=osi&th=1&psc=1">View Product</a></div><div class="product"><a href="https://www.amazon.com/dp/B08PZ2VDPM?tag=eloabder-20&linkCode=osi&th=1&psc=1"><img src="https://m.media-amazon.com/images/I/51DQgq3cfXL._SL500_.jpg" alt="Product Image"></a><p>Tenn Well Nylon Satin Cord, 295 Feet 2mm Black Nylon String for Jewelry Making, Silky Rattail Cord for Bracelets, Necklaces, Macrame Keychains, Lanyards, Beading</p><p> -33% 0FF </p><p>$7.99 ($0.03 / Foot)</p><a href="https://www.amazon.com/dp/B08PZ2VDPM?tag=eloabder-20&linkCode=osi&th=1&psc=1">View Product</a></div><div class="product"><a href="https://www.amazon.com/dp/B08GXFQ2ZZ?tag=eloabder-20&linkCode=osi&th=1&psc=1"><img src="https://m.media-amazon.com/images/I/51ETQrmuWuL._SL500_.jpg" alt="Product Image"></a><p>NOANTA Natural Macrame Cord 2mm x 220yards, Colored Macrame Rope, 3 Strand Twisted Cotton Rope Macrame Yarn, Colorful Cotton Craft Cord for Wall Hanging, Plant Hangers, Crafts, Knitting</p><p> -29% 0FF </p><p>$4.99 ($0.01 / Foot)</p><a href="https://www.amazon.com/dp/B08GXFQ2ZZ?tag=eloabder-20&linkCode=osi&th=1&psc=1">View Product</a></div>
<div class="product"><a href="https://www.amazon.com/dp/B009MRH3R0?tag=eloabder-20&linkCode=osi&th=1&psc=1"><img src="https://m.media-amazon.com/images/I/51KvHbQ47aL._SL500_.jpg" alt="Product Image"></a><p>Hygloss Corrugated Cardboard Sheets, 8-Pack, 8 Pieces</p><p> -37% 0FF </p><p>$5.35 ($0.67 / Count)</p><a href="https://www.amazon.com/dp/B009MRH3R0?tag=eloabder-20&linkCode=osi&th=1&psc=1">View Product</a></div><div class="product"><a href="https://www.amazon.com/dp/B0013JR8QQ?tag=eloabder-20&linkCode=osi&th=1&psc=1"><img src="https://m.media-amazon.com/images/I/41xFj3BmirL._SL500_.jpg" alt="Product Image"></a><p>Uchida Corru-Gator Paper Crimper, 8-1/2-Inch, Straight</p><p> -37% 0FF </p><p>$13.79</p><a href="https://www.amazon.com/dp/B0013JR8QQ?tag=eloabder-20&linkCode=osi&th=1&psc=1">View Product</a></div>
<div class="product"><a href="https://www.amazon.com/dp/B07FFM3DPB?tag=eloabder-20&linkCode=osi&th=1&psc=1"><img src="https://m.media-amazon.com/images/I/51J4bxAVK3L._SL500_.jpg" alt="Product Image"></a><p>Caydo [400 pcs] - 300 Pieces 1 Inch Assorted Pompoms with 100pieces Wiggle Eyes Multicolor Arts and Crafts Pom Poms Balls for Kids DIY Art Creative Crafts Decorations</p><p> -15% 0FF </p><p>$7.64</p><a href="https://www.amazon.com/dp/B07FFM3DPB?tag=eloabder-20&linkCode=osi&th=1&psc=1">View Product</a></div><div class="product"><a href="https://www.amazon.com/dp/B000F8XACW?tag=eloabder-20&linkCode=osi&th=1&psc=1"><img src="https://m.media-amazon.com/images/I/41g1iHmB5ML._SL500_.jpg" alt="Product Image"></a><p>Creativity Street Cotton Decorated Craft Fluff Ball, Pink, Pack of 100,4 oz</p><p> -14% 0FF </p><p>$9.91</p><a href="https://www.amazon.com/dp/B000F8XACW?tag=eloabder-20&linkCode=osi&th=1&psc=1">View Product</a></div><div class="product"><a href="https://www.amazon.com/dp/B01MTOWHJH?tag=eloabder-20&linkCode=osi&th=1&psc=1"><img src="https://m.media-amazon.com/images/I/513R8zmLclL._SL500_.jpg" alt="Product Image"></a><p>HEHALI 1000pcs Multicolor Pom Pom Balls, Assorted Sizes & Colors Pompoms for Arts and Craft Making Decorations</p><p> -25% 0FF </p><p>$8.99</p><a href="https://www.amazon.com/dp/B01MTOWHJH?tag=eloabder-20&linkCode=osi&th=1&psc=1">View Product</a></div><div class="product"><a href="https://www.amazon.com/dp/B0BHSYPBH1?tag=eloabder-20&linkCode=osi&th=1&psc=1"><img src="https://m.media-amazon.com/images/I/51RUOSHbY5L._SL500_.jpg" alt="Product Image"></a><p>Iooleem Multi-Color Pom Poms, 1200pcs Assorted Size & Color, Pom Poms for Arts and Crafts, Pom Pom Balls with Wiggle Eyes in jar, Glitter Pom Poms, Craft Supplies.</p><p> -15% 0FF </p><p>$6.76</p><a href="https://www.amazon.com/dp/B0BHSYPBH1?tag=eloabder-20&linkCode=osi&th=1&psc=1">View Product</a></div>
<div class="product"><a href="https://www.amazon.com/dp/B0B1J8TYT1?tag=eloabder-20&linkCode=osi&th=1&psc=1"><img src="https://m.media-amazon.com/images/I/41NdyrANVlL._SL500_.jpg" alt="Product Image"></a><p>HOTGODEN Medium Weight 100% Cotton Muslin Fabric: 63 inch x 2,5,10 Yards Unbleached Muslin Linen Fabric Material for Sewing Material Apparel Cloth</p><p> -19% 0FF </p><p>$12.99</p><a href="https://www.amazon.com/dp/B0B1J8TYT1?tag=eloabder-20&linkCode=osi&th=1&psc=1">View Product</a></div><div class="product"><a href="https://www.amazon.com/dp/B08GJHYMGN?tag=eloabder-20&linkCode=osi&th=1&psc=1"><img src="https://m.media-amazon.com/images/I/51wD1FT1eeL._SL500_.jpg" alt="Product Image"></a><p>50pcs 8 x 8 inches Multicolor Cotton Fabric Bundle Squares for Quilting Sewing, Precut Fabric Squares for Craft Patchwork</p><p> -14% 0FF </p><p>$13.77</p><a href="https://www.amazon.com/dp/B08GJHYMGN?tag=eloabder-20&linkCode=osi&th=1&psc=1">View Product</a></div><div class="product"><a href="https://www.amazon.com/dp/B0CRBH5FZT?tag=eloabder-20&linkCode=osi&th=1&psc=1"><img src="https://m.media-amazon.com/images/I/41v-8KZCA5L._SL500_.jpg" alt="Product Image"></a><p>Singer Fabric, 100% Cotton, Pink Purple Sunset Solid 5Pc Bundle</p><p> -24% 0FF </p><p>$8.02 ($1.60 / Count)</p><a href="https://www.amazon.com/dp/B0CRBH5FZT?tag=eloabder-20&linkCode=osi&th=1&psc=1">View Product</a></div>
<div class="product"><a href="https://www.amazon.com/dp/B08GCSLV5T?tag=eloabder-20&linkCode=osi&th=1&psc=1"><img src="https://m.media-amazon.com/images/I/51qmNvhzRUS._SL500_.jpg" alt="Product Image"></a><p>Macrame Cord 4mm x 328Yards(984Feet),Natural Cotton Macrame Rope - 3 Strands Twisted Macrame Cotton Cord for Wall Hanging, Plant Hangers, Crafts, Gift Wrapping and Wedding Decorations</p><p> -15% 0FF </p><p>$16.99 ($0.02 / Foot)</p><a href="https://www.amazon.com/dp/B08GCSLV5T?tag=eloabder-20&linkCode=osi&th=1&psc=1">View Product</a></div><div class="product"><a href="https://www.amazon.com/dp/B07XFYVM62?tag=eloabder-20&linkCode=osi&th=1&psc=1"><img src="https://m.media-amazon.com/images/I/51u2PPpSoOL._SL500_.jpg" alt="Product Image"></a><p>Tenn Well 8mm Macrame Cord, 59 Feet 3Ply Twisted Craft Cotton Rope Thick Nautical Rope for Crafts, Wall Hangings, Plant Hangers, Knotting, Rope Basket Making (Beige)</p><p> -33% 0FF </p><p>$9.99 ($0.17 / Foot)</p><a href="https://www.amazon.com/dp/B07XFYVM62?tag=eloabder-20&linkCode=osi&th=1&psc=1">View Product</a></div><div class="product"><a href="https://www.amazon.com/dp/B07GX8B3PC?tag=eloabder-20&linkCode=osi&th=1&psc=1"><img src="https://m.media-amazon.com/images/I/416oClGC4ZL._SL500_.jpg" alt="Product Image"></a><p>Tenn Well 5mm Macrame Cord, 165Feet Braided Cotton Rope Thick Craft Twine for Macrame Plant Hangers, Wall Hangings, Drawstrings, Clothes Lines, DIY Crafts (Beige)</p><p> -31% 0FF </p><p>$8.99 ($0.05 / Foot)</p><a href="https://www.amazon.com/dp/B07GX8B3PC?tag=eloabder-20&linkCode=osi&th=1&psc=1">View Product</a></div>

<div class="product"><a href="https://www.amazon.com/dp/B00178KLEY?tag=eloabder-20&linkCode=osi&th=1&psc=1"><img src="https://m.media-amazon.com/images/I/31wcgL5xRkL._SL500_.jpg" alt="Product Image"></a><p>Aleene's All Purpose Tacky Glue, 8-Ounce</p><p> -30% 0FF </p><p>$2.44 ($0.30 / Fl Oz)</p><a href="https://www.amazon.com/dp/B00178KLEY?tag=eloabder-20&linkCode=osi&th=1&psc=1">View Product</a></div><div class="product"><a href="https://www.amazon.com/dp/B088NN5GD8?tag=eloabder-20&linkCode=osi&th=1&psc=1"><img src="https://m.media-amazon.com/images/I/417dgxV3dfL._SL500_.jpg" alt="Product Image"></a><p>Bearly Art Precision Craft Glue - The Mini - 2fl oz with Tip Kit - Acid Free Archival - Strong Hold Adhesive - Ideal for Fine Paper Crafting Scrapbooking and Card Making - Made in USA</p><p> -13% 0FF </p><p>$12.99 ($6.50 / Fl Oz)</p><a href="https://www.amazon.com/dp/B088NN5GD8?tag=eloabder-20&linkCode=osi&th=1&psc=1">View Product</a></div><div class="product"><a href="https://www.amazon.com/dp/B09BW3G5FY?tag=eloabder-20&linkCode=osi&th=1&psc=1"><img src="https://m.media-amazon.com/images/I/51nUSHqdX-L._SL500_.jpg" alt="Product Image"></a><p>Adtech 05603 Glue Runner Permanent 35 Yards Total - Pack of 3 (4 each), Blue</p><p> -9% 0FF </p><p>$19.96</p><a href="https://www.amazon.com/dp/B09BW3G5FY?tag=eloabder-20&linkCode=osi&th=1&psc=1">View Product</a></div><div class="product"><a href="https://www.amazon.com/dp/B0948WG3KV?tag=eloabder-20&linkCode=osi&th=1&psc=1"><img src="https://m.media-amazon.com/images/I/41Y1CQR-TqL._SL500_.jpg" alt="Product Image"></a><p>ALLFUN 1000 Pieces Clear Glue Points Dots Double Sided Adhesive Removable for Balloons Craft Sticky</p><p> -32% 0FF </p><p>$6.79 ($0.01 / Count)</p><a href="https://www.amazon.com/dp/B0948WG3KV?tag=eloabder-20&linkCode=osi&th=1&psc=1">View Product</a></div>
<div class="product"><a href="https://www.amazon.com/dp/B0CRDH745H?tag=eloabder-20&linkCode=osi&th=1&psc=1"><img src="https://m.media-amazon.com/images/I/4145DgxWb+L._SL500_.jpg" alt="Product Image"></a><p>Gift Bags 8.25"X5.9 "X3.15" 100pcs Brown Paper Bags with Handles,Kraft Paper Bags for Small Business Christmas Bulk Bags, Wedding Party Favor Bags,Shopping Lunch Bags, Halloween Trick-or-Treat (Brown)</p><p> -8% 0FF </p><p>$16.99</p><a href="https://www.amazon.com/dp/B0CRDH745H?tag=eloabder-20&linkCode=osi&th=1&psc=1">View Product</a></div><div class="product"><a href="https://www.amazon.com/dp/B07MLMXNH1?tag=eloabder-20&linkCode=osi&th=1&psc=1"><img src="https://m.media-amazon.com/images/I/31j9z9qZ3mL._SL500_.jpg" alt="Product Image"></a><p>Qutuus Kraft Paper Gift Bags with Handles - 8x4.5x10 25Pcs Brown Shopping Bags for Parties, Favors, Businesses</p><p> -10% 0FF </p><p>$8.99 ($0.36 / Count)</p><a href="https://www.amazon.com/dp/B07MLMXNH1?tag=eloabder-20&linkCode=osi&th=1&psc=1">View Product</a></div><div class="product"><a href="https://www.amazon.com/dp/B07L63T76G?tag=eloabder-20&linkCode=osi&th=1&psc=1"><img src="https://m.media-amazon.com/images/I/412nJkSNUXL._SL500_.jpg" alt="Product Image"></a><p>Juvale 50-Pack Small Brown Gift Bags with Handles - Small Kraft Paper Bags for Birthday, Retail, Crafts (3.5x2.4x7 In)</p><p> -18% 0FF </p><p>$13.99</p><a href="https://www.amazon.com/dp/B07L63T76G?tag=eloabder-20&linkCode=osi&th=1&psc=1">View Product</a></div><div class="product"><a href="https://www.amazon.com/dp/B09Z2N3QKT?tag=eloabder-20&linkCode=osi&th=1&psc=1"><img src="https://m.media-amazon.com/images/I/416VQ3Ke3PL._SL500_.jpg" alt="Product Image"></a><p>Moretoes 40pcs Brown Paper Bags with Handles Assorted Size Gift Bags, Kraft Paper Bags, Paper Shopping Bags, Craft Bags, Merchandise Bags</p><p> -8% 0FF </p><p>$22.99</p><a href="https://www.amazon.com/dp/B09Z2N3QKT?tag=eloabder-20&linkCode=osi&th=1&psc=1">View Product</a></div>
<div class="product"><a href="https://www.amazon.com/dp/B09Z7NYVG9?tag=eloabder-20&linkCode=osi&th=1&psc=1"><img src="https://m.media-amazon.com/images/I/51XjAkleH5L._SL500_.jpg" alt="Product Image"></a><p>Gxueshan 1000 Pcs Acrylic 9 Color Pony Beads 6x9mm Bulk Glow in The Dark for Necklace Friendship Bracelet Making Hair Beads for Braids Kandi Beads</p><p> -36% 0FF </p><p>$6.99</p><a href="https://www.amazon.com/dp/B09Z7NYVG9?tag=eloabder-20&linkCode=osi&th=1&psc=1">View Product</a></div>
<div class="product"><a href="https://www.amazon.com/dp/B000PD0DSG?tag=eloabder-20&linkCode=osi&th=1&psc=1"><img src="https://m.media-amazon.com/images/I/41bsxH8ol7L._SL500_.jpg" alt="Product Image"></a><p>Fiskars 12x18 Inch Cutting Mat (12-83707097J) , Gray</p><p> -54% 0FF </p><p>$10.97</p><a href="https://www.amazon.com/dp/B000PD0DSG?tag=eloabder-20&linkCode=osi&th=1&psc=1">View Product</a></div><div class="product"><a href="https://www.amazon.com/dp/B0C6TGHYC7?tag=eloabder-20&linkCode=osi&th=1&psc=1"><img src="https://m.media-amazon.com/images/I/41FpOZ2suaL._SL500_.jpg" alt="Product Image"></a><p>DIYDEC 12 Pack Basswood Sheets 12 x 8 x 1/13 Inch Thin Plywood Wood Sheets Unfinished Wood Squares Boards Balsa Wood Sheets for Crafts Architectural Models Laser Cutting Wood Burning and Drawing</p><p> -8% 0FF </p><p>$11.99</p><a href="https://www.amazon.com/dp/B0C6TGHYC7?tag=eloabder-20&linkCode=osi&th=1&psc=1">View Product</a></div>
<div class="product"><a href="https://www.amazon.com/dp/1594745250?tag=eloabder-20&linkCode=osi&th=1&psc=1"><img src="https://m.media-amazon.com/images/I/51m6tJZw-uL._SL500_.jpg" alt="Product Image"></a><p>Crafting with Cat Hair: Cute Handicrafts to Make with Your Cat</p><p> -47% 0FF </p><p>$8.01</p><a href="https://www.amazon.com/dp/1594745250?tag=eloabder-20&linkCode=osi&th=1&psc=1">View Product</a></div><div class="product"><a href="https://www.amazon.com/dp/B0BW876C87?tag=eloabder-20&linkCode=osi&th=1&psc=1"><img src="https://m.media-amazon.com/images/I/41J2NOgeokL._SL500_.jpg" alt="Product Image"></a><p>Popotop Photo Album Self Adhesive Scrapbook Album for 4x6 5x7 8x10 Pictures DIY Photo Book,Birthday Gifts for Women Mom,Wedding Baby Family Travel</p><p> -58% 0FF </p><p>$9.98</p><a href="https://www.amazon.com/dp/B0BW876C87?tag=eloabder-20&linkCode=osi&th=1&psc=1">View Product</a></div><div class="product"><a href="https://www.amazon.com/dp/1574215051?tag=eloabder-20&linkCode=osi&th=1&psc=1"><img src="https://m.media-amazon.com/images/I/51vVL4Vf6vL._SL500_.jpg" alt="Product Image"></a><p>Pyrography Basics: Techniques and Exercises for Beginners (Design Originals) Patterns for Woodburning with Skill-Building Step-by-Step Instructions and Advice from Lora Irish on Texture and Layering</p><p> -45% 0FF </p><p>$5.49</p><a href="https://www.amazon.com/dp/1574215051?tag=eloabder-20&linkCode=osi&th=1&psc=1">View Product</a></div>
<div class="product"><a href="https://www.amazon.com/dp/B01CUI384E?tag=eloabder-20&linkCode=osi&th=1&psc=1"><img src="https://m.media-amazon.com/images/I/41rizh5PQFL._SL500_.jpg" alt="Product Image"></a><p>ArtBin 6918AH Twin Top 17 inch Supply Box, Portable Art & Craft Supply Organizer with Handle, [1] Plastic Storage Case, Translucent</p><p> -51% 0FF </p><p>$15.32</p><a href="https://www.amazon.com/dp/B01CUI384E?tag=eloabder-20&linkCode=osi&th=1&psc=1">View Product</a></div><div class="product"><a href="https://www.amazon.com/dp/B08YBYBVX6?tag=eloabder-20&linkCode=osi&th=1&psc=1"><img src="https://m.media-amazon.com/images/I/41G5mV07PnL._SL500_.jpg" alt="Product Image"></a><p>Logix 12535 Translucent Craft Organizer, Art Supply Organizer and Storage, Lockable School Supplies Organization, Moisture Resistant, Made in USA</p><p> -19% 0FF </p><p>$4.98</p><a href="https://www.amazon.com/dp/B08YBYBVX6?tag=eloabder-20&linkCode=osi&th=1&psc=1">View Product</a></div><div class="product"><a href="https://www.amazon.com/dp/B01BPEX7YA?tag=eloabder-20&linkCode=osi&th=1&psc=1"><img src="https://m.media-amazon.com/images/I/31dTR7w0DXL._SL500_.jpg" alt="Product Image"></a><p>ArtBin 6937AG Essentials Lift-Out Tray Box, Portable Art & Craft Organizer with Handle and Tray, Clear/Aqua</p><p> -33% 0FF </p><p>$9.44</p><a href="https://www.amazon.com/dp/B01BPEX7YA?tag=eloabder-20&linkCode=osi&th=1&psc=1">View Product</a></div><div class="product"><a href="https://www.amazon.com/dp/B08DKT4WSY?tag=eloabder-20&linkCode=osi&th=1&psc=1"><img src="https://m.media-amazon.com/images/I/316yo4e1UuL._SL500_.jpg" alt="Product Image"></a><p>BTSKY 2 Layer Stack & Carry Box, Plastic Multipurpose Portable Storage Container Box Handled Organizer Storage Box for Organizing Stationery, Sewing, Art Craft, Jewelry and Beauty Supplies Blue</p><p> -11% 0FF </p><p>$24.99</p><a href="https://www.amazon.com/dp/B08DKT4WSY?tag=eloabder-20&linkCode=osi&th=1&psc=1">View Product</a></div>
<div class="product"><a href="https://www.amazon.com/dp/B08WX1ZVQD?tag=eloabder-20&linkCode=osi&th=1&psc=1"><img src="https://m.media-amazon.com/images/I/51U7X2OJFAL._SL500_.jpg" alt="Product Image"></a><p>Premium 100 Pcs Resin Sewing Buttons, Eco-Friendly 4-Hole Craft Buttons, 5 Sizes of Black Round Mixed Buttons Suitable for Sewing, DIY and Holiday Decoration</p><p> -54% 0FF </p><p>$5.98</p><a href="https://www.amazon.com/dp/B08WX1ZVQD?tag=eloabder-20&linkCode=osi&th=1&psc=1">View Product</a></div>
<div class="product"><a href="https://www.amazon.com/dp/B075NYWF5P?tag=eloabder-20&linkCode=osi&th=1&psc=1"><img src="https://m.media-amazon.com/images/I/51IoM9rBW1L._SL500_.jpg" alt="Product Image"></a><p>Firbon A4 Paper Cutter 12 Inch Titanium Paper Trimmer Scrapbooking Tool with Automatic Security Safeguard and Side Ruler for Craft Paper, Coupon, Label and Cardstock (Black)</p><p> -39% 0FF </p><p>$10.99</p><a href="https://www.amazon.com/dp/B075NYWF5P?tag=eloabder-20&linkCode=osi&th=1&psc=1">View Product</a></div><div class="product"><a href="https://www.amazon.com/dp/B07BKYH2G5?tag=eloabder-20&linkCode=osi&th=1&psc=1"><img src="https://m.media-amazon.com/images/I/31emK9wKwhL._SL500_.jpg" alt="Product Image"></a><p>45mm Rotary Cutter with 5pcs Extra Blades, Ergonomic Handle Rolling Cutter with Safety Lock for Fabric, Leather, Crafting, Sewing, Quilting, Fabric Rotary Cutter Perfect for Left & Right Hand(Pink)</p><p> -41% 0FF </p><p>$9.99</p><a href="https://www.amazon.com/dp/B07BKYH2G5?tag=eloabder-20&linkCode=osi&th=1&psc=1">View Product</a></div><div class="product"><a href="https://www.amazon.com/dp/B0C8BRB3RH?tag=eloabder-20&linkCode=osi&th=1&psc=1"><img src="https://m.media-amazon.com/images/I/41IwAR4t6FL._SL500_.jpg" alt="Product Image"></a><p>Fiskars 45mm Rotary Cutter for Fabric - Premium Stick Rotary Cutter - Craft Supplies - Crafts, Sewing, and Quilting Projects - White</p><p> -48% 0FF </p><p>$10.98</p><a href="https://www.amazon.com/dp/B0C8BRB3RH?tag=eloabder-20&linkCode=osi&th=1&psc=1">View Product</a></div>
<div class="product"><a href="https://www.amazon.com/dp/B0D7J5HNXQ?tag=eloabder-20&linkCode=osi&th=1&psc=1"><img src="https://m.media-amazon.com/images/I/51kM77Z-7-L._SL500_.jpg" alt="Product Image"></a><p>Tinyspool & Co. Jelly Roll Fabric Strips for Quilting, Crafting, and Sewing, 40 Strip Assorted Bundle, Soft Cotton for Blanket, Rug, Upholstery, Home Decor, and Purse Making, Fall is Here</p><p> -20% 0FF </p><p>$27.99</p><a href="https://www.amazon.com/dp/B0D7J5HNXQ?tag=eloabder-20&linkCode=osi&th=1&psc=1">View Product</a></div>
<div class="product"><a href="https://www.amazon.com/dp/B0BXJB2NTY?tag=eloabder-20&linkCode=osi&th=1&psc=1"><img src="https://m.media-amazon.com/images/I/51z2B9dVEnL._SL500_.jpg" alt="Product Image"></a><p>Soarer Colorful Craft Rooster Feathers - 300pcs 3-5inch Colored Feathers Bulk for Kindergarten DIY Crafts,Wedding Home Party Decorations,Dream Catcher Supplies(Rooster Colorful)</p><p> -22% 0FF </p><p>$6.99</p><a href="https://www.amazon.com/dp/B0BXJB2NTY?tag=eloabder-20&linkCode=osi&th=1&psc=1">View Product</a></div><div class="product"><a href="https://www.amazon.com/dp/B06VWKVZH1?tag=eloabder-20&linkCode=osi&th=1&psc=1"><img src="https://m.media-amazon.com/images/I/51u4jX7ycdL._SL500_.jpg" alt="Product Image"></a><p>Coceca 300pcs Colorful Feathers 3-5 Inches Bulk Feathers Assorted Colors for Crafts DIY, Art Projects, Party Decorations, Dream Catchers</p><p> -36% 0FF </p><p>$6.99 ($0.02 / Count)</p><a href="https://www.amazon.com/dp/B06VWKVZH1?tag=eloabder-20&linkCode=osi&th=1&psc=1">View Product</a></div>
<div class="product"><a href="https://www.amazon.com/dp/B089DPDYKV?tag=eloabder-20&linkCode=osi&th=1&psc=1"><img src="https://m.media-amazon.com/images/I/51L58by1dXL._SL500_.jpg" alt="Product Image"></a><p>Better Office Products 100 Pack EVA Foam Sheets, 5.5 x 8.5 Inch, Assorted Colors (20 Colors), 2mm Thick, for Arts and Crafts, 100 Sheets</p><p> -22% 0FF </p><p>$13.99 ($0.14 / Count)</p><a href="https://www.amazon.com/dp/B089DPDYKV?tag=eloabder-20&linkCode=osi&th=1&psc=1">View Product</a></div><div class="product"><a href="https://www.amazon.com/dp/B08YXYN327?tag=eloabder-20&linkCode=osi&th=1&psc=1"><img src="https://m.media-amazon.com/images/I/41VfV+-ZFTL._SL500_.jpg" alt="Product Image"></a><p>EVA Foam Cosplay - 2mm (1mm to 10mm) - Black or White - 14" x 39" Sheet - Ultra High Density Craft Foam 85 kg/m3 - by The Foamory</p><p> -17% 0FF </p><p>$14.99</p><a href="https://www.amazon.com/dp/B08YXYN327?tag=eloabder-20&linkCode=osi&th=1&psc=1">View Product</a></div><div class="product"><a href="https://www.amazon.com/dp/B07BPRHWL5?tag=eloabder-20&linkCode=osi&th=1&psc=1"><img src="https://m.media-amazon.com/images/I/317FYGugGnL._SL500_.jpg" alt="Product Image"></a><p>6 Pack 12x12-Inch Round Foam Circles for Crafts, 1" Thick, for DIY Projects, Decorations (White)</p><p> -12% 0FF </p><p>$22.99</p><a href="https://www.amazon.com/dp/B07BPRHWL5?tag=eloabder-20&linkCode=osi&th=1&psc=1">View Product</a></div>
<div class="product"><a href="https://www.amazon.com/dp/B001683NAO?tag=eloabder-20&linkCode=osi&th=1&psc=1"><img src="https://m.media-amazon.com/images/I/31cwr-m138L._SL500_.jpg" alt="Product Image"></a><p>BEACON 3-in-1 Advanced Craft Glue - Fast-Drying, Crystal Clear Adhesive for Wood, Ceramics, Fabrics, and More, 4-Ounce</p><p> -18% 0FF </p><p>$8.99 ($2.25 / Fl Oz)</p><a href="https://www.amazon.com/dp/B001683NAO?tag=eloabder-20&linkCode=osi&th=1&psc=1">View Product</a></div><div class="product"><a href="https://www.amazon.com/dp/B000HWY6EM?tag=eloabder-20&linkCode=osi&th=1&psc=1"><img src="https://m.media-amazon.com/images/I/41-SNkQTUaL._SL500_.jpg" alt="Product Image"></a><p>Mod Podge Matte Sealer, Glue & Finish: All-in-One Craft Solution- Quick Dry, Easy Clean, for Wood, Paper, Fabric & More. Non-Toxic - Craft with Confidence, Made in USA, 8 oz., Pack of 1</p><p> -35% 0FF </p><p>$3.98 ($0.50 / Fl Oz)</p><a href="https://www.amazon.com/dp/B000HWY6EM?tag=eloabder-20&linkCode=osi&th=1&psc=1">View Product</a></div><div class="product"><a href="https://www.amazon.com/dp/B07X1SJPSZ?tag=eloabder-20&linkCode=osi&th=1&psc=1"><img src="https://m.media-amazon.com/images/I/61EOLdPbKxL._SL500_.jpg" alt="Product Image"></a><p>E6000 237032 Craft Adhesive, 2 fl oz Clear, 2 Pack</p><p> -49% 0FF </p><p>$8.58 ($2.14 / Fl Oz)</p><a href="https://www.amazon.com/dp/B07X1SJPSZ?tag=eloabder-20&linkCode=osi&th=1&psc=1">View Product</a></div><div class="product"><a href="https://www.amazon.com/dp/B000LNR27U?tag=eloabder-20&linkCode=osi&th=1&psc=1"><img src="https://m.media-amazon.com/images/I/41SoXYVTzvL._SL500_.jpg" alt="Product Image"></a><p>Elmer's Craft Bond Tacky Glue, 4 oz, Clear</p><p> -20% 0FF </p><p>$6.49 ($1.62 / Fl Oz)</p><a href="https://www.amazon.com/dp/B000LNR27U?tag=eloabder-20&linkCode=osi&th=1&psc=1">View Product</a></div>
<div class="product"><a href="https://www.amazon.com/dp/B0BWMPGFVL?tag=eloabder-20&linkCode=osi&th=1&psc=1"><img src="https://m.media-amazon.com/images/I/61gMu32RzEL._SL500_.jpg" alt="Product Image"></a><p>Dowsabel Clay Beads Bracelet Making Kit for Beginner, 5000 Pcs Preppy Polymer Clay Beads with Charms Kit for Jewelry Making, DIY Arts and Crafts Birthday Gifts Toys for Kids Age 6-13</p><p> -65% 0FF </p><p>$6.98 ($0.00 / Count)</p><a href="https://www.amazon.com/dp/B0BWMPGFVL?tag=eloabder-20&linkCode=osi&th=1&psc=1">View Product</a></div><div class="product"><a href="https://www.amazon.com/dp/B09X1YX59W?tag=eloabder-20&linkCode=osi&th=1&psc=1"><img src="https://m.media-amazon.com/images/I/61Cr68venIL._SL500_.jpg" alt="Product Image"></a><p>Hula Home Stained Glass Mandala Art Kit - DIY Window Clings with Markers, 10 Suncatchers - Perfect Hobby for Adults, Kids, Teens & Seniors - Ideal Gift for Beginners, Women & Elderly</p><p> -36% 0FF </p><p>$15.99</p><a href="https://www.amazon.com/dp/B09X1YX59W?tag=eloabder-20&linkCode=osi&th=1&psc=1">View Product</a></div><div class="product"><a href="https://www.amazon.com/dp/B09KGBWF4M?tag=eloabder-20&linkCode=osi&th=1&psc=1"><img src="https://m.media-amazon.com/images/I/615WTC7aH4L._SL500_.jpg" alt="Product Image"></a><p>Craft Culture Beginners Wood Burning Kit for Kids and Teenage Boys & Girls Cool Gifts for Boy or Girl Craft Projects Gift Idea for Older Children Teen Woodburning DIY Hobby Kits Art Crafts Activities</p><p> -20% 0FF </p><p>$39.99</p><a href="https://www.amazon.com/dp/B09KGBWF4M?tag=eloabder-20&linkCode=osi&th=1&psc=1">View Product</a></div><div class="product"><a href="https://www.amazon.com/dp/B0BK35RMN4?tag=eloabder-20&linkCode=osi&th=1&psc=1"><img src="https://m.media-amazon.com/images/I/513JTylDEHL._SL500_.jpg" alt="Product Image"></a><p>WATHFKCU 4 Sets DIY Glass Mosaic Tiles for Crafts,Mixed Color Mosaic Kits with Wooden Coaster for Adults,Mosaic Crafts Materials Package for Coaster Handmade Home Decor Gifts</p><p> -15% 0FF </p><p>$22.99</p><a href="https://www.amazon.com/dp/B0BK35RMN4?tag=eloabder-20&linkCode=osi&th=1&psc=1">View Product</a></div><div class="product"><a href="https://www.amazon.com/dp/B0CGD74KX7?tag=eloabder-20&linkCode=osi&th=1&psc=1"><img src="https://m.media-amazon.com/images/I/51rNpMlv3wL._SL500_.jpg" alt="Product Image"></a><p>Shimmer Markers Outline Double Line: 12 Colors Metallic Glitter Pens Set Sparkle Kid Age 4 8 10 14 Year Old Gift Present Doodle Drawing Supplies Art Craft Tween Teen Girl Christmas Stocking Stuffers</p><p> -17% 0FF </p><p>$9.99</p><a href="https://www.amazon.com/dp/B0CGD74KX7?tag=eloabder-20&linkCode=osi&th=1&psc=1">View Product</a></div><div class="product"><a href="https://www.amazon.com/dp/B09LVDT4QK?tag=eloabder-20&linkCode=osi&th=1&psc=1"><img src="https://m.media-amazon.com/images/I/41CaNa9XKLL._SL500_.jpg" alt="Product Image"></a><p>DOODLE HOG Polymer Clay Earring Making Kit, Gift for Teens and Adults, Make 12 Earrings, Jewelry Making Supplies for Kids and Adults - Arts and Crafts for Kids Ages 12+ Girls</p><p> -35% 0FF </p><p>$12.99</p><a href="https://www.amazon.com/dp/B09LVDT4QK?tag=eloabder-20&linkCode=osi&th=1&psc=1">View Product</a></div><div class="product"><a href="https://www.amazon.com/dp/B0BS4BVG3M?tag=eloabder-20&linkCode=osi&th=1&psc=1"><img src="https://m.media-amazon.com/images/I/61r89vPgOtL._SL500_.jpg" alt="Product Image"></a><p>2774pcs Gem Stickers Jewels for Crafts - Self Adhesive Rhinestone Jewel Stickers, Stick on Gems Rhinestones for Crafts, Acrylic Bling Heart Stickers, Craft Supplies for Kids</p><p> -29% 0FF </p><p>$8.97</p><a href="https://www.amazon.com/dp/B0BS4BVG3M?tag=eloabder-20&linkCode=osi&th=1&psc=1">View Product</a></div>
<div class="product"><a href="https://www.amazon.com/dp/B001A42CTW?tag=eloabder-20&linkCode=osi&th=1&psc=1"><img src="https://m.media-amazon.com/images/I/31TZjc3LZUL._SL500_.jpg" alt="Product Image"></a><p>Fiskars SoftGrip Detail Craft Knife - 8" Exacto Knife for Crafting - Multi-Use Exacto Blade Included with Protective Cover</p><p> -25% 0FF </p><p>$5.97</p><a href="https://www.amazon.com/dp/B001A42CTW?tag=eloabder-20&linkCode=osi&th=1&psc=1">View Product</a></div><div class="product"><a href="https://www.amazon.com/dp/B07G9PKH9H?tag=eloabder-20&linkCode=osi&th=1&psc=1"><img src="https://m.media-amazon.com/images/I/31f5z1IyHaL._SL500_.jpg" alt="Product Image"></a><p>Cricut TrueControl Knife Kit - For Use As a Precision Knife, Craft knife, Carving Knife and Hobby Knife - For Art, Scrapbooking, Stencils, and DIY Projects - Comes With 5 Spare Blades - [Blue]</p><p> -50% 0FF </p><p>$9.49 ($9.49 / Count)</p><a href="https://www.amazon.com/dp/B07G9PKH9H?tag=eloabder-20&linkCode=osi&th=1&psc=1">View Product</a></div>
<div class="product"><a href="https://www.amazon.com/dp/B07M6CDS77?tag=eloabder-20&linkCode=osi&th=1&psc=1"><img src="https://m.media-amazon.com/images/I/51Om2onDSZL._SL500_.jpg" alt="Product Image"></a><p>COO&KOO Charm Bracelet Making Kit, A Unicorn Girls Toy That Inspires Creativity and Imagination, Crafts for Ages 8-12 with Jewelry Making & Art Kit Perfect Gifts, Self-Expression!</p><p> -43% 0FF </p><p>$16.99</p><a href="https://www.amazon.com/dp/B07M6CDS77?tag=eloabder-20&linkCode=osi&th=1&psc=1">View Product</a></div><div class="product"><a href="https://www.amazon.com/dp/B0932TB3Z6?tag=eloabder-20&linkCode=osi&th=1&psc=1"><img src="https://m.media-amazon.com/images/I/617ElT9g-7L._SL500_.jpg" alt="Product Image"></a><p>Made By Me Ultimate Bead Pets by Horizon Group USA, Bead Pets Crafts for Kids, Includes Over 1400 Beads, Cording, Keychains & Carabiner Clips, Design Templates, Storage Cases & More</p><p> -5% 0FF </p><p>$20.81</p><a href="https://www.amazon.com/dp/B0932TB3Z6?tag=eloabder-20&linkCode=osi&th=1&psc=1">View Product</a></div><div class="product"><a href="https://www.amazon.com/dp/B0BZHX7HP9?tag=eloabder-20&linkCode=osi&th=1&psc=1"><img src="https://m.media-amazon.com/images/I/61qd1GFIZiL._SL500_.jpg" alt="Product Image"></a><p>Paodey 20,000 Pcs Clay Beads Bracelet Making Kit, 120 Colors 6 Boxes Polymer Beads Spacer Heishi Beads & Jewelry Kit with Pendant Charms Elastic Strings, Crafts Gift for Kids Adults</p><p> -33% 0FF </p><p>$19.99</p><a href="https://www.amazon.com/dp/B0BZHX7HP9?tag=eloabder-20&linkCode=osi&th=1&psc=1">View Product</a></div><div class="product"><a href="https://www.amazon.com/dp/B0895MW2C9?tag=eloabder-20&linkCode=osi&th=1&psc=1"><img src="https://m.media-amazon.com/images/I/61SQh61RDwL._SL500_.jpg" alt="Product Image"></a><p>Charm Bracelet Making Kit,Jewelry Making Supplies Beads,Unicorn/Mermaid Crafts Gifts Set for Girls Teens Age 6-12</p><p> -43% 0FF </p><p>$16.96</p><a href="https://www.amazon.com/dp/B0895MW2C9?tag=eloabder-20&linkCode=osi&th=1&psc=1">View Product</a></div><div class="product"><a href="https://www.amazon.com/dp/0545703190?tag=eloabder-20&linkCode=osi&th=1&psc=1"><img src="https://m.media-amazon.com/images/I/51TP-RXeg0L._SL500_.jpg" alt="Product Image"></a><p>Klutz Mini Pom-Pom Pets 8" Length x 1.25" Width x 9" Height</p><p> -10% 0FF </p><p>$17.99</p><a href="https://www.amazon.com/dp/0545703190?tag=eloabder-20&linkCode=osi&th=1&psc=1">View Product</a></div><div class="product"><a href="https://www.amazon.com/dp/B07TBJSZFH?tag=eloabder-20&linkCode=osi&th=1&psc=1"><img src="https://m.media-amazon.com/images/I/51NVC4bdfvL._SL500_.jpg" alt="Product Image"></a><p>FUNZBO Arts and Crafts Supplies for Kids - Craft Kit with Glitter Glue Stick, Pipe Cleaners Craft & Craft Tools, DIY School Supplies Kit, Girls Toys, Gifts for Girls and Boys Age 4+</p><p> -20% 0FF </p><p>$15.98</p><a href="https://www.amazon.com/dp/B07TBJSZFH?tag=eloabder-20&linkCode=osi&th=1&psc=1">View Product</a></div>
<div class="product"><a href="https://www.amazon.com/dp/B0116VGHLW?tag=eloabder-20&linkCode=osi&th=1&psc=1"><img src="https://m.media-amazon.com/images/I/41sV-drwy7L._SL500_.jpg" alt="Product Image"></a><p>G2PLUS Kraft Paper Gift Tags with String,100PCS Blank Gift Tags,Christmas Gift Tags,Holiday Hangtags for Art&Craft,Gift Wrapping,Halloween(2'' x 4'')</p><p> -29% 0FF </p><p>$4.99 ($0.05 / Count)</p><a href="https://www.amazon.com/dp/B0116VGHLW?tag=eloabder-20&linkCode=osi&th=1&psc=1">View Product</a></div><div class="product"><a href="https://www.amazon.com/dp/B076CL8JMB?tag=eloabder-20&linkCode=osi&th=1&psc=1"><img src="https://m.media-amazon.com/images/I/41rBOccjjXL._SL500_.jpg" alt="Product Image"></a><p>SallyFashion 200pcs Kraft Paper Gift Tags with Free 200 Root Natural Jute Twine, Blank Gift Bags Tags Price Tags（Brown Water Ripple）</p><p> -9% 0FF </p><p>$4.99 ($0.02 / Count)</p><a href="https://www.amazon.com/dp/B076CL8JMB?tag=eloabder-20&linkCode=osi&th=1&psc=1">View Product</a></div>
<div class="product"><a href="https://www.amazon.com/dp/B07XDC7FP9?tag=eloabder-20&linkCode=osi&th=1&psc=1"><img src="https://m.media-amazon.com/images/I/41JKgogWT9L._SL500_.jpg" alt="Product Image"></a><p>Magnetic Dots - Self Adhesive Magnet Dots (0.8" x 0.8") - Classroom Must Have Peel & Stick Magnetic Circles - Flexible Sticky Magnets - Sheets is Alternative, Stickers, Strip, Magnetic Tape (120 Pcs)</p><p> -13% 0FF </p><p>$13.99</p><a href="https://www.amazon.com/dp/B07XDC7FP9?tag=eloabder-20&linkCode=osi&th=1&psc=1">View Product</a></div><div class="product"><a href="https://www.amazon.com/dp/B09BBHBZMG?tag=eloabder-20&linkCode=osi&th=1&psc=1"><img src="https://m.media-amazon.com/images/I/51kT5DaZIPL._SL500_.jpg" alt="Product Image"></a><p>Mr. Pen- Adhesive Magnetic Sheets, 4" x 6", 10 Pack, with Adhesive Backing, Flexible Picture Magnets, Cuttable Magnetic Sheets.</p><p> -41% 0FF </p><p>$5.85</p><a href="https://www.amazon.com/dp/B09BBHBZMG?tag=eloabder-20&linkCode=osi&th=1&psc=1">View Product</a></div><div class="product"><a href="https://www.amazon.com/dp/B09WCXS3NV?tag=eloabder-20&linkCode=osi&th=1&psc=1"><img src="https://m.media-amazon.com/images/I/51jUQGCcMPL._SL500_.jpg" alt="Product Image"></a><p>DIYMAG Magnetic Adhesive Sheets, |4" x 6"|, 10 Pack Cuttable, Flexible magnet sheets with adhesive for Crafts, Photos, Easy Peel and Stick</p><p> -10% 0FF </p><p>$5.38 ($0.54 / Count)</p><a href="https://www.amazon.com/dp/B09WCXS3NV?tag=eloabder-20&linkCode=osi&th=1&psc=1">View Product</a></div><div class="product"><a href="https://www.amazon.com/dp/B07V4STWPV?tag=eloabder-20&linkCode=osi&th=1&psc=1"><img src="https://m.media-amazon.com/images/I/51g56RBuH8L._SL500_.jpg" alt="Product Image"></a><p>Magnetic Sheets with Adhesive Backing - Each 4" x 6" - Flexible Magnetic Paper with Strong Self Adhesive - Sticky Magnet Sheets for Photo and Picture Magnets, Stickers and Other Craft Magnets</p><p> -33% 0FF </p><p>$5.99</p><a href="https://www.amazon.com/dp/B07V4STWPV?tag=eloabder-20&linkCode=osi&th=1&psc=1">View Product</a></div><div class="product"><a href="https://www.amazon.com/dp/B0D6R56J5T?tag=eloabder-20&linkCode=osi&th=1&psc=1"><img src="https://m.media-amazon.com/images/I/51tODUxLo4L._SL500_.jpg" alt="Product Image"></a><p>96pcs Craft Magnets Glass w Adhesive Backing and Transparent Clear Glass Cabochons DIY Craft Fridge Magnets for Whiteboard Refrigerator(Round, 48 Sets,1-Inch)</p><p> -17% 0FF </p><p>$9.99 ($0.10 / Count)</p><a href="https://www.amazon.com/dp/B0D6R56J5T?tag=eloabder-20&linkCode=osi&th=1&psc=1">View Product</a></div><div class="product"><a href="https://www.amazon.com/dp/B07V3SRKFW?tag=eloabder-20&linkCode=osi&th=1&psc=1"><img src="https://m.media-amazon.com/images/I/51HyHWF+PVL._SL500_.jpg" alt="Product Image"></a><p>Magnetic Sheets with Adhesive Backing - Each 4" x 6" - Flexible Magnetic Paper with Strong Self Adhesive - Sticky Magnet Sheets for Photo and Picture Magnets, Stickers and Other Craft Magnets</p><p> -38% 0FF </p><p>$4.99</p><a href="https://www.amazon.com/dp/B07V3SRKFW?tag=eloabder-20&linkCode=osi&th=1&psc=1">View Product</a></div>
<div class="product"><a href="https://www.amazon.com/dp/B0CP48JPCH?tag=eloabder-20&linkCode=osi&th=1&psc=1"><img src="https://m.media-amazon.com/images/I/51-IkKBja0L._SL500_.jpg" alt="Product Image"></a><p>ARTISTRO Acrylic Paint Pens, Acrylic Paint Markers, Fabric Markers for Textile, Canvas, Rock, Glass, Wood, Paper, DIY, Paint Markers for Kids and Adults (Dual Tip Dot + Fine, 24)</p><p> -50% 0FF </p><p>$9.99 ($0.42 / Count)</p><a href="https://www.amazon.com/dp/B0CP48JPCH?tag=eloabder-20&linkCode=osi&th=1&psc=1">View Product</a></div><div class="product"><a href="https://www.amazon.com/dp/B0891WKPN3?tag=eloabder-20&linkCode=osi&th=1&psc=1"><img src="https://m.media-amazon.com/images/I/51qPnBJt4QL._SL500_.jpg" alt="Product Image"></a><p>Caliart 34 Double Tip Brush Pens Art Markers, Aesthetic Cute Preppy Stuff School Supplies, Artist Fine & Brush Pen Coloring Markers for Kids Adult Book Cards Drawing Craft Kit Teacher Office Supplies</p><p> -33% 0FF </p><p>$9.99</p><a href="https://www.amazon.com/dp/B0891WKPN3?tag=eloabder-20&linkCode=osi&th=1&psc=1">View Product</a></div><div class="product"><a href="https://www.amazon.com/dp/B073XHP9N2?tag=eloabder-20&linkCode=osi&th=1&psc=1"><img src="https://m.media-amazon.com/images/I/519tKwqmbtL._SL500_.jpg" alt="Product Image"></a><p>Shuttle Art 51 Colors Dual Tip Alcohol Based Art Markers, 50 Colors plus 1 Blender Permanent Marker Pens Highlighters with Case Perfect for Illustration Adult Coloring Sketching and Card Making…</p><p> -28% 0FF </p><p>$25.99</p><a href="https://www.amazon.com/dp/B073XHP9N2?tag=eloabder-20&linkCode=osi&th=1&psc=1">View Product</a></div><div class="product"><a href="https://www.amazon.com/dp/B0BXPTLMRW?tag=eloabder-20&linkCode=osi&th=1&psc=1"><img src="https://m.media-amazon.com/images/I/51NWNk2VHnL._SL500_.jpg" alt="Product Image"></a><p>Peablce Art Markers Brush Pen, 32 Colored Pens Fine Point Highlighter Pen & Brush for Adult Kids Coloring Journaling Note Taking Planner</p><p> -36% 0FF </p><p>$6.39</p><a href="https://www.amazon.com/dp/B0BXPTLMRW?tag=eloabder-20&linkCode=osi&th=1&psc=1">View Product</a></div><div class="product"><a href="https://www.amazon.com/dp/B0CPMFV2ZF?tag=eloabder-20&linkCode=osi&th=1&psc=1"><img src="https://m.media-amazon.com/images/I/51rnUOzj7oL._SL500_.jpg" alt="Product Image"></a><p>Sharpie Acrylic Creative Markers, Bullet Tip, Vibrant Assorted Colors, Non-Bleeding Water-Based Ink, Pack of 12</p><p> -19% 0FF </p><p>$14.90</p><a href="https://www.amazon.com/dp/B0CPMFV2ZF?tag=eloabder-20&linkCode=osi&th=1&psc=1">View Product</a></div>
<div class="product"><a href="https://www.amazon.com/dp/B07XFJ5YKN?tag=eloabder-20&linkCode=osi&th=1&psc=1"><img src="https://m.media-amazon.com/images/I/31IiXY7q0uL._SL500_.jpg" alt="Product Image"></a><p>3 Pack Silicone mat Large Silicone Sheets for Crafts, Liquid, Resin Jewelry Casting Molds Mat, Silicone Placemat 15.7” x 11.8” (Blue & Rose Red & Green)</p><p> -33% 0FF </p><p>$7.99 ($2.66 / Count)</p><a href="https://www.amazon.com/dp/B07XFJ5YKN?tag=eloabder-20&linkCode=osi&th=1&psc=1">View Product</a></div>
<div class="product"><a href="https://www.amazon.com/dp/B0CYZC3TCM?tag=eloabder-20&linkCode=osi&th=1&psc=1"><img src="https://m.media-amazon.com/images/I/41vBPX7IX9L._SL500_.jpg" alt="Product Image"></a><p>Vanhench 36"x 2520" (210') Brown Kraft Paper Roll, Craft Paper, Wrapping Paper for Bulletin Board Paper Roll Art Craft Bouquet Flower Table Covering Poster Packing Shipping Moving Supplies 70GSM 55LB</p><p> -17% 0FF </p><p>$29.98 ($0.05 / Sq Ft)</p><a href="https://www.amazon.com/dp/B0CYZC3TCM?tag=eloabder-20&linkCode=osi&th=1&psc=1">View Product</a></div><div class="product"><a href="https://www.amazon.com/dp/B01HZMQJ8C?tag=eloabder-20&linkCode=osi&th=1&psc=1"><img src="https://m.media-amazon.com/images/I/41CQa4BxU7L._SL500_.jpg" alt="Product Image"></a><p>Colorations Art Paper, 9" x 12" Painting & Craft Paper, Finger Paints, Watercolor, Tempera, Drawing, Art Room & Homeschool Crafts 100 sheets</p><p> -6% 0FF </p><p>$14.99 ($0.15 / Count)</p><a href="https://www.amazon.com/dp/B01HZMQJ8C?tag=eloabder-20&linkCode=osi&th=1&psc=1">View Product</a></div>
<div class="product"><a href="https://www.amazon.com/dp/B08WHP8FX1?tag=eloabder-20&linkCode=osi&th=1&psc=1"><img src="https://m.media-amazon.com/images/I/51G7adQRmcL._SL500_.jpg" alt="Product Image"></a><p>Apple Barrel Acrylic Craft Paint Set, Matte Finish, Set of 8, 8 Fl Oz (Pack of 8), Assorted</p><p> -17% 0FF </p><p>$22.39 ($0.35 / Fl Oz)</p><a href="https://www.amazon.com/dp/B08WHP8FX1?tag=eloabder-20&linkCode=osi&th=1&psc=1">View Product</a></div><div class="product"><a href="https://www.amazon.com/dp/B08RYRW7SP?tag=eloabder-20&linkCode=osi&th=1&psc=1"><img src="https://m.media-amazon.com/images/I/51NgwH3pVpL._SL500_.jpg" alt="Product Image"></a><p>Shuttle Art Acrylic Paint Set, 25 Vintage Colours Acrylic Paints, 2oz/60ml Bottles, Rich Pigmented, Premium Acrylic Paints for Artists, Beginners and Kids on Rocks Crafts Canvas Wood Ceramic</p><p> -20% 0FF </p><p>$19.99 ($0.40 / Fl Oz)</p><a href="https://www.amazon.com/dp/B08RYRW7SP?tag=eloabder-20&linkCode=osi&th=1&psc=1">View Product</a></div>
<div class="product"><a href="https://www.amazon.com/dp/B08C5LKG4L?tag=eloabder-20&linkCode=osi&th=1&psc=1"><img src="https://m.media-amazon.com/images/I/510He-DL-US._SL500_.jpg" alt="Product Image"></a><p>12pcs Craft Hole Punch Shapes Set,Small Paper Puncher for Kids,Single Crafting Scrapbook Punches,Star,Butterfly,Leaf,Christmas Tree.Heart,Tag stamp Cards Mini Cutter Nail Arts crafts Punchers Supplies</p><p> -41% 0FF </p><p>$9.99</p><a href="https://www.amazon.com/dp/B08C5LKG4L?tag=eloabder-20&linkCode=osi&th=1&psc=1">View Product</a></div><div class="product"><a href="https://www.amazon.com/dp/B08VHGLBPT?tag=eloabder-20&linkCode=osi&th=1&psc=1"><img src="https://m.media-amazon.com/images/I/31UvXlbVq7L._SL500_.jpg" alt="Product Image"></a><p>QIQQIKIN Paper Corner Rounder 3 in 1 （R4mm+R7mm+R10mm）， Punches for Crafts， Cutter ，Envelope Punch Board ，Hole Puncher， Laminate, DIY Projects, Photo Cutter,Card Making Scrapbooking and Journaling</p><p> -54% 0FF </p><p>$5.99</p><a href="https://www.amazon.com/dp/B08VHGLBPT?tag=eloabder-20&linkCode=osi&th=1&psc=1">View Product</a></div>
<div class="product"><a href="https://www.amazon.com/dp/B08722TFPH?tag=eloabder-20&linkCode=osi&th=1&psc=1"><img src="https://m.media-amazon.com/images/I/51DqPIU5lcL._SL500_.jpg" alt="Product Image"></a><p>LIUYAXI 20 Colors 100 Yard Satin Ribbon Fabric Ribbon Silk Ribbon Assorted Colors Rolls, 2/5" Wide 5 Yard/Roll, Ribbons Perfect for Gift Wrapping,Crafts, Hair Bows, Wedding Party Decoration and More</p><p> -20% 0FF </p><p>$6.39 ($0.02 / Foot)</p><a href="https://www.amazon.com/dp/B08722TFPH?tag=eloabder-20&linkCode=osi&th=1&psc=1">View Product</a></div><div class="product"><a href="https://www.amazon.com/dp/B09VD664SF?tag=eloabder-20&linkCode=osi&th=1&psc=1"><img src="https://m.media-amazon.com/images/I/416ujI6fREL._SL500_.jpg" alt="Product Image"></a><p>YASEO 1 Inch Champaign Gold Solid Satin Ribbon, 50 Yards Craft Fabric Ribbon for Gift Wrapping Floral Bouquets Wedding Party Decoration</p><p> -15% 0FF </p><p>$6.79 ($0.05 / Foot)</p><a href="https://www.amazon.com/dp/B09VD664SF?tag=eloabder-20&linkCode=osi&th=1&psc=1">View Product</a></div><div class="product"><a href="https://www.amazon.com/dp/B0999BWTRD?tag=eloabder-20&linkCode=osi&th=1&psc=1"><img src="https://m.media-amazon.com/images/I/31y0rlK1bIL._SL500_.jpg" alt="Product Image"></a><p>Vitalizart Handmade Chiffon Silk Ribbon Fringe Green & Cream 1.5" x 21 Yd Frayed Edges Ribbons for Wedding Invitations Bridal Bouquets Gifts Wrapping Crafts Holiday Party Decorations</p><p> -21% 0FF </p><p>$14.99 ($0.24 / Foot)</p><a href="https://www.amazon.com/dp/B0999BWTRD?tag=eloabder-20&linkCode=osi&th=1&psc=1">View Product</a></div><div class="product"><a href="https://www.amazon.com/dp/B0CS59KQ52?tag=eloabder-20&linkCode=osi&th=1&psc=1"><img src="https://m.media-amazon.com/images/I/41JGsqqFc0L._SL500_.jpg" alt="Product Image"></a><p>Ribbli Pink Satin Ribbon 3/8 Inch x 4 Rolls Total 40 Yards- White/Light Pink/Pink/Hot Pink Ribbon for Gift Wrapping Craft Wedding Decoration</p><p> -29% 0FF </p><p>$9.99 ($0.08 / Foot)</p><a href="https://www.amazon.com/dp/B0CS59KQ52?tag=eloabder-20&linkCode=osi&th=1&psc=1">View Product</a></div>
<div class="product"><a href="https://www.amazon.com/dp/B07FDV6NN3?tag=eloabder-20&linkCode=osi&th=1&psc=1"><img src="https://m.media-amazon.com/images/I/41cwit3vbXL._SL500_.jpg" alt="Product Image"></a><p>Juvale Wooden Rings for Crafts, Macrame, Crochet, Jewelry Making, Natural Unfinished 3 Inch Wood Rings (75mm, 30 Pack)</p><p> -13% 0FF </p><p>$16.49</p><a href="https://www.amazon.com/dp/B07FDV6NN3?tag=eloabder-20&linkCode=osi&th=1&psc=1">View Product</a></div><div class="product"><a href="https://www.amazon.com/dp/B0CLXW96T8?tag=eloabder-20&linkCode=osi&th=1&psc=1"><img src="https://m.media-amazon.com/images/I/41U4yOgr+XL._SL500_.jpg" alt="Product Image"></a><p>50 PCS 50mm Unfinished Wooden Rings for Craft, Nature Solid Wood Rings for DIY Crafts Without Paint, Macrame Wooden Rings for Ring Pendant and Connectors Jewelry Making</p><p> -50% 0FF </p><p>$4.49</p><a href="https://www.amazon.com/dp/B0CLXW96T8?tag=eloabder-20&linkCode=osi&th=1&psc=1">View Product</a></div><div class="product"><a href="https://www.amazon.com/dp/B09BLCGGQH?tag=eloabder-20&linkCode=osi&th=1&psc=1"><img src="https://m.media-amazon.com/images/I/41khWby2u3L._SL500_.jpg" alt="Product Image"></a><p>Mr. Pen- Wooden Rings, 2.7", 10 Pack, Wooden Rings for Crafts, Wood Rings, Macrame Rings, Wood Rings for Crafts, Wooden Ring, Wooden Rings for Macrame, Craft Rings, Wood Ring, Wood Teething Ring</p><p> -30% 0FF </p><p>$6.95</p><a href="https://www.amazon.com/dp/B09BLCGGQH?tag=eloabder-20&linkCode=osi&th=1&psc=1">View Product</a></div>
<div class="product"><a href="https://www.amazon.com/dp/B072RV8SC7?tag=eloabder-20&linkCode=osi&th=1&psc=1"><img src="https://m.media-amazon.com/images/I/31dSkcEq21L._SL500_.jpg" alt="Product Image"></a><p>Westcott 5" Micro-Tip Craft Scissors with Titanium-Bonded Blades for Crafting, Sewing & More</p><p> -53% 0FF </p><p>$7.50</p><a href="https://www.amazon.com/dp/B072RV8SC7?tag=eloabder-20&linkCode=osi&th=1&psc=1">View Product</a></div><div class="product"><a href="https://www.amazon.com/dp/B07H4N8DL9?tag=eloabder-20&linkCode=osi&th=1&psc=1"><img src="https://m.media-amazon.com/images/I/41qf77NvDqL._SL500_.jpg" alt="Product Image"></a><p>Scissors Bulk Set of 5-Pack, Niutop 8" Multipurpose Sharp Sewing Craft Fabric Scissors for Office Home High/Middle School Student Office Teacher Art Supplies, Soft Comfort-Grip Right/Left Handles</p><p> -31% 0FF </p><p>$6.89 ($1.38 / Count)</p><a href="https://www.amazon.com/dp/B07H4N8DL9?tag=eloabder-20&linkCode=osi&th=1&psc=1">View Product</a></div><div class="product"><a href="https://www.amazon.com/dp/B0CFJNX6DR?tag=eloabder-20&linkCode=osi&th=1&psc=1"><img src="https://m.media-amazon.com/images/I/41MtlRnWlwL._SL500_.jpg" alt="Product Image"></a><p>Mr. Pen- Craft Scissors Decorative Edge, 6 Pack, Craft Scissors, Zig Zag Scissors, Decorative Scissors, Scrapbooking Scissors, Fancy Scissors, Scissors for Crafting, Pattern Scissors, Design Scissors</p><p> -21% 0FF </p><p>$7.85</p><a href="https://www.amazon.com/dp/B0CFJNX6DR?tag=eloabder-20&linkCode=osi&th=1&psc=1">View Product</a></div><div class="product"><a href="https://www.amazon.com/dp/B079L16LN6?tag=eloabder-20&linkCode=osi&th=1&psc=1"><img src="https://m.media-amazon.com/images/I/31XwkWsWIrS._SL500_.jpg" alt="Product Image"></a><p>LIVINGO Premium Tailor Scissors Heavy Duty Multi-Purpose Titanium Coating Forged Stainless Steel Sewing Fabric Leather Dressmaking Comfort Grip Shears Professional Crafting (9.5 INCH)</p><p> -30% 0FF </p><p>$13.99</p><a href="https://www.amazon.com/dp/B079L16LN6?tag=eloabder-20&linkCode=osi&th=1&psc=1">View Product</a></div><div class="product"><a href="https://www.amazon.com/dp/B001KYQP22?tag=eloabder-20&linkCode=osi&th=1&psc=1"><img src="https://m.media-amazon.com/images/I/31Cg9f0+hkL._SL500_.jpg" alt="Product Image"></a><p>Scotch 6" Precision Scissors, Great for Everyday Use (1446)</p><p> -21% 0FF </p><p>$4.94</p><a href="https://www.amazon.com/dp/B001KYQP22?tag=eloabder-20&linkCode=osi&th=1&psc=1">View Product</a></div><div class="product"><a href="https://www.amazon.com/dp/B07H4LTQ1D?tag=eloabder-20&linkCode=osi&th=1&psc=1"><img src="https://m.media-amazon.com/images/I/41Nhiysl2XL._SL500_.jpg" alt="Product Image"></a><p>LIVINGO 2 Pack 8" Titanium Non-Stick Scissors, Professional Stainless Steel Comfort Grip, All-Purpose, Straight Office Craft Scissors for DIY(Red/Black)</p><p> -50% 0FF </p><p>$9.99</p><a href="https://www.amazon.com/dp/B07H4LTQ1D?tag=eloabder-20&linkCode=osi&th=1&psc=1">View Product</a></div>
<div class="product"><a href="https://www.amazon.com/dp/B072JW6NQT?tag=eloabder-20&linkCode=osi&th=1&psc=1"><img src="https://m.media-amazon.com/images/I/61uY6781clL._SL500_.jpg" alt="Product Image"></a><p>260 Pieces Colorful Glitter Foam Stickers Self Adhesive Stars Mini Heart Shapes Glitter Stickers, Kid's Arts Craft Supplies Greeting Cards Home Decoration Stars&Heart Shapes</p><p> -33% 0FF </p><p>$6.74 ($0.03 / Count)</p><a href="https://www.amazon.com/dp/B072JW6NQT?tag=eloabder-20&linkCode=osi&th=1&psc=1">View Product</a></div><div class="product"><a href="https://www.amazon.com/dp/B00290N4NY?tag=eloabder-20&linkCode=osi&th=1&psc=1"><img src="https://m.media-amazon.com/images/I/41hejL-+6qL._SL500_.jpg" alt="Product Image"></a><p>Creative Arts by Charles Leonard Foam Shapes, Assorted Colors, 264 Pieces/Bag (70526)</p><p> -7% 0FF </p><p>$7.10</p><a href="https://www.amazon.com/dp/B00290N4NY?tag=eloabder-20&linkCode=osi&th=1&psc=1">View Product</a></div><div class="product"><a href="https://www.amazon.com/dp/B09KG4RZ6J?tag=eloabder-20&linkCode=osi&th=1&psc=1"><img src="https://m.media-amazon.com/images/I/415lhoEhZ4L._SL500_.jpg" alt="Product Image"></a><p>100PCS Unfinished Blank Wood Pieces, 4 x 4 Inch Natural Wooden Slices Star & Heart Shape Cutouts for DIY Crafts Pyrograph Painting Staining Burning Engraving Carving Coasters</p><p> -50% 0FF </p><p>$9.49</p><a href="https://www.amazon.com/dp/B09KG4RZ6J?tag=eloabder-20&linkCode=osi&th=1&psc=1">View Product</a></div><div class="product"><a href="https://www.amazon.com/dp/B000F8V6BY?tag=eloabder-20&linkCode=osi&th=1&psc=1"><img src="https://m.media-amazon.com/images/I/41pWKfVnCpL._SL500_.jpg" alt="Product Image"></a><p>Creativity Street Natural Wood Shapes - 1000 Piece Assortment</p><p> -48% 0FF </p><p>$19.99</p><a href="https://www.amazon.com/dp/B000F8V6BY?tag=eloabder-20&linkCode=osi&th=1&psc=1">View Product</a></div>
<div class="product"><a href="https://www.amazon.com/dp/B0C8T7G5PX?tag=eloabder-20&linkCode=osi&th=1&psc=1"><img src="https://m.media-amazon.com/images/I/61Uk3mYLt1L._SL500_.jpg" alt="Product Image"></a><p>120Pcs Vintage Stickers, Waterproof Scrapbook Aesthetic Sticker, Daily Planner, Water Bottles, Handbook Junk Diary Stickers Teens Adults, Scrapbooking Supplies for DIY Paper Crafts</p><p> -44% 0FF </p><p>$4.49 ($0.04 / Count)</p><a href="https://www.amazon.com/dp/B0C8T7G5PX?tag=eloabder-20&linkCode=osi&th=1&psc=1">View Product</a></div><div class="product"><a href="https://www.amazon.com/dp/B09C8HTDWP?tag=eloabder-20&linkCode=osi&th=1&psc=1"><img src="https://m.media-amazon.com/images/I/61CXW4fAMYL._SL500_.jpg" alt="Product Image"></a><p>Knaid Vintage Scrapbook Supplies Pack (200 Pieces) for Junk Journal Bullet Journals Planners Botanical Paper Stickers Craft Kits Aesthetic Cottagecore Collage Album (Nature)</p><p> -38% 0FF </p><p>$7.99 ($0.04 / Count)</p><a href="https://www.amazon.com/dp/B09C8HTDWP?tag=eloabder-20&linkCode=osi&th=1&psc=1">View Product</a></div><div class="product"><a href="https://www.amazon.com/dp/B07C3C55WD?tag=eloabder-20&linkCode=osi&th=1&psc=1"><img src="https://m.media-amazon.com/images/I/415xE6CNe-L._SL500_.jpg" alt="Product Image"></a><p>Lependor Black White Eye Stickers Labels -2000 Pcs Per Roll</p><p> -14% 0FF </p><p>$5.98</p><a href="https://www.amazon.com/dp/B07C3C55WD?tag=eloabder-20&linkCode=osi&th=1&psc=1">View Product</a></div>
<div class="product"><a href="https://www.amazon.com/dp/B07C8YSWDR?tag=eloabder-20&linkCode=osi&th=1&psc=1"><img src="https://m.media-amazon.com/images/I/21NSnmeygVL._SL500_.jpg" alt="Product Image"></a><p>novelinks Transparent 4" x 6" Photo Cases and Clear Craft Keeper with Handle - 16 Inner Cases Plastic Storage Container Box (Clear)</p><p> -31% 0FF </p><p>$24.99</p><a href="https://www.amazon.com/dp/B07C8YSWDR?tag=eloabder-20&linkCode=osi&th=1&psc=1">View Product</a></div><div class="product"><a href="https://www.amazon.com/dp/B00FZVPWO8?tag=eloabder-20&linkCode=osi&th=1&psc=1"><img src="https://m.media-amazon.com/images/I/41RO8A3v88L._SL500_.jpg" alt="Product Image"></a><p>IRIS USA Plastic Pencil Case Box Craft Hobby Art School Supply Storage Organizer Container with Latching Lid, 10-Pack, for Bead Pens Ribbons Wahi Tape Sticker Yarn Ornaments, Stackable, Clear, Small</p><p> -9% 0FF </p><p>$14.63 ($1.46 / Count)</p><a href="https://www.amazon.com/dp/B00FZVPWO8?tag=eloabder-20&linkCode=osi&th=1&psc=1">View Product</a></div><div class="product"><a href="https://www.amazon.com/dp/B0C8RXPQH5?tag=eloabder-20&linkCode=osi&th=1&psc=1"><img src="https://m.media-amazon.com/images/I/417+DSY9kaL._SL500_.jpg" alt="Product Image"></a><p>IRIS USA Plastic Storage Bins with Removable Tray for Organizing 9.4 Qt. Craft Organizers and Storage with Handle, Art Supply Storage Organizer, Arts and Crafts Organizer, Clear/Violet</p><p> -10% 0FF </p><p>$17.99</p><a href="https://www.amazon.com/dp/B0C8RXPQH5?tag=eloabder-20&linkCode=osi&th=1&psc=1">View Product</a></div><div class="product"><a href="https://www.amazon.com/dp/B07PW3Z5K6?tag=eloabder-20&linkCode=osi&th=1&psc=1"><img src="https://m.media-amazon.com/images/I/41-0CvaNdfL._SL500_.jpg" alt="Product Image"></a><p>OUTUXED 2pack 36 Grids Clear Plastic Organizer Box Container Craft Storage with Adjustable Dividers for Beads Organizer Art DIY Crafts Jewelry Fishing Tackles with 5 Sheets Label Stickers</p><p> -22% 0FF </p><p>$13.99 ($7.00 / Count)</p><a href="https://www.amazon.com/dp/B07PW3Z5K6?tag=eloabder-20&linkCode=osi&th=1&psc=1">View Product</a></div>
<div class="product"><a href="https://www.amazon.com/dp/B0C77HVR5G?tag=eloabder-20&linkCode=osi&th=1&psc=1"><img src="https://m.media-amazon.com/images/I/61ObPp2RlRL._SL500_.jpg" alt="Product Image"></a><p>Selizo 12 Rolls Nylon String for Bracelets, Chinese Knotting Nylon Cord for Jewelry Making, Nylon Beading Thread for Kumihimo, Braided Bracelets, Necklaces, Macrame Craft, Wind Chime</p><p> -7% 0FF </p><p>$12.99 ($0.02 / Foot)</p><a href="https://www.amazon.com/dp/B0C77HVR5G?tag=eloabder-20&linkCode=osi&th=1&psc=1">View Product</a></div><div class="product"><a href="https://www.amazon.com/dp/B0CJT9N6NY?tag=eloabder-20&linkCode=osi&th=1&psc=1"><img src="https://m.media-amazon.com/images/I/51FnHCLGgzL._SL500_.jpg" alt="Product Image"></a><p>50 Skeins Embroidery Floss Rainbow Color Per Pack Cross Stitch Threads Friendship Bracelets Floss Crafts Floss (50)</p><p> -50% 0FF </p><p>$4.99</p><a href="https://www.amazon.com/dp/B0CJT9N6NY?tag=eloabder-20&linkCode=osi&th=1&psc=1">View Product</a></div>
<div class="product"><a href="https://www.amazon.com/dp/B089T7PX27?tag=eloabder-20&linkCode=osi&th=1&psc=1"><img src="https://m.media-amazon.com/images/I/41aDJyks7kL._SL500_.jpg" alt="Product Image"></a><p>Crayola Air Dry Clay (5lbs), Natural White Modeling Clay for Kids, Sculpting Material, Bulk Craft Supplies for School Classrooms [Amazon Exclusive]</p><p> -18% 0FF </p><p>$10.62</p><a href="https://www.amazon.com/dp/B089T7PX27?tag=eloabder-20&linkCode=osi&th=1&psc=1">View Product</a></div><div class="product"><a href="https://www.amazon.com/dp/B09HBVBSMS?tag=eloabder-20&linkCode=osi&th=1&psc=1"><img src="https://m.media-amazon.com/images/I/51jD0QyqmfL._SL500_.jpg" alt="Product Image"></a><p>445 PCS Vintage Scrapbook Paper Journaling Scrapbooking Supplies Kit Aesthetic Decorative Craft Paper include 40 Sheet Flowers Stickers for Planner, Bullet Journaling, Junk Journal, Retro Crafts</p><p> -16% 0FF </p><p>$10.07 ($10.07 / Count)</p><a href="https://www.amazon.com/dp/B09HBVBSMS?tag=eloabder-20&linkCode=osi&th=1&psc=1">View Product</a></div><div class="product"><a href="https://www.amazon.com/dp/B092CMPBPW?tag=eloabder-20&linkCode=osi&th=1&psc=1"><img src="https://m.media-amazon.com/images/I/41bjib63eGL._SL500_.jpg" alt="Product Image"></a><p>KTOJOY 100Pcs Jumbo Wooden Craft Sticks Popsicle Stick 6” Long x 3/4”Wide Treat Ice Pop for DIY Crafts，Home Art Projects, Classroom Supplies</p><p> -29% 0FF </p><p>$4.99</p><a href="https://www.amazon.com/dp/B092CMPBPW?tag=eloabder-20&linkCode=osi&th=1&psc=1">View Product</a></div><div class="product"><a href="https://www.amazon.com/dp/B01LWIYJH3?tag=eloabder-20&linkCode=osi&th=1&psc=1"><img src="https://m.media-amazon.com/images/I/51YUb9W2RZL._SL500_.jpg" alt="Product Image"></a><p>DECORA 500 Pieces 6mm -12mm Black Wiggle Googly Eyes with Self-Adhesive Backs for DIY Crafts Doll Making Sewing Supplies</p><p> -50% 0FF </p><p>$4.99</p><a href="https://www.amazon.com/dp/B01LWIYJH3?tag=eloabder-20&linkCode=osi&th=1&psc=1">View Product</a></div>
<div class="product"><a href="https://www.amazon.com/dp/B0BM4YBN63?tag=eloabder-20&linkCode=osi&th=1&psc=1"><img src="https://m.media-amazon.com/images/I/418RLJhy9mL._SL500_.jpg" alt="Product Image"></a><p>Best Choice Products Large Folding Sewing Table, Multipurpose Portable Craft Station & Side Desk w/Compact Design, Caster Wheels, Storage Shelves, 2 Storage Trays, Magnetic Doors - White</p><p> -24% 0FF </p><p>$144.98</p><a href="https://www.amazon.com/dp/B0BM4YBN63?tag=eloabder-20&linkCode=osi&th=1&psc=1">View Product</a></div><div class="product"><a href="https://www.amazon.com/dp/B0B96X3JT2?tag=eloabder-20&linkCode=osi&th=1&psc=1"><img src="https://m.media-amazon.com/images/I/31BtnYvgAuL._SL500_.jpg" alt="Product Image"></a><p>MELLCOM Height Adjustable Craft Table with Storage Shelves, Mobile Folding Cutting Table for Large Fabric, Foldable Table for Home Office Sewing Room Craft Room</p><p> -13% 0FF </p><p>$147.14</p><a href="https://www.amazon.com/dp/B0B96X3JT2?tag=eloabder-20&linkCode=osi&th=1&psc=1">View Product</a></div><div class="product"><a href="https://www.amazon.com/dp/B08GHGQP6T?tag=eloabder-20&linkCode=osi&th=1&psc=1"><img src="https://m.media-amazon.com/images/I/41vrF5yi4VL._SL500_.jpg" alt="Product Image"></a><p>Best Choice Products Folding Sewing Table Multipurpose Craft Station & Side Desk with Compact Design, Wheels, Shelves, Storage Trays, Pegs, Magnetic Doors, Metal Doorknobs - White</p><p> -8% 0FF </p><p>$109.99</p><a href="https://www.amazon.com/dp/B08GHGQP6T?tag=eloabder-20&linkCode=osi&th=1&psc=1">View Product</a></div><div class="product"><a href="https://www.amazon.com/dp/B0B6CNQQ5R?tag=eloabder-20&linkCode=osi&th=1&psc=1"><img src="https://m.media-amazon.com/images/I/41OGnJvFoBL._SL500_.jpg" alt="Product Image"></a><p>Giantex Craft Table with Storage, Artwork Sewing Table with 10 Large & Small Storage Compartments, 2 Sliding Drawer and 2 Shelves, 53inch Craft Drafting Writing Sewing Station Desk, White</p><p> -17% 0FF </p><p>$199.99</p><a href="https://www.amazon.com/dp/B0B6CNQQ5R?tag=eloabder-20&linkCode=osi&th=1&psc=1">View Product</a></div>
<div class="product"><a href="https://www.amazon.com/dp/B091FD53S7?tag=eloabder-20&linkCode=osi&th=1&psc=1"><img src="https://m.media-amazon.com/images/I/31tC6uNvagL._SL500_.jpg" alt="Product Image"></a><p>Craftzilla Colored Masking Tape - 11 Roll Multi-Pack, 825 Ft x 1 in Colorful Craft Tape – Vibrant Rainbow Colored Painters Tape – Great for Arts & Crafts, Labeling and Color-Coding</p><p> -23% 0FF </p><p>$21.44 ($1.95 / Count)</p><a href="https://www.amazon.com/dp/B091FD53S7?tag=eloabder-20&linkCode=osi&th=1&psc=1">View Product</a></div><div class="product"><a href="https://www.amazon.com/dp/B08L5PB8N6?tag=eloabder-20&linkCode=osi&th=1&psc=1"><img src="https://m.media-amazon.com/images/I/51GHDoUpNYL._SL500_.jpg" alt="Product Image"></a><p>Mr. Pen- Washi Tape Set, 21 Rolls, Decorative Cute Floral Washi Tape for Bible Journaling, Bullet Journal Supplies</p><p> -36% 0FF </p><p>$6.99</p><a href="https://www.amazon.com/dp/B08L5PB8N6?tag=eloabder-20&linkCode=osi&th=1&psc=1">View Product</a></div><div class="product"><a href="https://www.amazon.com/dp/B07G5TRF4R?tag=eloabder-20&linkCode=osi&th=1&psc=1"><img src="https://m.media-amazon.com/images/I/411vF809PnL._SL500_.jpg" alt="Product Image"></a><p>JONYEE Colored Masking Tape, Colored Painters Tape for Arts & Crafts, Labeling or Coding - Art Supplies for Kids - 6 Different Color Rolls - Masking Tape 1 Inch x 13 Yards (2.4cm X 12m)</p><p> -42% 0FF </p><p>$7.59 ($0.03 / Foot)</p><a href="https://www.amazon.com/dp/B07G5TRF4R?tag=eloabder-20&linkCode=osi&th=1&psc=1">View Product</a></div>
<div class="product"><a href="https://www.amazon.com/dp/B09XR1XBWG?tag=eloabder-20&linkCode=osi&th=1&psc=1"><img src="https://m.media-amazon.com/images/I/31h+RS-Nv6L._SL500_.jpg" alt="Product Image"></a><p>10PCS 7mil Blank Mylar Stencil Sheets,12X12 inch Milky Translucent PET Blank Stencils Sheets,Template Material for Cutting Machines, Laser Cutting, Food-Safe Craft Plastic</p><p> -11% 0FF </p><p>$7.99</p><a href="https://www.amazon.com/dp/B09XR1XBWG?tag=eloabder-20&linkCode=osi&th=1&psc=1">View Product</a></div><div class="product"><a href="https://www.amazon.com/dp/B08VF9WZ5V?tag=eloabder-20&linkCode=osi&th=1&psc=1"><img src="https://m.media-amazon.com/images/I/514BzvTuTAL._SL500_.jpg" alt="Product Image"></a><p>Boutique Calligraphy Stencil Template Kit - 45 Reusable Pieces Includes Lettering Upper and Lowercase both Large Small, Numbers, Punctuation, Laurels Flowers For Arts Crafts Painting Wood</p><p> -23% 0FF </p><p>$22.99</p><a href="https://www.amazon.com/dp/B08VF9WZ5V?tag=eloabder-20&linkCode=osi&th=1&psc=1">View Product</a></div><div class="product"><a href="https://www.amazon.com/dp/B0BYCQ7L8Y?tag=eloabder-20&linkCode=osi&th=1&psc=1"><img src="https://m.media-amazon.com/images/I/41ZW6Pj+rUL._SL500_.jpg" alt="Product Image"></a><p>Tamaki Circle Template Circle Round Stencil Templates for Drafting for Office and School Building Formwork Drawings Templates, Large and Small Size, 3 Pack</p><p> -22% 0FF </p><p>$6.99</p><a href="https://www.amazon.com/dp/B0BYCQ7L8Y?tag=eloabder-20&linkCode=osi&th=1&psc=1">View Product</a></div>
<div class="product"><a href="https://www.amazon.com/dp/B001AH5EXK?tag=eloabder-20&linkCode=osi&th=1&psc=1"><img src="https://m.media-amazon.com/images/I/417030sMkFL._SL500_.jpg" alt="Product Image"></a><p>Surebonder Cordless Hot Glue Gun, High Temperature, Full Size, 60W, 50% More Power - Sturdily Bonds Metal, Wood, Ceramics, Leather & Other Strong Materials (Specialty Series CL-800F)</p><p> -46% 0FF </p><p>$12.40</p><a href="https://www.amazon.com/dp/B001AH5EXK?tag=eloabder-20&linkCode=osi&th=1&psc=1">View Product</a></div><div class="product"><a href="https://www.amazon.com/dp/B08H528HCX?tag=eloabder-20&linkCode=osi&th=1&psc=1"><img src="https://m.media-amazon.com/images/I/51DP2NKuq1L._SL500_.jpg" alt="Product Image"></a><p>Jewelry Pliers, Acejoz 6pcs Jewelry Making Tools Kit Includs Needle Round Nose Pliers, Wire Cutters, Crimping Pliers, Bent Nose Pliers, End Nippers for Beading Craft</p><p> -6% 0FF </p><p>$16.99</p><a href="https://www.amazon.com/dp/B08H528HCX?tag=eloabder-20&linkCode=osi&th=1&psc=1">View Product</a></div>

<div class="product"><a href="https://www.amazon.com/dp/B0BLV5S1HV?tag=eloabder-20&linkCode=osi&th=1&psc=1"><img src="https://m.media-amazon.com/images/I/51fXn6Tp3wL._SL500_.jpg" alt="Product Image"></a><p>30 Pack Basswood Sheets 12"x12"x1/8", 3mm Basswood for Laser Cutting, Thin Plywood Board Unfinished Wood for Crafts, DIY Architectural Models Making, Wood Engraving, Wood Burning Product.</p><p> -18% 0FF </p><p>$32.89</p><a href="https://www.amazon.com/dp/B0BLV5S1HV?tag=eloabder-20&linkCode=osi&th=1&psc=1">View Product</a></div><div class="product"><a href="https://www.amazon.com/dp/B083TT4XVN?tag=eloabder-20&linkCode=osi&th=1&psc=1"><img src="https://m.media-amazon.com/images/I/41QMxzlQglL._SL500_.jpg" alt="Product Image"></a><p>6" Jumbo Wood Craft Sticks - Pack of 1,000</p><p> -8% 0FF </p><p>$15.61 ($0.02 / Count)</p><a href="https://www.amazon.com/dp/B083TT4XVN?tag=eloabder-20&linkCode=osi&th=1&psc=1">View Product</a></div>
<div class="product"><a href="https://www.amazon.com/dp/B08QZ69GJM?tag=eloabder-20&linkCode=osi&th=1&psc=1"><img src="https://m.media-amazon.com/images/I/51zjX4hictL._SL500_.jpg" alt="Product Image"></a><p>Polymer Clay 50 Colors, Modeling Clay for Kids DIY Starter Kits, Oven Baked Model Clay, Non-Sticky Molding Clay with Sculpting Tools, Gift for Children and Artists (50 Colors A)</p><p> -27% 0FF </p><p>$21.99</p><a href="https://www.amazon.com/dp/B08QZ69GJM?tag=eloabder-20&linkCode=osi&th=1&psc=1">View Product</a></div><div class="product"><a href="https://www.amazon.com/dp/B093P5QK9B?tag=eloabder-20&linkCode=osi&th=1&psc=1"><img src="https://m.media-amazon.com/images/I/51N0pYvtv-L._SL500_.jpg" alt="Product Image"></a><p>FlyFlag Air Dry Clay Kit - 36 Colors, Soft & Ultra Light, Modeling Clay for Kids with Accessories, Tools and Tutorials</p><p> -29% 0FF </p><p>$16.98</p><a href="https://www.amazon.com/dp/B093P5QK9B?tag=eloabder-20&linkCode=osi&th=1&psc=1">View Product</a></div><div class="product"><a href="https://www.amazon.com/dp/B0CRD3HNHT?tag=eloabder-20&linkCode=osi&th=1&psc=1"><img src="https://m.media-amazon.com/images/I/51THopNyk-L._SL500_.jpg" alt="Product Image"></a><p>CiaraQ Polymer Clay 51 Colors, Modeling Clay for Kids, Oven Bake Clay with Sculpting Tools, Non Toxic, Ideal for Sculpture, Crafting, DIY Projects. (Assorted Colors, 0.7oz/Colors)</p><p> -44% 0FF </p><p>$16.79</p><a href="https://www.amazon.com/dp/B0CRD3HNHT?tag=eloabder-20&linkCode=osi&th=1&psc=1">View Product</a></div>
<div class="product"><a href="https://www.amazon.com/dp/B07ZGFK411?tag=eloabder-20&linkCode=osi&th=1&psc=1"><img src="https://m.media-amazon.com/images/I/41e3h9sXdtL._SL500_.jpg" alt="Product Image"></a><p>Shynek Jewelry Pliers, 3pcs, Tools with Needle/Chain Nose Pliers, Round Nose Pliers and Wire Cutter for Jewelry Repair, Wire Wrapping, Crafts, Jewelry Making Supplies</p><p> -11% 0FF </p><p>$7.99</p><a href="https://www.amazon.com/dp/B07ZGFK411?tag=eloabder-20&linkCode=osi&th=1&psc=1">View Product</a></div><div class="product"><a href="https://www.amazon.com/dp/B0B8QBVXXR?tag=eloabder-20&linkCode=osi&th=1&psc=1"><img src="https://m.media-amazon.com/images/I/31SXtqvQA8L._SL500_.jpg" alt="Product Image"></a><p>WORKPRO Jewelry Pliers Set, 3 Pack Jewelry Making Tool Kit Includes Mini Needle Nose Pliers/Chain Nose Pliers, Round Nose Pliers and Wire Cutter for Jewelry Repair, DIY Crafts, Jewelry Making Supplies</p><p> -31% 0FF </p><p>$8.99</p><a href="https://www.amazon.com/dp/B0B8QBVXXR?tag=eloabder-20&linkCode=osi&th=1&psc=1">View Product</a></div><div class="product"><a href="https://www.amazon.com/dp/B0CYPCD5KS?tag=eloabder-20&linkCode=osi&th=1&psc=1"><img src="https://m.media-amazon.com/images/I/41ojIhg30DL._SL500_.jpg" alt="Product Image"></a><p>4 Pack Jewelry Making Pliers Tools Set, Jewelry Pliers with Needle Nose Pliers, Round Nose Pliers, Bent Nose Pliers, Wire Jewelry Pliers for Jewelry Craft Making Repair Supplies</p><p> -11% 0FF </p><p>$7.88</p><a href="https://www.amazon.com/dp/B0CYPCD5KS?tag=eloabder-20&linkCode=osi&th=1&psc=1">View Product</a></div>
<div class="product"><a href="https://www.amazon.com/dp/B08NY4HWVH?tag=eloabder-20&linkCode=osi&th=1&psc=1"><img src="https://m.media-amazon.com/images/I/41qHSFWo+AL._SL500_.jpg" alt="Product Image"></a><p>Fansunta 100pcs 15.7x0.35 Inch Strong Natural Bamboo Sticks, Wooden Craft Sticks, Extra Long Sticks, Wood Strips for Craft Projects</p><p> -13% 0FF </p><p>$11.99</p><a href="https://www.amazon.com/dp/B08NY4HWVH?tag=eloabder-20&linkCode=osi&th=1&psc=1">View Product</a></div><div class="product"><a href="https://www.amazon.com/dp/B00W68CVEW?tag=eloabder-20&linkCode=osi&th=1&psc=1"><img src="https://m.media-amazon.com/images/I/41EtWBlJWXL._SL500_.jpg" alt="Product Image"></a><p>KOLE IMPORTS Skinny Natural Wood Craft Sticks</p><p> -12% 0FF </p><p>$4.38</p><a href="https://www.amazon.com/dp/B00W68CVEW?tag=eloabder-20&linkCode=osi&th=1&psc=1">View Product</a></div><div class="product"><a href="https://www.amazon.com/dp/B08XQQ69WD?tag=eloabder-20&linkCode=osi&th=1&psc=1"><img src="https://m.media-amazon.com/images/I/51yd67LjFaS._SL500_.jpg" alt="Product Image"></a><p>HOPELF 25PCS Dowel Rods Wood Sticks Wooden Dowel Rods - 1/4 x 12 Inch Bamboo Sticks - for Crafts，Hardwood Dowel Rod Assortment，Wooden Rod Sticks Doweling Rods， Cake Dowels and DIYers.</p><p> -9% 0FF </p><p>$4.99</p><a href="https://www.amazon.com/dp/B08XQQ69WD?tag=eloabder-20&linkCode=osi&th=1&psc=1">View Product</a></div><div class="product"><a href="https://www.amazon.com/dp/B081R25K4S?tag=eloabder-20&linkCode=osi&th=1&psc=1"><img src="https://m.media-amazon.com/images/I/41vxFW4BIvL._SL500_.jpg" alt="Product Image"></a><p>Perfect Stix - PS-114st-1,000 4.5" Craft Sticks/ Ice Cream Sticks/ Natural Wood - Box of 1,000ct</p><p> -6% 0FF </p><p>$13.15</p><a href="https://www.amazon.com/dp/B081R25K4S?tag=eloabder-20&linkCode=osi&th=1&psc=1">View Product</a></div><div class="product"><a href="https://www.amazon.com/dp/B0BLYTVS2T?tag=eloabder-20&linkCode=osi&th=1&psc=1"><img src="https://m.media-amazon.com/images/I/51+kkj4MnOL._SL500_.jpg" alt="Product Image"></a><p>150 Pcs Dowel Rods, 1/8 x 12 Inch Wooden Dowels Craft Wood Sticks Unfinished Natural Bamboo Sticks for Flower Bouquet Crafts and DIYers</p><p> -11% 0FF </p><p>$7.99</p><a href="https://www.amazon.com/dp/B0BLYTVS2T?tag=eloabder-20&linkCode=osi&th=1&psc=1">View Product</a></div>

<div class="product"><a href="https://www.amazon.com/dp/B09QXCP828?tag=eloabder-20&linkCode=osi&th=1&psc=1"><img src="https://m.media-amazon.com/images/I/61SVk6IlsmL._SL500_.jpg" alt="Product Image"></a><p>66 Pcs Small Stencils for Painting on Wood 3 Inch Reusable Fall Stencils Flower Animal Deer Bear Butterfly Bird Mountain Themed DIY Craft Template Paint Stencils for Wall Home Decor</p><p> -17% 0FF </p><p>$9.99</p><a href="https://www.amazon.com/dp/B09QXCP828?tag=eloabder-20&linkCode=osi&th=1&psc=1">View Product</a></div>
<div class="product"><a href="https://www.amazon.com/dp/B0019NBZQK?tag=eloabder-20&linkCode=osi&th=1&psc=1"><img src="https://m.media-amazon.com/images/I/41+u+qzqb3L._SL500_.jpg" alt="Product Image"></a><p>Excel Blades 44283 Craftsman Hobby Knife Set, Precision Cutting Tool Set, Craft Knife Set Includes Assortment of Light Duty to Heavy Duty Handles and 13 Blades</p><p> -16% 0FF </p><p>$23.37</p><a href="https://www.amazon.com/dp/B0019NBZQK?tag=eloabder-20&linkCode=osi&th=1&psc=1">View Product</a></div>
<div class="product"><a href="https://www.amazon.com/dp/B00FX9G28C?tag=eloabder-20&linkCode=osi&th=1&psc=1"><img src="https://m.media-amazon.com/images/I/41kEiPT3HRL._SL500_.jpg" alt="Product Image"></a><p>Crayola Classic Color Pack Crayons, 24 Count, (Pack of 4)</p><p> -31% 0FF </p><p>$6.36</p><a href="https://www.amazon.com/dp/B00FX9G28C?tag=eloabder-20&linkCode=osi&th=1&psc=1">View Product</a></div><div class="product"><a href="https://www.amazon.com/dp/B002OF2C50?tag=eloabder-20&linkCode=osi&th=1&psc=1"><img src="https://m.media-amazon.com/images/I/51Z+wK6C2VL._SL500_.jpg" alt="Product Image"></a><p>Crayola Crayons 8 in a Box (Pack of 12) 96 Crayons Total</p><p> -34% 0FF </p><p>$14.41</p><a href="https://www.amazon.com/dp/B002OF2C50?tag=eloabder-20&linkCode=osi&th=1&psc=1">View Product</a></div><div class="product"><a href="https://www.amazon.com/dp/B06XDJJ6D1?tag=eloabder-20&linkCode=osi&th=1&psc=1"><img src="https://m.media-amazon.com/images/I/516tOQjdgIL._SL500_.jpg" alt="Product Image"></a><p>Color Swell Bulk Crayon Packs - 36 Boxes of 24 Vibrant Colored Durable Bulk Crayons of Teacher Quality for Classroom and Home</p><p> -13% 0FF </p><p>$35.75</p><a href="https://www.amazon.com/dp/B06XDJJ6D1?tag=eloabder-20&linkCode=osi&th=1&psc=1">View Product</a></div>
<div class="product"><a href="https://www.amazon.com/dp/B07JPL5NYX?tag=eloabder-20&linkCode=osi&th=1&psc=1"><img src="https://m.media-amazon.com/images/I/31B4rKplkML._SL500_.jpg" alt="Product Image"></a><p>Similane 6 Pieces Aida Cloth 14 Count Cross Stitch Fabric, White, 12 by 18-Inch</p><p> -20% 0FF </p><p>$7.99 ($1.33 / Count)</p><a href="https://www.amazon.com/dp/B07JPL5NYX?tag=eloabder-20&linkCode=osi&th=1&psc=1">View Product</a></div><div class="product"><a href="https://www.amazon.com/dp/B002PNZJWO?tag=eloabder-20&linkCode=osi&th=1&psc=1"><img src="https://m.media-amazon.com/images/I/21LQQ7uAHaL._SL500_.jpg" alt="Product Image"></a><p>DMC TC8836-6750 Silver Label Aida Count with Soft Tube, White, 15 by 18-Inch, 18-Pack</p><p> -9% 0FF </p><p>$6.22</p><a href="https://www.amazon.com/dp/B002PNZJWO?tag=eloabder-20&linkCode=osi&th=1&psc=1">View Product</a></div>
<div class="product"><a href="https://www.amazon.com/dp/B0747JY5Q2?tag=eloabder-20&linkCode=osi&th=1&psc=1"><img src="https://m.media-amazon.com/images/I/61lazF8OahL._SL500_.jpg" alt="Product Image"></a><p>Paxcoo 124 Skeins Embroidery Floss Cross Stitch Thread with Needles</p><p> -38% 0FF </p><p>$9.99 ($0.00 / Foot)</p><a href="https://www.amazon.com/dp/B0747JY5Q2?tag=eloabder-20&linkCode=osi&th=1&psc=1">View Product</a></div><div class="product"><a href="https://www.amazon.com/dp/B0CCY9RYWJ?tag=eloabder-20&linkCode=osi&th=1&psc=1"><img src="https://m.media-amazon.com/images/I/51cdtuPMMzL._SL500_.jpg" alt="Product Image"></a><p>Sukh 100 Colour Embroidery Thread - Rainbow Embroidery Floss Bulk Hand Embroidery Thread Variegated Embroidery Floss Cross Stitch Thread Crewel Embroidery Floss for DIY Sewing Embroidery Crafts Making</p><p> -30% 0FF </p><p>$6.99 ($6.99 / Foot)</p><a href="https://www.amazon.com/dp/B0CCY9RYWJ?tag=eloabder-20&linkCode=osi&th=1&psc=1">View Product</a></div><div class="product"><a href="https://www.amazon.com/dp/B07TF4W6FW?tag=eloabder-20&linkCode=osi&th=1&psc=1"><img src="https://m.media-amazon.com/images/I/6185yuapSeS._SL500_.jpg" alt="Product Image"></a><p>LOVIMAG Premium Rainbow Color Embroidery Floss 140 Skeins Per Pack with Cotton for Cross Stitch Threads, Bracelet Yarn, Craft Floss, Aroic Embroidery Floss Set</p><p> -17% 0FF </p><p>$9.99</p><a href="https://www.amazon.com/dp/B07TF4W6FW?tag=eloabder-20&linkCode=osi&th=1&psc=1">View Product</a></div><div class="product"><a href="https://www.amazon.com/dp/B07VCK2L9J?tag=eloabder-20&linkCode=osi&th=1&psc=1"><img src="https://m.media-amazon.com/images/I/31Xrh3bNBML._SL500_.jpg" alt="Product Image"></a><p>Embroidery Floss Bobbins, 128 Pcs Embroidery Floss Organizer, Plastic Embroidery Thread Cards for Cross Stitch Thread Holder Sewing Storage(White)</p><p> -45% 0FF </p><p>$5.99 ($0.05 / Count)</p><a href="https://www.amazon.com/dp/B07VCK2L9J?tag=eloabder-20&linkCode=osi&th=1&psc=1">View Product</a></div>
<div class="product"><a href="https://www.amazon.com/dp/B07HCGVVTM?tag=eloabder-20&linkCode=osi&th=1&psc=1"><img src="https://m.media-amazon.com/images/I/51fHLo2KTbL._SL500_.jpg" alt="Product Image"></a><p>Caydo 6 Pieces Embroidery Hoop Set Circle Cross Stitch Hoop Ring 4 inch to 10 inch for Embroidery and Cross Stitch</p><p> -11% 0FF </p><p>$7.99</p><a href="https://www.amazon.com/dp/B07HCGVVTM?tag=eloabder-20&linkCode=osi&th=1&psc=1">View Product</a></div><div class="product"><a href="https://www.amazon.com/dp/B07TXQH7M2?tag=eloabder-20&linkCode=osi&th=1&psc=1"><img src="https://m.media-amazon.com/images/I/517d5A8-q8L._SL500_.jpg" alt="Product Image"></a><p>Caydo 6 Pieces Embroidery Hoops and 15 Needles, Plastic Circle Cross Stitch Hoop Ring Embroidery Circle Set, 3.4 inch to 10.4 inch (Multicolor)</p><p> -20% 0FF </p><p>$7.99</p><a href="https://www.amazon.com/dp/B07TXQH7M2?tag=eloabder-20&linkCode=osi&th=1&psc=1">View Product</a></div>
<div class="product"><a href="https://www.amazon.com/dp/B08JQ47WV1?tag=eloabder-20&linkCode=osi&th=1&psc=1"><img src="https://m.media-amazon.com/images/I/519CRDDfB4L._SL500_.jpg" alt="Product Image"></a><p>Uphome 3 Pack Embroidery Starter Kit for Beginners Stamped Cross Stitch Kits with Cute Flowers and Plants Patterns with 1 Embroidery Hoop and Color Threads for Adults Kids</p><p> -6% 0FF </p><p>$14.99</p><a href="https://www.amazon.com/dp/B08JQ47WV1?tag=eloabder-20&linkCode=osi&th=1&psc=1">View Product</a></div><div class="product"><a href="https://www.amazon.com/dp/B09F9YBHRN?tag=eloabder-20&linkCode=osi&th=1&psc=1"><img src="https://m.media-amazon.com/images/I/51tXfPB7qyL._SL500_.jpg" alt="Product Image"></a><p>Cross Stitch Kits for Beginners (Flower Theme - 6.75 Inch - 4 Pack 1 x Embroidery Hoop) DIY Embroidery Needlepoint Patterns for Adults, Includes Poppy, Rose, Sunflower and Pansy. Complete Set Included</p><p> -10% 0FF </p><p>$8.99</p><a href="https://www.amazon.com/dp/B09F9YBHRN?tag=eloabder-20&linkCode=osi&th=1&psc=1">View Product</a></div><div class="product"><a href="https://www.amazon.com/dp/B0BK1X8CNZ?tag=eloabder-20&linkCode=osi&th=1&psc=1"><img src="https://m.media-amazon.com/images/I/51gdjGEDDZL._SL500_.jpg" alt="Product Image"></a><p>Dimensions Nighttime Camping Adventure Cross Stitch Kit for Beginners, 5" x 7", 14 Cnt. Navy Aida, 4pcs</p><p> -18% 0FF </p><p>$9.82</p><a href="https://www.amazon.com/dp/B0BK1X8CNZ?tag=eloabder-20&linkCode=osi&th=1&psc=1">View Product</a></div><div class="product"><a href="https://www.amazon.com/dp/B005IDB6ZM?tag=eloabder-20&linkCode=osi&th=1&psc=1"><img src="https://m.media-amazon.com/images/I/61C0cz-Z29L._SL500_.jpg" alt="Product Image"></a><p>Janlynn 50222 Counted Cross Stitch Kit 7.75"X11.25", Joy in The Journey (14 Count), Blue</p><p> -7% 0FF </p><p>$15.83</p><a href="https://www.amazon.com/dp/B005IDB6ZM?tag=eloabder-20&linkCode=osi&th=1&psc=1">View Product</a></div>
<div class="product"><a href="https://www.amazon.com/dp/B004QRUNIW?tag=eloabder-20&linkCode=osi&th=1&psc=1"><img src="https://m.media-amazon.com/images/I/41pq4l1iyqL._SL500_.jpg" alt="Product Image"></a><p>DMC Size 24 Cross Stitch Needles</p><p> -11% 0FF </p><p>$4.63</p><a href="https://www.amazon.com/dp/B004QRUNIW?tag=eloabder-20&linkCode=osi&th=1&psc=1">View Product</a></div><div class="product"><a href="https://www.amazon.com/dp/B000XZTOOA?tag=eloabder-20&linkCode=osi&th=1&psc=1"><img src="https://m.media-amazon.com/images/I/313-rt10fSS._SL500_.jpg" alt="Product Image"></a><p>DMC 1767-24 Tapestry Hand Needles, 6-Pack, Size 24</p><p> -87% 0FF </p><p>$1.15</p><a href="https://www.amazon.com/dp/B000XZTOOA?tag=eloabder-20&linkCode=osi&th=1&psc=1">View Product</a></div><div class="product"><a href="https://www.amazon.com/dp/B081B5W2M4?tag=eloabder-20&linkCode=osi&th=1&psc=1"><img src="https://m.media-amazon.com/images/I/41b8dWe+4IL._SL500_.jpg" alt="Product Image"></a><p>DMC 3 Pack Size 22-24-26 (One Pack Each)-Cross Stitch Needles - Total 18 Needles - New Package</p><p> -14% 0FF </p><p>$8.00</p><a href="https://www.amazon.com/dp/B081B5W2M4?tag=eloabder-20&linkCode=osi&th=1&psc=1">View Product</a></div><div class="product"><a href="https://www.amazon.com/dp/B07D23QZP6?tag=eloabder-20&linkCode=osi&th=1&psc=1"><img src="https://m.media-amazon.com/images/I/41-e-zzpwJL._SL500_.jpg" alt="Product Image"></a><p>3 Pack DMC Size 26 Cross Stitch Needles (Total 18 Needles) - New Package</p><p> -8% 0FF </p><p>$6.80</p><a href="https://www.amazon.com/dp/B07D23QZP6?tag=eloabder-20&linkCode=osi&th=1&psc=1">View Product</a></div>
<div class="product"><a href="https://www.amazon.com/dp/B00FRH24AK?tag=eloabder-20&linkCode=osi&th=1&psc=1"><img src="https://m.media-amazon.com/images/I/413pdt9daNL._SL500_.jpg" alt="Product Image"></a><p>Dimensions Mason Jar Counted Cross Stitch Kit, 14 Count White Aida, 18'' x 7''.</p><p> -48% 0FF </p><p>$17.63</p><a href="https://www.amazon.com/dp/B00FRH24AK?tag=eloabder-20&linkCode=osi&th=1&psc=1">View Product</a></div><div class="product"><a href="https://www.amazon.com/dp/B005IDB37I?tag=eloabder-20&linkCode=osi&th=1&psc=1"><img src="https://m.media-amazon.com/images/I/51tVdGtvvQL._SL500_.jpg" alt="Product Image"></a><p>Janlynn Counted Cross Stitch Kit, The Lord's Prayer, Blue, By the yard</p><p> -29% 0FF </p><p>$10.00</p><a href="https://www.amazon.com/dp/B005IDB37I?tag=eloabder-20&linkCode=osi&th=1&psc=1">View Product</a></div>
<div class="product"><a href="https://www.amazon.com/dp/B0C65K1RLJ?tag=eloabder-20&linkCode=osi&th=1&psc=1"><img src="https://m.media-amazon.com/images/I/61Rq55Q-b-L._SL500_.jpg" alt="Product Image"></a><p>ATDAWN Rainbow Color Embroidery, Cross Stitch Threads, Bracelets, Crafts Floss, 50 Count</p><p> -17% 0FF </p><p>$4.99</p><a href="https://www.amazon.com/dp/B0C65K1RLJ?tag=eloabder-20&linkCode=osi&th=1&psc=1">View Product</a></div>
<div class="product"><a href="https://www.amazon.com/dp/B000YZASYO?tag=eloabder-20&linkCode=osi&th=1&psc=1"><img src="https://m.media-amazon.com/images/I/41Qm59P+WnL._SL500_.jpg" alt="Product Image"></a><p>Fiskars Self Healing Cutting Mat with Grid for Sewing, Quilting, and Crafts - 24" x 36” Grid - Gray</p><p> -50% 0FF </p><p>$32.46</p><a href="https://www.amazon.com/dp/B000YZASYO?tag=eloabder-20&linkCode=osi&th=1&psc=1">View Product</a></div><div class="product"><a href="https://www.amazon.com/dp/B0BB27B3FB?tag=eloabder-20&linkCode=osi&th=1&psc=1"><img src="https://m.media-amazon.com/images/I/31URROrDo1L._SL500_.jpg" alt="Product Image"></a><p>Paper Cutter, Paper Trimmer with Safety Guard, 12" Cut Length Paper Slicer with 16 Sheet Capacity Paper Cutting Board,Guillotine Paper Cutters and Trimmers for Cardstock Cardboard Vinyl (Gray)</p><p> -27% 0FF </p><p>$18.99</p><a href="https://www.amazon.com/dp/B0BB27B3FB?tag=eloabder-20&linkCode=osi&th=1&psc=1">View Product</a></div><div class="product"><a href="https://www.amazon.com/dp/B08DHMBSKB?tag=eloabder-20&linkCode=osi&th=1&psc=1"><img src="https://m.media-amazon.com/images/I/51UuiPNgxYL._SL500_.jpg" alt="Product Image"></a><p>Headley Tools 18"x12" Thickened Self Healing Cutting Mat, A3 Rotary Cutting Sewing Mat for Crafts, Double Sided 5-Ply Table Cutting Board for Fabric Quilting Art Hobby Project, Pink/Purple</p><p> -41% 0FF </p><p>$9.98</p><a href="https://www.amazon.com/dp/B08DHMBSKB?tag=eloabder-20&linkCode=osi&th=1&psc=1">View Product</a></div>

<div class="product"><a href="https://www.amazon.com/dp/B09YY3SVKS?tag=eloabder-20&linkCode=osi&th=1&psc=1"><img src="https://m.media-amazon.com/images/I/41f730BkCAL._SL500_.jpg" alt="Product Image"></a><p>Oythiem Knife Pen Craft Cutting Tools - Precision Paper Cutter Pen with Refillable Tungsten Steel Cutter Head Refill, 6 PACK</p><p> -13% 0FF </p><p>$6.99 ($1.16 / Count)</p><a href="https://www.amazon.com/dp/B09YY3SVKS?tag=eloabder-20&linkCode=osi&th=1&psc=1">View Product</a></div><div class="product"><a href="https://www.amazon.com/dp/B07QQBCBBL?tag=eloabder-20&linkCode=osi&th=1&psc=1"><img src="https://m.media-amazon.com/images/I/51jpKBKj85L._SL500_.jpg" alt="Product Image"></a><p>Anezus Craft Knife Precision Cutter and Self Healing Cutting Craft Mat Hobby Knife Set with 30 PCS Knife for Art Hobby Craft Scrapbooking Stencil</p><p> -47% 0FF </p><p>$8.99 ($0.28 / Count)</p><a href="https://www.amazon.com/dp/B07QQBCBBL?tag=eloabder-20&linkCode=osi&th=1&psc=1">View Product</a></div><div class="product"><a href="https://www.amazon.com/dp/B0B8J1LQY5?tag=eloabder-20&linkCode=osi&th=1&psc=1"><img src="https://m.media-amazon.com/images/I/41gjtckliVL._SL500_.jpg" alt="Product Image"></a><p>SnapFresh Cordless Electric Scissors, 4V Electric Mini Cutter, Carpet & Cardboard Cutter Tool with a Replacement Blade/Charger, Rotary Cutter for Cardboard Packages Leather Plastic （Green）</p><p> -28% 0FF </p><p>$35.99</p><a href="https://www.amazon.com/dp/B0B8J1LQY5?tag=eloabder-20&linkCode=osi&th=1&psc=1">View Product</a></div>
<div class="product"><a href="https://www.amazon.com/dp/B007UT6BDE?tag=eloabder-20&linkCode=osi&th=1&psc=1"><img src="https://m.media-amazon.com/images/I/618FCl1rVUL._SL500_.jpg" alt="Product Image"></a><p>Roylco Decorative Hues Paper, 8-1/2 X 5-1/2 in, Pack of 192 - 1435530</p><p> -12% 0FF </p><p>$19.99 ($0.10 / Count)</p><a href="https://www.amazon.com/dp/B007UT6BDE?tag=eloabder-20&linkCode=osi&th=1&psc=1">View Product</a></div><div class="product"><a href="https://www.amazon.com/dp/B0B4WM4T2V?tag=eloabder-20&linkCode=osi&th=1&psc=1"><img src="https://m.media-amazon.com/images/I/41PvWu7mXhL._SL500_.jpg" alt="Product Image"></a><p>Outuxed 400 Sheets Tissue Paper Bulk for Gift Bags, 40 Multicolor Tissue Paper for Gift Wrapping, 11.5” x 8” Rainbow Tissue Paper for Decorative Art Crafts Festival Decorations DIY Flower Pom Pom</p><p> -30% 0FF </p><p>$6.99 ($0.02 / Count)</p><a href="https://www.amazon.com/dp/B0B4WM4T2V?tag=eloabder-20&linkCode=osi&th=1&psc=1">View Product</a></div>
<div class="product"><a href="https://www.amazon.com/dp/B00B7E0JGS?tag=eloabder-20&linkCode=osi&th=1&psc=1"><img src="https://m.media-amazon.com/images/I/31XF-LedlPL._SL500_.jpg" alt="Product Image"></a><p>EK Success Tools Edge Punch, Large, Diamond Flowers</p><p> -8% 0FF </p><p>$16.99</p><a href="https://www.amazon.com/dp/B00B7E0JGS?tag=eloabder-20&linkCode=osi&th=1&psc=1">View Product</a></div><div class="product"><a href="https://www.amazon.com/dp/B09H6VJJHX?tag=eloabder-20&linkCode=osi&th=1&psc=1"><img src="https://m.media-amazon.com/images/I/41RFYDqpw8L._SL500_.jpg" alt="Product Image"></a><p>2 Pieces Heart and Star Handheld Hole Paper Punch Metal Single Hole Paper Punch Punchers with Soft-Handled Tags for Clothing Ticket DIY Craft Tags Scrapbook Tool, 1/4 inch</p><p> -9% 0FF </p><p>$9.99</p><a href="https://www.amazon.com/dp/B09H6VJJHX?tag=eloabder-20&linkCode=osi&th=1&psc=1">View Product</a></div><div class="product"><a href="https://www.amazon.com/dp/B0BCVKG3PM?tag=eloabder-20&linkCode=osi&th=1&psc=1"><img src="https://m.media-amazon.com/images/I/411GAS9weBL._SL500_.jpg" alt="Product Image"></a><p>MIAO JIN 2PCS Craft Punch Hemming Punch Big Tool Edge Paper Punch Hand Scrapbooking Edge Punch Fancy Border Punch Fancy Hole Punch DIY Art scrapbooks, Gift Cards, Wedding Cards, Decorations</p><p> -6% 0FF </p><p>$16.99</p><a href="https://www.amazon.com/dp/B0BCVKG3PM?tag=eloabder-20&linkCode=osi&th=1&psc=1">View Product</a></div>
<div class="product"><a href="https://www.amazon.com/dp/B06ZZ5K124?tag=eloabder-20&linkCode=osi&th=1&psc=1"><img src="https://m.media-amazon.com/images/I/61XFkBFxYXL._SL500_.jpg" alt="Product Image"></a><p>Agutape 30 Rolls Washi Masking Tape Set,Decorative Craft Tape Collection for DIY and Gift Wrapping with Colorful Designs and Patterns</p><p> -22% 0FF </p><p>$6.99 ($0.02 / Foot)</p><a href="https://www.amazon.com/dp/B06ZZ5K124?tag=eloabder-20&linkCode=osi&th=1&psc=1">View Product</a></div>
<div class="product"><a href="https://www.amazon.com/dp/B00R50G1I8?tag=eloabder-20&linkCode=osi&th=1&psc=1"><img src="https://m.media-amazon.com/images/I/31XgMDb7tOL._SL500_.jpg" alt="Product Image"></a><p>Sizzix 660200 Big Shot Manual Die, 6 Inches</p><p> -31% 0FF </p><p>$94.78</p><a href="https://www.amazon.com/dp/B00R50G1I8?tag=eloabder-20&linkCode=osi&th=1&psc=1">View Product</a></div><div class="product"><a href="https://www.amazon.com/dp/B0746FQR66?tag=eloabder-20&linkCode=osi&th=1&psc=1"><img src="https://m.media-amazon.com/images/I/41cvyr3S4bL._SL500_.jpg" alt="Product Image"></a><p>Sizzix Sidekick Starter Kit 661770 Portable Manual Die Cutting & Embossing Machine for Arts & Crafts, Scrapbooking & Cardmaking, 6.35 cm Opening, 2.5" Opening, White</p><p> -36% 0FF </p><p>$36.96</p><a href="https://www.amazon.com/dp/B0746FQR66?tag=eloabder-20&linkCode=osi&th=1&psc=1">View Product</a></div><div class="product"><a href="https://www.amazon.com/dp/B084PWDN97?tag=eloabder-20&linkCode=osi&th=1&psc=1"><img src="https://m.media-amazon.com/images/I/31oXNnohDrL._SL500_.jpg" alt="Product Image"></a><p>Sizzix Big Shot Switch Plus Starter Kit (White), Electric Die Cutting & Embossing Machine For Arts & Crafts, Card Making, Scrapbooking & Papercraft (9-inch Opening)</p><p> -27% 0FF </p><p>$238.55</p><a href="https://www.amazon.com/dp/B084PWDN97?tag=eloabder-20&linkCode=osi&th=1&psc=1">View Product</a></div><div class="product"><a href="https://www.amazon.com/dp/B0B1DJF6C1?tag=eloabder-20&linkCode=osi&th=1&psc=1"><img src="https://m.media-amazon.com/images/I/413RKYc57PL._SL500_.jpg" alt="Product Image"></a><p>Mini Die Cutting and Embossing Machine for DIY Crafts 3.5" Feed Slot for 3" Paper and Other Materials</p><p> -15% 0FF </p><p>$34.19</p><a href="https://www.amazon.com/dp/B0B1DJF6C1?tag=eloabder-20&linkCode=osi&th=1&psc=1">View Product</a></div><div class="product"><a href="https://www.amazon.com/dp/B07YB8XV3Z?tag=eloabder-20&linkCode=osi&th=1&psc=1"><img src="https://m.media-amazon.com/images/I/31ijkd8Lb7L._SL500_.jpg" alt="Product Image"></a><p>Crafter's Companion - Gemini - Mini Manual Die Cutting and Embossing Machine, White</p><p> -29% 0FF </p><p>$31.75</p><a href="https://www.amazon.com/dp/B07YB8XV3Z?tag=eloabder-20&linkCode=osi&th=1&psc=1">View Product</a></div>
<div class="product"><a href="https://www.amazon.com/dp/B07KGH6VVB?tag=eloabder-20&linkCode=osi&th=1&psc=1"><img src="https://m.media-amazon.com/images/I/61UMbNlb4ML._SL500_.jpg" alt="Product Image"></a><p>Cutting Dies Stencil Triangle Square Rectangle Round Ellipse Metal Mould for DIY Scrapbook Album Paper Card</p><p> -10% 0FF </p><p>$14.39</p><a href="https://www.amazon.com/dp/B07KGH6VVB?tag=eloabder-20&linkCode=osi&th=1&psc=1">View Product</a></div><div class="product"><a href="https://www.amazon.com/dp/B0CYLGRC6H?tag=eloabder-20&linkCode=osi&th=1&psc=1"><img src="https://m.media-amazon.com/images/I/51SinekXt0L._SL500_.jpg" alt="Product Image"></a><p>Hexagonal Picture Frame Scrapbooking Die-Cuts,DIY Art Cutting Dies,Metal Cutting Dies for Crafts,Cut Dies for Card Making Suitable for Party,Wedding,Holiday…</p><p> -20% 0FF </p><p>$7.20</p><a href="https://www.amazon.com/dp/B0CYLGRC6H?tag=eloabder-20&linkCode=osi&th=1&psc=1">View Product</a></div><div class="product"><a href="https://www.amazon.com/dp/B006MLJIVI?tag=eloabder-20&linkCode=osi&th=1&psc=1"><img src="https://m.media-amazon.com/images/I/41JNYtODCOL._SL500_.jpg" alt="Product Image"></a><p>Ellison SureCut Die 16677-LG, Holiday, 10 Pack, 5 7/8" x 4 7/8" x 1"</p><p> -8% 0FF </p><p>$139.73</p><a href="https://www.amazon.com/dp/B006MLJIVI?tag=eloabder-20&linkCode=osi&th=1&psc=1">View Product</a></div>
<div class="product"><a href="https://www.amazon.com/dp/B0BJGRH85F?tag=eloabder-20&linkCode=osi&th=1&psc=1"><img src="https://m.media-amazon.com/images/I/41A84YvFpCL._SL500_.jpg" alt="Product Image"></a><p>Cricut Joy Machine & Digital Content Library Bundle - Includes 30 images in Design Space App - Portable DIY Smart Machine for creating customized cards, crafts, & labels</p><p> -34% 0FF </p><p>$99.00</p><a href="https://www.amazon.com/dp/B0BJGRH85F?tag=eloabder-20&linkCode=osi&th=1&psc=1">View Product</a></div>
<div class="product"><a href="https://www.amazon.com/dp/B07TJNPV76?tag=eloabder-20&linkCode=osi&th=1&psc=1"><img src="https://m.media-amazon.com/images/I/516RCtPt8FL._SL500_.jpg" alt="Product Image"></a><p>BARWA 57 Pack Doll Clothes and Accessories 5 Fashion Dresses 4 Tops 4 Pants Outfits 3 Wedding Gown Dresses 3 Swimsuits Bikini 5 Mini Dresses, 10 Hangers 15 Shoes Computer Cosmetic for 11.5 inch Doll</p><p> -14% 0FF </p><p>$18.99</p><a href="https://www.amazon.com/dp/B07TJNPV76?tag=eloabder-20&linkCode=osi&th=1&psc=1">View Product</a></div><div class="product"><a href="https://www.amazon.com/dp/B09YTWSKBH?tag=eloabder-20&linkCode=osi&th=1&psc=1"><img src="https://m.media-amazon.com/images/I/51l3VgeMGeL._SL500_.jpg" alt="Product Image"></a><p>Mayboos Needle Felting Kit,12 Pieces Doll Making Wool Needle Felting Starter Kit with Instruction,Felting Foam Mat and DIY Needle Felting Supply for DIY Craft Animal Home Decoration Birthday Gift</p><p> -35% 0FF </p><p>$22.09</p><a href="https://www.amazon.com/dp/B09YTWSKBH?tag=eloabder-20&linkCode=osi&th=1&psc=1">View Product</a></div><div class="product"><a href="https://www.amazon.com/dp/B0749W9PJ5?tag=eloabder-20&linkCode=osi&th=1&psc=1"><img src="https://m.media-amazon.com/images/I/518ANTzhqBL._SL500_.jpg" alt="Product Image"></a><p>Craft-tastic Learn to Sew Kit – 7 Fun Projects and Reusable Materials to Teach Basic Sewing Stitches, Embroidery & More--Ages 7+</p><p> -10% 0FF </p><p>$17.95</p><a href="https://www.amazon.com/dp/B0749W9PJ5?tag=eloabder-20&linkCode=osi&th=1&psc=1">View Product</a></div><div class="product"><a href="https://www.amazon.com/dp/B0CBVF4CD5?tag=eloabder-20&linkCode=osi&th=1&psc=1"><img src="https://m.media-amazon.com/images/I/51bR1o0kePL._SL500_.jpg" alt="Product Image"></a><p>Fedmut Needle Felting Kit, Animal Needle Felting Kit for Beginner Adult with Felting Wool, Felting Foam Mat, Felting Needles and Video Instructions, Complete Start Kit for Craft DIY Needle Felting</p><p> -15% 0FF </p><p>$6.79</p><a href="https://www.amazon.com/dp/B0CBVF4CD5?tag=eloabder-20&linkCode=osi&th=1&psc=1">View Product</a></div>
<div class="product"><a href="https://www.amazon.com/dp/B0027A397C?tag=eloabder-20&linkCode=osi&th=1&psc=1"><img src="https://m.media-amazon.com/images/I/517I9iGWpQL._SL500_.jpg" alt="Product Image"></a><p>Strathmore 200 Series Sketch Pad, 8.5x11 inch, 100 Sheets, Side Wire - Artist Sketchbook for Drawing, Illustration, Art Class Students</p><p> -26% 0FF </p><p>$7.99</p><a href="https://www.amazon.com/dp/B0027A397C?tag=eloabder-20&linkCode=osi&th=1&psc=1">View Product</a></div><div class="product"><a href="https://www.amazon.com/dp/B07T3NGD8B?tag=eloabder-20&linkCode=osi&th=1&psc=1"><img src="https://m.media-amazon.com/images/I/41hwTCl5LCL._SL500_.jpg" alt="Product Image"></a><p>UCreate Poly Cover Sketch Book, Heavyweight, 9" x 12", Black, 75 Sheets</p><p> -24% 0FF </p><p>$7.29</p><a href="https://www.amazon.com/dp/B07T3NGD8B?tag=eloabder-20&linkCode=osi&th=1&psc=1">View Product</a></div><div class="product"><a href="https://www.amazon.com/dp/B0B7N2Q1NQ?tag=eloabder-20&linkCode=osi&th=1&psc=1"><img src="https://m.media-amazon.com/images/I/51E78AJyMrL._SL500_.jpg" alt="Product Image"></a><p>Caliart 176PCS Art Supplies Sketching Kit with 100 Sheets 3-Color Sketch Book, Graphite Colored Charcoal Watercolor & Metallic Pencils, School Supplies Gifts for Artists Adults Teens Girls Boys Kids</p><p> -31% 0FF </p><p>$24.99</p><a href="https://www.amazon.com/dp/B0B7N2Q1NQ?tag=eloabder-20&linkCode=osi&th=1&psc=1">View Product</a></div>
<div class="product"><a href="https://www.amazon.com/dp/B0012NCOJY?tag=eloabder-20&linkCode=osi&th=1&psc=1"><img src="https://m.media-amazon.com/images/I/41b+WM+NthL._SL500_.jpg" alt="Product Image"></a><p>Pacon 4746 Art1st Sketch Pad, 60 lbs. Heavyweight Drawing Paper. 9 x 12, 50 Sheets</p><p> -51% 0FF </p><p>$3.96 ($0.08 / Count)</p><a href="https://www.amazon.com/dp/B0012NCOJY?tag=eloabder-20&linkCode=osi&th=1&psc=1">View Product</a></div><div class="product"><a href="https://www.amazon.com/dp/B001B0F3J6?tag=eloabder-20&linkCode=osi&th=1&psc=1"><img src="https://m.media-amazon.com/images/I/31xSYmcOmIL._SL500_.jpg" alt="Product Image"></a><p>Pacon Drawing Paper, White, Standard Weight, 9" x 12", 500 Sheets</p><p> -20% 0FF </p><p>$16.91</p><a href="https://www.amazon.com/dp/B001B0F3J6?tag=eloabder-20&linkCode=osi&th=1&psc=1">View Product</a></div><div class="product"><a href="https://www.amazon.com/dp/B000A7OPAO?tag=eloabder-20&linkCode=osi&th=1&psc=1"><img src="https://m.media-amazon.com/images/I/51tDMDAC+oL._SL500_.jpg" alt="Product Image"></a><p>Strathmore Medium Drawing Spiral Paper Pad 11"X14"-24 Sheets -400500</p><p> -33% 0FF </p><p>$6.49</p><a href="https://www.amazon.com/dp/B000A7OPAO?tag=eloabder-20&linkCode=osi&th=1&psc=1">View Product</a></div><div class="product"><a href="https://www.amazon.com/dp/B00246YOY6?tag=eloabder-20&linkCode=osi&th=1&psc=1"><img src="https://m.media-amazon.com/images/I/51JQCBpAcoL._SL500_.jpg" alt="Product Image"></a><p>Strathmore 300 Series Drawing Paper Pad, Top Wire Bound, 9x12 inches, 50 Sheets (70lb/114g) - Artist Paper for Adults and Students - Charcoal, Colored Pencil, Ink, Pastel, Marker</p><p> -18% 0FF </p><p>$9.99</p><a href="https://www.amazon.com/dp/B00246YOY6?tag=eloabder-20&linkCode=osi&th=1&psc=1">View Product</a></div>
<div class="product"><a href="https://www.amazon.com/dp/B0BNDN87NX?tag=eloabder-20&linkCode=osi&th=1&psc=1"><img src="https://m.media-amazon.com/images/I/51NywOCibJL._SL500_.jpg" alt="Product Image"></a><p>Micro Fineliner Drawing Art Pens: 12 Black Fine Line Waterproof Ink Set Artist Supplies Archival Inking Markers Liner Professional Sketch Outline Anime Sketching Watercolor Zentangle Gift Stuff</p><p> -17% 0FF </p><p>$9.99</p><a href="https://www.amazon.com/dp/B0BNDN87NX?tag=eloabder-20&linkCode=osi&th=1&psc=1">View Product</a></div><div class="product"><a href="https://www.amazon.com/dp/B088B9ZNXC?tag=eloabder-20&linkCode=osi&th=1&psc=1"><img src="https://m.media-amazon.com/images/I/512tY3nGvHL._SL500_.jpg" alt="Product Image"></a><p>TWOHANDS Art Pens,Fineliner Ink Pens,Set of 12 Technical Drawing pen,Pigment Pen,Fine Point,Black,Waterproof,for Art Watercolor,Sketching,Anime,Manga, 902188</p><p> -38% 0FF </p><p>$9.99</p><a href="https://www.amazon.com/dp/B088B9ZNXC?tag=eloabder-20&linkCode=osi&th=1&psc=1">View Product</a></div><div class="product"><a href="https://www.amazon.com/dp/B08BZYK2NY?tag=eloabder-20&linkCode=osi&th=1&psc=1"><img src="https://m.media-amazon.com/images/I/41FCRf7Bf9L._SL500_.jpg" alt="Product Image"></a><p>Mr. Pen- Drawing Pens for Artists, 8 Pack Black Multiliner/Fineliner Micro Anime/Sketch Pens, Line Art/Inking Pens, Fine Point Bible Journaling Pens</p><p> -33% 0FF </p><p>$7.99</p><a href="https://www.amazon.com/dp/B08BZYK2NY?tag=eloabder-20&linkCode=osi&th=1&psc=1">View Product</a></div><div class="product"><a href="https://www.amazon.com/dp/B000TKEZDO?tag=eloabder-20&linkCode=osi&th=1&psc=1"><img src="https://m.media-amazon.com/images/I/31pwtogn53L._SL500_.jpg" alt="Product Image"></a><p>Faber-Castell Art & Graphic Pitt Artist Pen India Ink Pen, Black, Wallet Of 4, For Art, Craft, Drawing, Sketching, Home, School, University, Colouring</p><p> -43% 0FF </p><p>$7.50 ($1.88 / Count)</p><a href="https://www.amazon.com/dp/B000TKEZDO?tag=eloabder-20&linkCode=osi&th=1&psc=1">View Product</a></div><div class="product"><a href="https://www.amazon.com/dp/B01M71S9DU?tag=eloabder-20&linkCode=osi&th=1&psc=1"><img src="https://m.media-amazon.com/images/I/41prZ6JB6AL._SL500_.jpg" alt="Product Image"></a><p>Tombow 62038 Fudenosuke Brush Pen, 2-Pack. Soft and Hard Tip Fudenosuke Brush Pens for Calligraphy and Art Drawings</p><p> -18% 0FF </p><p>$5.87</p><a href="https://www.amazon.com/dp/B01M71S9DU?tag=eloabder-20&linkCode=osi&th=1&psc=1">View Product</a></div>
<div class="product"><a href="https://www.amazon.com/dp/B08FHMRW4L?tag=eloabder-20&linkCode=osi&th=1&psc=1"><img src="https://m.media-amazon.com/images/I/51Pmn5gjyzL._SL500_.jpg" alt="Product Image"></a><p>Mr. Pen- Sketch Pencils for Drawing, 14 Pack, Drawing Pencils, Art Pencils, Graphite Pencils, Graphite Pencils for Drawing, Art Pencils for Drawing and Shading</p><p> -45% 0FF </p><p>$5.99</p><a href="https://www.amazon.com/dp/B08FHMRW4L?tag=eloabder-20&linkCode=osi&th=1&psc=1">View Product</a></div><div class="product"><a href="https://www.amazon.com/dp/B09H278RXT?tag=eloabder-20&linkCode=osi&th=1&psc=1"><img src="https://m.media-amazon.com/images/I/51RJXKELRPL._SL500_.jpg" alt="Product Image"></a><p>Drawing Pencils Set of 14 (B - 12B) Sketching Pencils for Drawing, Shading & Doodling | Professional Sketch Pencils Graphite Grades for Artists & Beginners</p><p> -29% 0FF </p><p>$4.97</p><a href="https://www.amazon.com/dp/B09H278RXT?tag=eloabder-20&linkCode=osi&th=1&psc=1">View Product</a></div><div class="product"><a href="https://www.amazon.com/dp/B00006RVSK?tag=eloabder-20&linkCode=osi&th=1&psc=1"><img src="https://m.media-amazon.com/images/I/31CY7jj4YQL._SL500_.jpg" alt="Product Image"></a><p>Prismacolor Ebony Graphite Drawing Pencils, Black, Adult Coloring, Box Of 12</p><p> -38% 0FF </p><p>$7.30</p><a href="https://www.amazon.com/dp/B00006RVSK?tag=eloabder-20&linkCode=osi&th=1&psc=1">View Product</a></div>
<div class="product"><a href="https://www.amazon.com/dp/B095WXRNCM?tag=eloabder-20&linkCode=osi&th=1&psc=1"><img src="https://m.media-amazon.com/images/I/61iX6E0qmVL._SL500_.jpg" alt="Product Image"></a><p>Soucolor 73 Art Supplies for Adults Kids, Art Kit Drawing Supplies Sketching Pencils Coloring Set with Sketchbook, Coloring Book, Charcoal Metallic Graphite for Shading Blending, Gifts for Teen</p><p> -15% 0FF </p><p>$16.99</p><a href="https://www.amazon.com/dp/B095WXRNCM?tag=eloabder-20&linkCode=osi&th=1&psc=1">View Product</a></div>
<div class="product"><a href="https://www.amazon.com/dp/B09SG2T299?tag=eloabder-20&linkCode=osi&th=1&psc=1"><img src="https://m.media-amazon.com/images/I/61BtYbHF-BL._SL500_.jpg" alt="Product Image"></a><p>LAVEVE Dried Flowers, 21 Bags 100% Natural Dried Flowers Herbs Kit for Soap Making, DIY Candle, Bath, Resin Jewelry Making - Include Lavender, Don't Forget Me, Lily, Rose Petals, Jasmine and More</p><p> -17% 0FF </p><p>$11.99</p><a href="https://www.amazon.com/dp/B09SG2T299?tag=eloabder-20&linkCode=osi&th=1&psc=1">View Product</a></div><div class="product"><a href="https://www.amazon.com/dp/B08L1K1RNV?tag=eloabder-20&linkCode=osi&th=1&psc=1"><img src="https://m.media-amazon.com/images/I/61byW5PthAL._SL500_.jpg" alt="Product Image"></a><p>9 Bags Dried Flowers,100% Natural Dried Flowers Herbs Kit for Soap Making, DIY Candle Making,Bath - Include Rose Petals,Lavender,Don't Forget Me,Lilium,Jasmine,Rosebudsand More</p><p> -17% 0FF </p><p>$7.49</p><a href="https://www.amazon.com/dp/B08L1K1RNV?tag=eloabder-20&linkCode=osi&th=1&psc=1">View Product</a></div><div class="product"><a href="https://www.amazon.com/dp/B09TS8KZ3T?tag=eloabder-20&linkCode=osi&th=1&psc=1"><img src="https://m.media-amazon.com/images/I/61uRBe-uccL._SL500_.jpg" alt="Product Image"></a><p>SACATR Dried Flowers, 50 Bags 100% Natural Dried Herbs Kit for Soap Making, Candle, Resin Jewelry Making, Bath, Nail - Include Rose Petals, Rosebuds, Lilium, Jasmine, Don't Forget Me and More</p><p> -9% 0FF </p><p>$29.99 ($0.60 / Count)</p><a href="https://www.amazon.com/dp/B09TS8KZ3T?tag=eloabder-20&linkCode=osi&th=1&psc=1">View Product</a></div><div class="product"><a href="https://www.amazon.com/dp/B08DCN3B4Q?tag=eloabder-20&linkCode=osi&th=1&psc=1"><img src="https://m.media-amazon.com/images/I/613OohyofUL._SL500_.jpg" alt="Product Image"></a><p>Vignee Real Dried Pressed Leaf Flowers-Multiple Colorful Pressed Flowers Daisies for Craft Resin Jewelry Making Art Craft DIY（Violet）</p><p> -29% 0FF </p><p>$9.98</p><a href="https://www.amazon.com/dp/B08DCN3B4Q?tag=eloabder-20&linkCode=osi&th=1&psc=1">View Product</a></div>

<div class="product"><a href="https://www.amazon.com/dp/B09TT6964Q?tag=eloabder-20&linkCode=osi&th=1&psc=1"><img src="https://m.media-amazon.com/images/I/41zwxyx8wzL._SL500_.jpg" alt="Product Image"></a><p>Pin Vise Hand Drill for Jewelry Making - Craft911 Manual Craft Drill Sharp HSS Micro Mini Twist Drill Bits Set, Small Rotary Tools for Wood, Plastic, Miniature - Blue</p><p> -38% 0FF </p><p>$9.99</p><a href="https://www.amazon.com/dp/B09TT6964Q?tag=eloabder-20&linkCode=osi&th=1&psc=1">View Product</a></div><div class="product"><a href="https://www.amazon.com/dp/B01LX208SY?tag=eloabder-20&linkCode=osi&th=1&psc=1"><img src="https://m.media-amazon.com/images/I/41c5iHU7GAL._SL500_.jpg" alt="Product Image"></a><p>Tamiya - 74041 - Accessory for Model - Mini Electric Drill</p><p> -12% 0FF </p><p>$28.00</p><a href="https://www.amazon.com/dp/B01LX208SY?tag=eloabder-20&linkCode=osi&th=1&psc=1">View Product</a></div><div class="product"><a href="https://www.amazon.com/dp/B00470PNBK?tag=eloabder-20&linkCode=osi&th=1&psc=1"><img src="https://m.media-amazon.com/images/I/51nCqbTfr0L._SL500_.jpg" alt="Product Image"></a><p>3" Metal Cutting Wheels W/ 1/4" Mandrel, 5Pc #80210</p><p> -8% 0FF </p><p>$12.85</p><a href="https://www.amazon.com/dp/B00470PNBK?tag=eloabder-20&linkCode=osi&th=1&psc=1">View Product</a></div><div class="product"><a href="https://www.amazon.com/dp/B07PVPC8G5?tag=eloabder-20&linkCode=osi&th=1&psc=1"><img src="https://m.media-amazon.com/images/I/416MxAcnl2L._SL500_.jpg" alt="Product Image"></a><p>WSOOX Square Hole Drill Bits for Wood, Woodworking Hole Saw Mortising Chisel Drill Bits (Size: 1/4 inch, 5/16 inch, 3/8 inch, 1/2 inch)</p><p> -15% 0FF </p><p>$22.99</p><a href="https://www.amazon.com/dp/B07PVPC8G5?tag=eloabder-20&linkCode=osi&th=1&psc=1">View Product</a></div>
<div class="product"><a href="https://www.amazon.com/dp/B00AQ72LF4?tag=eloabder-20&linkCode=osi&th=1&psc=1"><img src="https://m.media-amazon.com/images/I/41w7DkJ50YL._SL500_.jpg" alt="Product Image"></a><p>Rit Purpose Liquid Dye, 8 Oz, Royal Blue</p><p> -45% 0FF </p><p>$3.49</p><a href="https://www.amazon.com/dp/B00AQ72LF4?tag=eloabder-20&linkCode=osi&th=1&psc=1">View Product</a></div><div class="product"><a href="https://www.amazon.com/dp/B001JGNPM4?tag=eloabder-20&linkCode=osi&th=1&psc=1"><img src="https://m.media-amazon.com/images/I/41AmSK-Cv5L._SL500_.jpg" alt="Product Image"></a><p>Rit Dye RIT COLORSTAY, 8 fl oz, Clear</p><p> -30% 0FF </p><p>$3.49 ($0.44 / Fl Oz)</p><a href="https://www.amazon.com/dp/B001JGNPM4?tag=eloabder-20&linkCode=osi&th=1&psc=1">View Product</a></div><div class="product"><a href="https://www.amazon.com/dp/B00UL9GRJI?tag=eloabder-20&linkCode=osi&th=1&psc=1"><img src="https://m.media-amazon.com/images/I/412cjSJpuKL._SL500_.jpg" alt="Product Image"></a><p>Rit DyeMore Liquid Dye, Chocolate Brown 7-Ounce</p><p> -59% 0FF </p><p>$4.47</p><a href="https://www.amazon.com/dp/B00UL9GRJI?tag=eloabder-20&linkCode=osi&th=1&psc=1">View Product</a></div><div class="product"><a href="https://www.amazon.com/dp/B0BSGFBS77?tag=eloabder-20&linkCode=osi&th=1&psc=1"><img src="https://m.media-amazon.com/images/I/51sB3k7QpOL._SL500_.jpg" alt="Product Image"></a><p>YRYM HT Epoxy Resin Pigment - 16 Colors Non-Toxic Epoxy Resin Color Pigment for Resin Coloring, Concentrated Resin Dye for Jewelry Making, Art, Paint, Crafts - 0.35oz/10ml Each</p><p> -9% 0FF </p><p>$9.99</p><a href="https://www.amazon.com/dp/B0BSGFBS77?tag=eloabder-20&linkCode=osi&th=1&psc=1">View Product</a></div>
<div class="product"><a href="https://www.amazon.com/dp/B097SKG9VM?tag=eloabder-20&linkCode=osi&th=1&psc=1"><img src="https://m.media-amazon.com/images/I/410hj1m+piL._SL500_.jpg" alt="Product Image"></a><p>Artify Easel for Painting, Double-Tier Easel Stand, Adjustable Height from 22-66 Inches, Tripod for Painting and Display with Carrying Bag, 66 Inches, Black</p><p> -23% 0FF </p><p>$19.99</p><a href="https://www.amazon.com/dp/B097SKG9VM?tag=eloabder-20&linkCode=osi&th=1&psc=1">View Product</a></div><div class="product"><a href="https://www.amazon.com/dp/B0B1Z93G2C?tag=eloabder-20&linkCode=osi&th=1&psc=1"><img src="https://m.media-amazon.com/images/I/41clhL8HDkL._SL500_.jpg" alt="Product Image"></a><p>JNZYB Easel Stand for Display Wedding Sign & Poster - 63 Inches Tall Easle for Display Holder - Portable Collapsable Poster Easel - Floor Adjustable Metal Painting Easels Tripod Black</p><p> -14% 0FF </p><p>$17.99</p><a href="https://www.amazon.com/dp/B0B1Z93G2C?tag=eloabder-20&linkCode=osi&th=1&psc=1">View Product</a></div><div class="product"><a href="https://www.amazon.com/dp/B07Z5BTQR3?tag=eloabder-20&linkCode=osi&th=1&psc=1"><img src="https://m.media-amazon.com/images/I/41-YRD77X0L._SL500_.jpg" alt="Product Image"></a><p>Nicpro Folding Easels for Display, 2 Pack 63 Inch Metal Floor Easel Stand Tripod Black Portable for Artist Poster Wedding with Carry Bag</p><p> -12% 0FF </p><p>$26.49</p><a href="https://www.amazon.com/dp/B07Z5BTQR3?tag=eloabder-20&linkCode=osi&th=1&psc=1">View Product</a></div>
<div class="product"><a href="https://www.amazon.com/dp/B0BXKFPHG5?tag=eloabder-20&linkCode=osi&th=1&psc=1"><img src="https://m.media-amazon.com/images/I/511hcLWwsjL._SL500_.jpg" alt="Product Image"></a><p>NACHLYNN 12000 Pcs Flat Back Pearl 8 Sizes Flatback Pearl Beads Half Pearl Bead Half Round Pearls for Crafts Embellishment Shoes DIY Phone Case Making</p><p> -14% 0FF </p><p>$8.59 ($1.22 / Ounce)</p><a href="https://www.amazon.com/dp/B0BXKFPHG5?tag=eloabder-20&linkCode=osi&th=1&psc=1">View Product</a></div><div class="product"><a href="https://www.amazon.com/dp/B07TC687GQ?tag=eloabder-20&linkCode=osi&th=1&psc=1"><img src="https://m.media-amazon.com/images/I/61k7NI1MJTL._SL500_.jpg" alt="Product Image"></a><p>125 PCS Vintage Skeleton Key Set Charms, JIALEEY Mixed Antique Style Bronze Brass for Pendant DIY Jewelry Making Wedding Party Favors</p><p> -42% 0FF </p><p>$6.99</p><a href="https://www.amazon.com/dp/B07TC687GQ?tag=eloabder-20&linkCode=osi&th=1&psc=1">View Product</a></div><div class="product"><a href="https://www.amazon.com/dp/B06XWWH3SR?tag=eloabder-20&linkCode=osi&th=1&psc=1"><img src="https://m.media-amazon.com/images/I/61f1Q0IyVcL._SL500_.jpg" alt="Product Image"></a><p>JPSOR 600pcs Gems Jewels for Crafts, Acrylic Flatback Rhinestones for Halloween Pirate Party Decorations, Crafting Embellishments Gemstone (6 Shapes, 6-13mm)</p><p> -32% 0FF </p><p>$6.29</p><a href="https://www.amazon.com/dp/B06XWWH3SR?tag=eloabder-20&linkCode=osi&th=1&psc=1">View Product</a></div>
<div class="product"><a href="https://www.amazon.com/dp/B0B3CNZR5K?tag=eloabder-20&linkCode=osi&th=1&psc=1"><img src="https://m.media-amazon.com/images/I/41YsiLVF9bL._SL500_.jpg" alt="Product Image"></a><p>SPELLBINDERS PAPERCRAFTS, INC 3D Embossing Folder Beau Bloom, Opaque</p><p> -22% 0FF </p><p>$11.64</p><a href="https://www.amazon.com/dp/B0B3CNZR5K?tag=eloabder-20&linkCode=osi&th=1&psc=1">View Product</a></div><div class="product"><a href="https://www.amazon.com/dp/B06Y2J6NS2?tag=eloabder-20&linkCode=osi&th=1&psc=1"><img src="https://m.media-amazon.com/images/I/51pgkVjniuL._SL500_.jpg" alt="Product Image"></a><p>Sizzix, Multi Color, One Size Embossing Folder 661824, Lace</p><p> -43% 0FF </p><p>$7.37</p><a href="https://www.amazon.com/dp/B06Y2J6NS2?tag=eloabder-20&linkCode=osi&th=1&psc=1">View Product</a></div>
<div class="product"><a href="https://www.amazon.com/dp/B00J39I2F4?tag=eloabder-20&linkCode=osi&th=1&psc=1"><img src="https://m.media-amazon.com/images/I/5135vUrjueL._SL500_.jpg" alt="Product Image"></a><p>Ranger Embossing Powder, .56 Ounce Jar, Super Fine Black</p><p> -8% 0FF </p><p>$6.80</p><a href="https://www.amazon.com/dp/B00J39I2F4?tag=eloabder-20&linkCode=osi&th=1&psc=1">View Product</a></div><div class="product"><a href="https://www.amazon.com/dp/B0013JROB0?tag=eloabder-20&linkCode=osi&th=1&psc=1"><img src="https://m.media-amazon.com/images/I/41uM-s9fN6L._SL500_.jpg" alt="Product Image"></a><p>Ranger Ultra Thick Embossing Powder 6-ounce, Clear</p><p> -9% 0FF </p><p>$16.35 ($2.72 / Ounce)</p><a href="https://www.amazon.com/dp/B0013JROB0?tag=eloabder-20&linkCode=osi&th=1&psc=1">View Product</a></div>
<div class="product"><a href="https://www.amazon.com/dp/B07QFRD6SQ?tag=eloabder-20&linkCode=osi&th=1&psc=1"><img src="https://m.media-amazon.com/images/I/41tmpE54CvL._SL500_.jpg" alt="Product Image"></a><p>ABenkle 10Pcs Dotting Tools Ball Styluses for Rock Painting, Pottery Clay Modeling Embossing Art Mandala</p><p> -14% 0FF </p><p>$5.99 ($0.60 / Count)</p><a href="https://www.amazon.com/dp/B07QFRD6SQ?tag=eloabder-20&linkCode=osi&th=1&psc=1">View Product</a></div><div class="product"><a href="https://www.amazon.com/dp/B07SSCN6V1?tag=eloabder-20&linkCode=osi&th=1&psc=1"><img src="https://m.media-amazon.com/images/I/311dLXgZYOL._SL500_.jpg" alt="Product Image"></a><p>Sizzix Heat Tool , Dual Speed, US Version for Shrink Plastic, Moulding, Embossing, Scrapbooking, Cardmaking, Papercraft & DIY, Multi Color, One Size, Multicolour</p><p> -34% 0FF </p><p>$21.19</p><a href="https://www.amazon.com/dp/B07SSCN6V1?tag=eloabder-20&linkCode=osi&th=1&psc=1">View Product</a></div>
<div class="product"><a href="https://www.amazon.com/dp/B077Z5VJHN?tag=eloabder-20&linkCode=osi&th=1&psc=1"><img src="https://m.media-amazon.com/images/I/513G8qFSDiL._SL500_.jpg" alt="Product Image"></a><p>New brothread 40 Brother Colors Polyester Embroidery Machine Thread Kit 500M (550Y) Each Spool for Brother Babylock Janome Singer Pfaff Husqvarna Bernina Sewing Machines</p><p> -30% 0FF </p><p>$25.99 ($0.00 / Foot)</p><a href="https://www.amazon.com/dp/B077Z5VJHN?tag=eloabder-20&linkCode=osi&th=1&psc=1">View Product</a></div>
<div class="product"><a href="https://www.amazon.com/dp/B09TNBFF73?tag=eloabder-20&linkCode=osi&th=1&psc=1"><img src="https://m.media-amazon.com/images/I/51NHCkApGGL._SL500_.jpg" alt="Product Image"></a><p>Beech Wood Tapestry Scroll Embroidery Frames, Needlepoint Cross Stitch Holder, Quilting Frames, Needlepoint Holder, Stitching Frame for Sewing, Cross Stitch, Embroidery Projects</p><p> -7% 0FF </p><p>$25.99</p><a href="https://www.amazon.com/dp/B09TNBFF73?tag=eloabder-20&linkCode=osi&th=1&psc=1">View Product</a></div>
<div class="product"><a href="https://www.amazon.com/dp/B07K9HHRW9?tag=eloabder-20&linkCode=osi&th=1&psc=1"><img src="https://m.media-amazon.com/images/I/51Ywxes9hYL._SL500_.jpg" alt="Product Image"></a><p>Caydo 12 Pieces 6 Inch Embroidery Hoops Set Bulk Circle Cross Stitch Hoop Round Ring</p><p> -42% 0FF </p><p>$17.99</p><a href="https://www.amazon.com/dp/B07K9HHRW9?tag=eloabder-20&linkCode=osi&th=1&psc=1">View Product</a></div>
<div class="product"><a href="https://www.amazon.com/dp/B084T4PTN7?tag=eloabder-20&linkCode=osi&th=1&psc=1"><img src="https://m.media-amazon.com/images/I/51CvRgFO-nL._SL500_.jpg" alt="Product Image"></a><p>53 Pieces Cross Stitch Tool Embroidery Starter Kit, includes Bamboo Circle Cross Stitch Hoop Ring, Vintage Sewing Scissors, Needle-Threading Tools, Thimbles, Floss Bobbins, Seam Ripper and Embroidery</p><p> -6% 0FF </p><p>$14.99</p><a href="https://www.amazon.com/dp/B084T4PTN7?tag=eloabder-20&linkCode=osi&th=1&psc=1">View Product</a></div><div class="product"><a href="https://www.amazon.com/dp/B0BZP6ZGN8?tag=eloabder-20&linkCode=osi&th=1&psc=1"><img src="https://m.media-amazon.com/images/I/51mlLtsppFL._SL500_.jpg" alt="Product Image"></a><p>Picoey Modern Flower Heart Embroidery Kit for Beginners with Pattern and Instructions,4 Pack Cross Stitch Kits,2 Wooden Embroidery Hoops,Threads and Needles,Needlepoint Kit for Adults</p><p> -20% 0FF </p><p>$14.39</p><a href="https://www.amazon.com/dp/B0BZP6ZGN8?tag=eloabder-20&linkCode=osi&th=1&psc=1">View Product</a></div>
<div class="product"><a href="https://www.amazon.com/dp/B0893412R4?tag=eloabder-20&linkCode=osi&th=1&psc=1"><img src="https://m.media-amazon.com/images/I/51UQ3vEfiIL._SL500_.jpg" alt="Product Image"></a><p>23 PCS Large Eye Sewing Needles, 2.36in Sewing Sharp Needles, Leather Needle Embroidery Thread Needle, Stainless Steel Yarn Knitting Needles with a 3.3in Plastic Bottle</p><p> -26% 0FF </p><p>$3.99</p><a href="https://www.amazon.com/dp/B0893412R4?tag=eloabder-20&linkCode=osi&th=1&psc=1">View Product</a></div><div class="product"><a href="https://www.amazon.com/dp/B0CR16V8LH?tag=eloabder-20&linkCode=osi&th=1&psc=1"><img src="https://m.media-amazon.com/images/I/51seXBZrmSL._SL500_.jpg" alt="Product Image"></a><p>FIVEIZERO 30-Count Premium Hand Sewing Needles, 6 Sizes Embroidery Needles Kit with Threaders for Hand Sewing Crafts,Large Eye Sewing Needle Kit for Art and Craft Projects</p><p> -33% 0FF </p><p>$3.99</p><a href="https://www.amazon.com/dp/B0CR16V8LH?tag=eloabder-20&linkCode=osi&th=1&psc=1">View Product</a></div><div class="product"><a href="https://www.amazon.com/dp/B0C52SWHNY?tag=eloabder-20&linkCode=osi&th=1&psc=1"><img src="https://m.media-amazon.com/images/I/51PTOYvxsuL._SL500_.jpg" alt="Product Image"></a><p>FIVEIZERO 80/40 PCS Large Eye Sewing Needles, 7 Sizes Sewing Sharp Needles, Leather Needle Embroidery Thread Needle, Stainless Steel Yarn Knitting Needles with Threaders for Handsewing Art Crafts CJ</p><p> -29% 0FF </p><p>$4.99</p><a href="https://www.amazon.com/dp/B0C52SWHNY?tag=eloabder-20&linkCode=osi&th=1&psc=1">View Product</a></div><div class="product"><a href="https://www.amazon.com/dp/B000YQEVYQ?tag=eloabder-20&linkCode=osi&th=1&psc=1"><img src="https://m.media-amazon.com/images/I/31ofpWcLFnL._SL500_.jpg" alt="Product Image"></a><p>Clover Gold Eye Embroidery Needles Size 3-9 - 16 Pack</p><p> -34% 0FF </p><p>$4.72 ($0.30 / Count)</p><a href="https://www.amazon.com/dp/B000YQEVYQ?tag=eloabder-20&linkCode=osi&th=1&psc=1">View Product</a></div><div class="product"><a href="https://www.amazon.com/dp/B08FG2SW2J?tag=eloabder-20&linkCode=osi&th=1&psc=1"><img src="https://m.media-amazon.com/images/I/51NLNzyOQiL._SL500_.jpg" alt="Product Image"></a><p>KYUEWRT 25 Large Eye Embroidery Needles-5 Sizes Big Eye Hand Sewing Needles in Aluminum Storage Tube</p><p> -9% 0FF </p><p>$4.99</p><a href="https://www.amazon.com/dp/B08FG2SW2J?tag=eloabder-20&linkCode=osi&th=1&psc=1">View Product</a></div>
<div class="product"><a href="https://www.amazon.com/dp/B007X6YQO0?tag=eloabder-20&linkCode=osi&th=1&psc=1"><img src="https://m.media-amazon.com/images/I/51zNbVKMfBL._SL500_.jpg" alt="Product Image"></a><p>Aunt Martha's 402 Flowers and Butterflies Embroidery Transfer Pattern Book, Over 25 Iron On Patterns</p><p> -9% 0FF </p><p>$5.31 ($0.21 / Count)</p><a href="https://www.amazon.com/dp/B007X6YQO0?tag=eloabder-20&linkCode=osi&th=1&psc=1">View Product</a></div><div class="product"><a href="https://www.amazon.com/dp/B0C53Y6RT5?tag=eloabder-20&linkCode=osi&th=1&psc=1"><img src="https://m.media-amazon.com/images/I/51V0SAIOO-L._SL500_.jpg" alt="Product Image"></a><p>Patemby 50Pcs Water Soluble Embroidery Stabilizers, Stick and Stitch Embroidery Paper with Pre-Printed Flowers and Leaves Pattern Transfers for Hand Sewing Lover Beginners (Flower)</p><p> -40% 0FF </p><p>$5.99</p><a href="https://www.amazon.com/dp/B0C53Y6RT5?tag=eloabder-20&linkCode=osi&th=1&psc=1">View Product</a></div>
<div class="product"><a href="https://www.amazon.com/dp/B08TBFJL83?tag=eloabder-20&linkCode=osi&th=1&psc=1"><img src="https://m.media-amazon.com/images/I/41TUv5gIsaL._SL500_.jpg" alt="Product Image"></a><p>Hisuper Sewing scissors sharp Embroidery Crafting Threading Scissors with Leather Scissors Cover for Needlework Craft Art Work Manual Handicraft DIY Tool</p><p> -30% 0FF </p><p>$6.99</p><a href="https://www.amazon.com/dp/B08TBFJL83?tag=eloabder-20&linkCode=osi&th=1&psc=1">View Product</a></div>

<div class="product"><a href="https://www.amazon.com/dp/B00YTF1GEQ?tag=eloabder-20&linkCode=osi&th=1&psc=1"><img src="https://m.media-amazon.com/images/I/31MocDOlO8L._SL500_.jpg" alt="Product Image"></a><p>We R Memory Keepers 123 Punch Board, Create Custom Envelopes, Boxes, and Bows, All-in-on Punch Board, Use with Cardstock or Favorite Paper, Gift Boxes, Birthdays, Holidays, Wedding Showers, Parties</p><p> -13% 0FF </p><p>$34.99</p><a href="https://www.amazon.com/dp/B00YTF1GEQ?tag=eloabder-20&linkCode=osi&th=1&psc=1">View Product</a></div><div class="product"><a href="https://www.amazon.com/dp/B01N3SGEJK?tag=eloabder-20&linkCode=osi&th=1&psc=1"><img src="https://m.media-amazon.com/images/I/51pcQCzILiL._SL500_.jpg" alt="Product Image"></a><p>Fiskars Crafts 119310 Gifting Board, Box</p><p> -44% 0FF </p><p>$25.73</p><a href="https://www.amazon.com/dp/B01N3SGEJK?tag=eloabder-20&linkCode=osi&th=1&psc=1">View Product</a></div><div class="product"><a href="https://www.amazon.com/dp/B07JQRP21Z?tag=eloabder-20&linkCode=osi&th=1&psc=1"><img src="https://m.media-amazon.com/images/I/31KO1DEz5-L._SL500_.jpg" alt="Product Image"></a><p>We R Memory Keepers Pocket Maker Punch Board, 6-Piece, Create Pockets to Store Keepsakes Over 100 Pocket Sizes, for Journaling, Scrapbooking, & More</p><p> -17% 0FF </p><p>$19.99</p><a href="https://www.amazon.com/dp/B07JQRP21Z?tag=eloabder-20&linkCode=osi&th=1&psc=1">View Product</a></div>
<div class="product"><a href="https://www.amazon.com/dp/B09QH6XVZ4?tag=eloabder-20&linkCode=osi&th=1&psc=1"><img src="https://m.media-amazon.com/images/I/51yWxODJn-L._SL500_.jpg" alt="Product Image"></a><p>Beast Bond Epoxy Resin - Ultra-Gloss 1 Gallon Kit, Crystal Clear, Self-Leveling, UV & Impact Resistant Resin Kit for Art, Jewelry, Tables & Countertops, Easy 1:1 Mix, DIY Crafts</p><p> -30% 0FF </p><p>$59.99 ($0.47 / Fl Oz)</p><a href="https://www.amazon.com/dp/B09QH6XVZ4?tag=eloabder-20&linkCode=osi&th=1&psc=1">View Product</a></div><div class="product"><a href="https://www.amazon.com/dp/B0CQHB3Q7L?tag=eloabder-20&linkCode=osi&th=1&psc=1"><img src="https://m.media-amazon.com/images/I/41jKVM9F+gL._SL500_.jpg" alt="Product Image"></a><p>DR. RESIN Crystal Clear 1 Gallon Epoxy Resin, No Yellowing, Self-Leveling, Bubble Free Resin Kit for Jewelry Tabletop Tumbler DIY Craft</p><p> -32% 0FF </p><p>$33.99 ($0.27 / Fl Oz)</p><a href="https://www.amazon.com/dp/B0CQHB3Q7L?tag=eloabder-20&linkCode=osi&th=1&psc=1">View Product</a></div>
<div class="product"><a href="https://www.amazon.com/dp/B00178QSE6?tag=eloabder-20&linkCode=osi&th=1&psc=1"><img src="https://m.media-amazon.com/images/I/41TpXXoryLL._SL500_.jpg" alt="Product Image"></a><p>Aleene's 23473 Fabric Fusion Permanent Fabric Adhesive ,Clear,4oz</p><p> -29% 0FF </p><p>$6.36</p><a href="https://www.amazon.com/dp/B00178QSE6?tag=eloabder-20&linkCode=osi&th=1&psc=1">View Product</a></div><div class="product"><a href="https://www.amazon.com/dp/B0018NA0F8?tag=eloabder-20&linkCode=osi&th=1&psc=1"><img src="https://m.media-amazon.com/images/I/317ioF63wNS._SL500_.jpg" alt="Product Image"></a><p>Dritz Original Liquid Stitch, 4-Fluid Ounce</p><p> -23% 0FF </p><p>$7.19 ($1.80 / Fl Oz)</p><a href="https://www.amazon.com/dp/B0018NA0F8?tag=eloabder-20&linkCode=osi&th=1&psc=1">View Product</a></div><div class="product"><a href="https://www.amazon.com/dp/B0752XM8VN?tag=eloabder-20&linkCode=osi&th=1&psc=1"><img src="https://m.media-amazon.com/images/I/41vGEzJkTDL._SL500_.jpg" alt="Product Image"></a><p>Gorilla Heavy Duty Spray Adhesive, Multipurpose and Repositionable, 14 Ounce, Clear, (Pack of 1)</p><p> -7% 0FF </p><p>$12.12 ($0.87 / Ounce)</p><a href="https://www.amazon.com/dp/B0752XM8VN?tag=eloabder-20&linkCode=osi&th=1&psc=1">View Product</a></div><div class="product"><a href="https://www.amazon.com/dp/B00IR153UG?tag=eloabder-20&linkCode=osi&th=1&psc=1"><img src="https://m.media-amazon.com/images/I/41TA7zL8KWL._SL500_.jpg" alt="Product Image"></a><p>E6000 565004 Fabri-Fuse Adhesive - 4 fl oz Shelf Bottle</p><p> -32% 0FF </p><p>$8.14 ($2.04 / Fl Oz)</p><a href="https://www.amazon.com/dp/B00IR153UG?tag=eloabder-20&linkCode=osi&th=1&psc=1">View Product</a></div>

<div class="product"><a href="https://www.amazon.com/dp/B0CZM9L4SP?tag=eloabder-20&linkCode=osi&th=1&psc=1"><img src="https://m.media-amazon.com/images/I/410gggXHgKL._SL500_.jpg" alt="Product Image"></a><p>Craft Crush Wire Flowers - Create Unique Craft Wire Flower Designs with Easy to Use Tool and Guide with Display Stand - for Teens and Adults Ages 12, 13, 14, 15 and Up</p><p> -6% 0FF </p><p>$18.76</p><a href="https://www.amazon.com/dp/B0CZM9L4SP?tag=eloabder-20&linkCode=osi&th=1&psc=1">View Product</a></div><div class="product"><a href="https://www.amazon.com/dp/B0C8CTL1TX?tag=eloabder-20&linkCode=osi&th=1&psc=1"><img src="https://m.media-amazon.com/images/I/51pZKpeKoHL._SL500_.jpg" alt="Product Image"></a><p>Pom Pom Painting Art Kit for Beginners, Perfect Craft Projects for Adults, Colorful Pom Poms and Supplies Included, DIY Pom Pom Painting on Paint Canvas.(Sunflower)</p><p> -25% 0FF </p><p>$11.99</p><a href="https://www.amazon.com/dp/B0C8CTL1TX?tag=eloabder-20&linkCode=osi&th=1&psc=1">View Product</a></div>
<div class="product"><a href="https://www.amazon.com/dp/B076CP6F36?tag=eloabder-20&linkCode=osi&th=1&psc=1"><img src="https://m.media-amazon.com/images/I/51rfEIvgI+L._SL500_.jpg" alt="Product Image"></a><p>Apple Barrel, Vibrant Spectrum Collection Acrylic Craft Paint, PROMOABIII, 2 fl oz each, 16 assorted matte colors, 16 count</p><p> -6% 0FF </p><p>$15.97 ($0.50 / Fl Oz)</p><a href="https://www.amazon.com/dp/B076CP6F36?tag=eloabder-20&linkCode=osi&th=1&psc=1">View Product</a></div><div class="product"><a href="https://www.amazon.com/dp/B0018NBVKQ?tag=eloabder-20&linkCode=osi&th=1&psc=1"><img src="https://m.media-amazon.com/images/I/31YlSvZMTCL._SL500_.jpg" alt="Product Image"></a><p>Apple Barrel Acrylic Paint in Assorted Colors (8 Ounce), 20403 White</p><p> -34% 0FF </p><p>$2.97 ($0.37 / Fl Oz)</p><a href="https://www.amazon.com/dp/B0018NBVKQ?tag=eloabder-20&linkCode=osi&th=1&psc=1">View Product</a></div><div class="product"><a href="https://www.amazon.com/dp/B08QNJ7KSF?tag=eloabder-20&linkCode=osi&th=1&psc=1"><img src="https://m.media-amazon.com/images/I/61pzWyQ8+vL._SL500_.jpg" alt="Product Image"></a><p>Acrylic Paint Set Canvas Art Paints 24 Colors (0.41oz,12 ml) With 3 Brushes - Painting Canvas, Paper, Wood, Rock, Ceramic & Fabric</p><p> -37% 0FF </p><p>$9.99 ($1.04 / Fl Oz)</p><a href="https://www.amazon.com/dp/B08QNJ7KSF?tag=eloabder-20&linkCode=osi&th=1&psc=1">View Product</a></div><div class="product"><a href="https://www.amazon.com/dp/B0CYLMHHC1?tag=eloabder-20&linkCode=osi&th=1&psc=1"><img src="https://m.media-amazon.com/images/I/510S5ZntMHL._SL500_.jpg" alt="Product Image"></a><p>Nicpro 14 Colors Large Bulk Acrylic Paint Set (16.9 oz, 500 ml) Non Toxic Art Painting Supplies for Multi Surface Fabric Canvas Wood Leather Stone, Craft Paint for Kid & Adult with Color Wheel</p><p> -14% 0FF </p><p>$49.99 ($0.21 / Fl Oz)</p><a href="https://www.amazon.com/dp/B0CYLMHHC1?tag=eloabder-20&linkCode=osi&th=1&psc=1">View Product</a></div><div class="product"><a href="https://www.amazon.com/dp/B0829R16YG?tag=eloabder-20&linkCode=osi&th=1&psc=1"><img src="https://m.media-amazon.com/images/I/51i5zSZyD8L._SL500_.jpg" alt="Product Image"></a><p>Apple Barrel Essentials Acrylic Paint Set, 12, 24 Fl Oz (Pack of 1)</p><p> -30% 0FF </p><p>$11.24 ($0.47 / Fl Oz)</p><a href="https://www.amazon.com/dp/B0829R16YG?tag=eloabder-20&linkCode=osi&th=1&psc=1">View Product</a></div>
<div class="product"><a href="https://www.amazon.com/dp/B0CHTZD63Q?tag=eloabder-20&linkCode=osi&th=1&psc=1"><img src="https://m.media-amazon.com/images/I/511hgeOlnkL._SL500_.jpg" alt="Product Image"></a><p>Secopad Scrapbook Tape, 4 Pack Double Sided Tape Roller for Crafts, Adhesive Tape Glue Runner Scrapbooking Supplies Journaling School Office for Kids and Adults, 0.3IN x 26FT</p><p> -22% 0FF </p><p>$6.99 ($1.75 / Count)</p><a href="https://www.amazon.com/dp/B0CHTZD63Q?tag=eloabder-20&linkCode=osi&th=1&psc=1">View Product</a></div><div class="product"><a href="https://www.amazon.com/dp/B07Y3VDPLF?tag=eloabder-20&linkCode=osi&th=1&psc=1"><img src="https://m.media-amazon.com/images/I/41cyKQ2OMuL._SL500_.jpg" alt="Product Image"></a><p>Melsan 1x4 inch Hook and Loop Strips with Adhesive - 15 Sets, Strong Back Adhesive Fasten Mounting Tape for Home or Office Use - Instead of Holes and Screws, Black</p><p> -24% 0FF </p><p>$9.90</p><a href="https://www.amazon.com/dp/B07Y3VDPLF?tag=eloabder-20&linkCode=osi&th=1&psc=1">View Product</a></div><div class="product"><a href="https://www.amazon.com/dp/B0CC98XLGL?tag=eloabder-20&linkCode=osi&th=1&psc=1"><img src="https://m.media-amazon.com/images/I/51ZLw+nThiL._SL500_.jpg" alt="Product Image"></a><p>HUIRUSO 4 Pack Double Sided Tape Roller, Scrapbook Supplies, Glue Tape Roller for Crafts, Double-Sided Adhesive Tape Runner for Scrapbooking, School Office Journaling Supplies (0.31 in X 26.25 ft)</p><p> -9% 0FF </p><p>$6.99 ($1.75 / Count)</p><a href="https://www.amazon.com/dp/B0CC98XLGL?tag=eloabder-20&linkCode=osi&th=1&psc=1">View Product</a></div><div class="product"><a href="https://www.amazon.com/dp/B0CY2CFX3Z?tag=eloabder-20&linkCode=osi&th=1&psc=1"><img src="https://m.media-amazon.com/images/I/31ZLCJqpwCL._SL500_.jpg" alt="Product Image"></a><p>JEWOSTER 16 Sets 1x4 Inch Hook and Loop Strips with Adhesive - Double Sided Tape Heavy Duty for Wall Crafts - Sticky Back Fastener Mounting Tape for Home or Office Use,Indoor & Outdoor Use,Black</p><p> -15% 0FF </p><p>$2.98</p><a href="https://www.amazon.com/dp/B0CY2CFX3Z?tag=eloabder-20&linkCode=osi&th=1&psc=1">View Product</a></div><div class="product"><a href="https://www.amazon.com/dp/B0CGVPMJBP?tag=eloabder-20&linkCode=osi&th=1&psc=1"><img src="https://m.media-amazon.com/images/I/51zEyhfBRuL._SL500_.jpg" alt="Product Image"></a><p>30Ft x 1 Inch Hook and Loop Strips with Adhesive, Double Rolls of Heavy Duty Self Adhesive Tape with Backing, Nylon Self Adhesive Tape for Home Office School and Crafting,Black</p><p> -17% 0FF </p><p>$9.99</p><a href="https://www.amazon.com/dp/B0CGVPMJBP?tag=eloabder-20&linkCode=osi&th=1&psc=1">View Product</a></div>
<div class="product"><a href="https://www.amazon.com/dp/B092D2YB8R?tag=eloabder-20&linkCode=osi&th=1&psc=1"><img src="https://m.media-amazon.com/images/I/41dc0rFLWKL._SL500_.jpg" alt="Product Image"></a><p>Gocheer Airbrush Kit with Air Compressor, 40 PSI High Pressure Air Brush Non-Clogging with 0.2/0.3/0.5mm Nozzle/Cleaning Sets, Ideal for Painting, Modeling, Cake Decor, Pastry, Makeup, Nail Art etc.</p><p> -25% 0FF </p><p>$59.99 ($60.60 / Count)</p><a href="https://www.amazon.com/dp/B092D2YB8R?tag=eloabder-20&linkCode=osi&th=1&psc=1">View Product</a></div><div class="product"><a href="https://www.amazon.com/dp/B009YNG21U?tag=eloabder-20&linkCode=osi&th=1&psc=1"><img src="https://m.media-amazon.com/images/I/51w-pNifHUL._SL500_.jpg" alt="Product Image"></a><p>Master Airbrush Cool Runner II Dual Fan Air Compressor Professional Airbrushing System Kit with 3 Airbrushes, Gravity and Siphon Feed - Holder, Color Mixing Wheel, Cleaning Brush Set, How-To Guide</p><p> -32% 0FF </p><p>$129.99</p><a href="https://www.amazon.com/dp/B009YNG21U?tag=eloabder-20&linkCode=osi&th=1&psc=1">View Product</a></div><div class="product"><a href="https://www.amazon.com/dp/B00EKT30JK?tag=eloabder-20&linkCode=osi&th=1&psc=1"><img src="https://m.media-amazon.com/images/I/51+LnhnmT4L._SL500_.jpg" alt="Product Image"></a><p>Master Airbrush Cool Runner II Dual Fan Air Compressor Professional Airbrushing System Kit with 3 Airbrushes, Gravity and Siphon Feed - 6 Primary Opaque Colors Acrylic Paint Artist Set - How to Guide</p><p> -21% 0FF </p><p>$149.99</p><a href="https://www.amazon.com/dp/B00EKT30JK?tag=eloabder-20&linkCode=osi&th=1&psc=1">View Product</a></div><div class="product"><a href="https://www.amazon.com/dp/B002KJDXHQ?tag=eloabder-20&linkCode=osi&th=1&psc=1"><img src="https://m.media-amazon.com/images/I/511zMf+d1jL._SL500_.jpg" alt="Product Image"></a><p>Master Airbrush G233 Pro Set with 3 Nozzle Sets - Dual-Action Gravity Feed Airbrush with Cutaway Handle and How-To Guide</p><p> -20% 0FF </p><p>$39.99</p><a href="https://www.amazon.com/dp/B002KJDXHQ?tag=eloabder-20&linkCode=osi&th=1&psc=1">View Product</a></div><div class="product"><a href="https://www.amazon.com/dp/B0C9TL5YCS?tag=eloabder-20&linkCode=osi&th=1&psc=1"><img src="https://m.media-amazon.com/images/I/41SP-k5zrTL._SL500_.jpg" alt="Product Image"></a><p>Airbrush Kit with Compressor - 48PSI Rechargeable Cordless Non-Clogging High-Pressure Air Brush Set with 0.3mm Nozzle and Cleaning Brush Set for Nail Art, Makeup, Painting, Cake Decor</p><p> -25% 0FF </p><p>$29.99</p><a href="https://www.amazon.com/dp/B0C9TL5YCS?tag=eloabder-20&linkCode=osi&th=1&psc=1">View Product</a></div><div class="product"><a href="https://www.amazon.com/dp/B0D8KHCP94?tag=eloabder-20&linkCode=osi&th=1&psc=1"><img src="https://m.media-amazon.com/images/I/41Kr4UJcgYL._SL500_.jpg" alt="Product Image"></a><p>Airbrush Kit with Compressor - 48PSI High-Pressure, Non-Clogging Air Brush Set Cordless Rechargeable with 0.3mm Nozzle and Cleaning Brush for Nail Art, Makeup, Painting, and Cake Decorating</p><p> -17% 0FF </p><p>$29.99</p><a href="https://www.amazon.com/dp/B0D8KHCP94?tag=eloabder-20&linkCode=osi&th=1&psc=1">View Product</a></div><div class="product"><a href="https://www.amazon.com/dp/B0CPBK2RL8?tag=eloabder-20&linkCode=osi&th=1&psc=1"><img src="https://m.media-amazon.com/images/I/41dO63RKanL._SL500_.jpg" alt="Product Image"></a><p>Airbrush for Nails Cordless Portable Airbrush Kit with Compressor 30PSI High-Pressure Rechargeable Air Brush Spray Machine with 0.3mm Nozzle for Painting Makeup Model Barber Cookie Cake (Pink)</p><p> -20% 0FF </p><p>$31.99</p><a href="https://www.amazon.com/dp/B0CPBK2RL8?tag=eloabder-20&linkCode=osi&th=1&psc=1">View Product</a></div>
<div class="product"><a href="https://www.amazon.com/dp/B0CYLCF5JJ?tag=eloabder-20&linkCode=osi&th=1&psc=1"><img src="https://m.media-amazon.com/images/I/511e1hcb5sL._SL500_.jpg" alt="Product Image"></a><p>2772Pcs Alphabet Stickers 22 Sheets 1 Inches Alphabet Number Stickers Self Adhesive Sticker Vinyl Stickers,for Notebook, Labels,Scrapbooking Crafts，DIY Crafts Art Making(Black)</p><p> -50% 0FF </p><p>$4.99 ($0.00 / Count)</p><a href="https://www.amazon.com/dp/B0CYLCF5JJ?tag=eloabder-20&linkCode=osi&th=1&psc=1">View Product</a></div>
<div class="product"><a href="https://www.amazon.com/dp/B0C8CMBYC5?tag=eloabder-20&linkCode=osi&th=1&psc=1"><img src="https://m.media-amazon.com/images/I/61Hrv0JwdPL._SL500_.jpg" alt="Product Image"></a><p>HAPTIME 50 Pcs Mini Dinosaur Figures, Mini Resin Animals to Hide, Sensory Bin/Treasure Box Toys, Bulk Plastic Dinosaur Party Favors, Small Classroom Prizes, Tiny Figurines for Kids, Vase Filler</p><p> -29% 0FF </p><p>$9.99</p><a href="https://www.amazon.com/dp/B0C8CMBYC5?tag=eloabder-20&linkCode=osi&th=1&psc=1">View Product</a></div><div class="product"><a href="https://www.amazon.com/dp/B08R1CBG39?tag=eloabder-20&linkCode=osi&th=1&psc=1"><img src="https://m.media-amazon.com/images/I/414R+Abh3gL._SL500_.jpg" alt="Product Image"></a><p>Unfinished Wood Animal Ornament Blank Wood Rabbit Peg Doll Figure Cutout Table Statue Model Desktop Centerpiece for DIY Painting Home Office Decor</p><p> -47% 0FF </p><p>$4.99</p><a href="https://www.amazon.com/dp/B08R1CBG39?tag=eloabder-20&linkCode=osi&th=1&psc=1">View Product</a></div>
<div class="product"><a href="https://www.amazon.com/dp/B08L4Y3HF9?tag=eloabder-20&linkCode=osi&th=1&psc=1"><img src="https://m.media-amazon.com/images/I/61z57ge6bVL._SL500_.jpg" alt="Product Image"></a><p>Harsgs 60pcs Random Assorted Styles Embroidered Patches, Bright Vivid Colors, Sew On/Iron On Patch Applique for Clothes, Dress, Hat, Jeans, DIY Accessories</p><p> -19% 0FF </p><p>$12.99 ($0.22 / Count)</p><a href="https://www.amazon.com/dp/B08L4Y3HF9?tag=eloabder-20&linkCode=osi&th=1&psc=1">View Product</a></div><div class="product"><a href="https://www.amazon.com/dp/B0C9DFB69D?tag=eloabder-20&linkCode=osi&th=1&psc=1"><img src="https://m.media-amazon.com/images/I/417GE2p61GL._SL500_.jpg" alt="Product Image"></a><p>18" Large Sparkle Rhinestones and Sequin Red Snake Shaped Patches Applique Trim Ribbon for Outfit Pack of 3</p><p> -5% 0FF </p><p>$37.95 ($12.65 / Count)</p><a href="https://www.amazon.com/dp/B0C9DFB69D?tag=eloabder-20&linkCode=osi&th=1&psc=1">View Product</a></div><div class="product"><a href="https://www.amazon.com/dp/B08T9BM9D9?tag=eloabder-20&linkCode=osi&th=1&psc=1"><img src="https://m.media-amazon.com/images/I/61s3mTMJ5gL._SL500_.jpg" alt="Product Image"></a><p>AXEN 60PCS Embroidered Iron On Patches DIY Accessories, Random Assorted Decorative Patches, Cute Sewing Applique for Jackets, Hats, Backpacks, Jeans, 60 Pieces Package</p><p> -24% 0FF </p><p>$12.99 ($0.22 / Count)</p><a href="https://www.amazon.com/dp/B08T9BM9D9?tag=eloabder-20&linkCode=osi&th=1&psc=1">View Product</a></div><div class="product"><a href="https://www.amazon.com/dp/B0BYK2J6N7?tag=eloabder-20&linkCode=osi&th=1&psc=1"><img src="https://m.media-amazon.com/images/I/51tsuNDSHfL._SL500_.jpg" alt="Product Image"></a><p>Liveish 1 Pair of Handmade Gold Rhinestone Appliques, 26.5 * 18cm Gold Applique for Dress Wedding Apparel Accessories Patches.（Shop Name: Yuanbao Boutique 188)(Gold)</p><p> -20% 0FF </p><p>$15.98</p><a href="https://www.amazon.com/dp/B0BYK2J6N7?tag=eloabder-20&linkCode=osi&th=1&psc=1">View Product</a></div>
<div class="product"><a href="https://www.amazon.com/dp/B09KPNFJW1?tag=eloabder-20&linkCode=osi&th=1&psc=1"><img src="https://m.media-amazon.com/images/I/41abn5fELmL._SL500_.jpg" alt="Product Image"></a><p>UniPleased Disposable Aprons (50 Count), Plastic apron for Painting Party, Cooking, Housework, Picnic etc.</p><p> -25% 0FF </p><p>$5.99</p><a href="https://www.amazon.com/dp/B09KPNFJW1?tag=eloabder-20&linkCode=osi&th=1&psc=1">View Product</a></div><div class="product"><a href="https://www.amazon.com/dp/1906525358?tag=eloabder-20&linkCode=osi&th=1&psc=1"><img src="https://m.media-amazon.com/images/I/51WPPo6wrdL._SL500_.jpg" alt="Product Image"></a><p>The Perfect Apron: 35 fun and flirty designs for you to make</p><p> -69% 0FF </p><p>$6.09</p><a href="https://www.amazon.com/dp/1906525358?tag=eloabder-20&linkCode=osi&th=1&psc=1">View Product</a></div><div class="product"><a href="https://www.amazon.com/dp/B0C55Q43Y6?tag=eloabder-20&linkCode=osi&th=1&psc=1"><img src="https://m.media-amazon.com/images/I/31G2DxeG1tL._SL500_.jpg" alt="Product Image"></a><p>Portable Paint Tent for Spray Painting, Small Airbrush Pop-up Shelter Booth Station Complete with Storage Bag and 3 Disposable Aprons</p><p> -50% 0FF </p><p>$14.99</p><a href="https://www.amazon.com/dp/B0C55Q43Y6?tag=eloabder-20&linkCode=osi&th=1&psc=1">View Product</a></div><div class="product"><a href="https://www.amazon.com/dp/B095CWKPJF?tag=eloabder-20&linkCode=osi&th=1&psc=1"><img src="https://m.media-amazon.com/images/I/51STxqdMDaL._SL500_.jpg" alt="Product Image"></a><p>Simplicity Misses' Wraparound Apron Packet, Code 9312 Sewing Pattern, Sizes XS-XL, White</p><p> -10% 0FF </p><p>$9.99</p><a href="https://www.amazon.com/dp/B095CWKPJF?tag=eloabder-20&linkCode=osi&th=1&psc=1">View Product</a></div><div class="product"><a href="https://www.amazon.com/dp/B01DQ33ILK?tag=eloabder-20&linkCode=osi&th=1&psc=1"><img src="https://m.media-amazon.com/images/I/51RToxvaLBL._SL500_.jpg" alt="Product Image"></a><p>Simplicity Vintage Simplicity 8152 1970's Fashion Vintage Apron Sewing Pattern, XS-L</p><p> -10% 0FF </p><p>$8.91</p><a href="https://www.amazon.com/dp/B01DQ33ILK?tag=eloabder-20&linkCode=osi&th=1&psc=1">View Product</a></div>
<div class="product"><a href="https://www.amazon.com/dp/B085F4JH1H?tag=eloabder-20&linkCode=osi&th=1&psc=1"><img src="https://m.media-amazon.com/images/I/41l7Efp7ILL._SL500_.jpg" alt="Product Image"></a><p>KEFF 24-Pack Bulk Canvas for Painting, 6 of 5x7, 8x10, 9x12, 11x14 Canvas Boards for Painting, Art Supplies for Adults & Kids - 100% Cotton Primed Painting Canvas for Acrylic, Oil, Watercolor, Tempera</p><p> -50% 0FF </p><p>$24.99</p><a href="https://www.amazon.com/dp/B085F4JH1H?tag=eloabder-20&linkCode=osi&th=1&psc=1">View Product</a></div><div class="product"><a href="https://www.amazon.com/dp/B07S29YTCG?tag=eloabder-20&linkCode=osi&th=1&psc=1"><img src="https://m.media-amazon.com/images/I/51X58r5V-5L._SL500_.jpg" alt="Product Image"></a><p>FIXSMITH Stretched White Blank Canvas - 11x14 Inch, 8 Pack, Primed,100% Cotton,5/8 Inch Profile of Super Value Pack for Acrylics,Oils & Other Painting Media</p><p> -17% 0FF </p><p>$24.99</p><a href="https://www.amazon.com/dp/B07S29YTCG?tag=eloabder-20&linkCode=osi&th=1&psc=1">View Product</a></div><div class="product"><a href="https://www.amazon.com/dp/B09CDKB9HY?tag=eloabder-20&linkCode=osi&th=1&psc=1"><img src="https://m.media-amazon.com/images/I/51+p5xnClGL._SL500_.jpg" alt="Product Image"></a><p>DPDIAN Canvas Boards for Painting 40 Pack, 8 inch x 10 inch Super Value Pack, Artist Canvas Panels for Oil & Acrylic Painting</p><p> -38% 0FF </p><p>$23.99</p><a href="https://www.amazon.com/dp/B09CDKB9HY?tag=eloabder-20&linkCode=osi&th=1&psc=1">View Product</a></div><div class="product"><a href="https://www.amazon.com/dp/B0BJZYCQV3?tag=eloabder-20&linkCode=osi&th=1&psc=1"><img src="https://m.media-amazon.com/images/I/41dS7xm9bKL._SL500_.jpg" alt="Product Image"></a><p>Simetufy Canvas Boards for Painting 12 Pack,8 x 10 Inch Painting Canvas Panels, Blank Canvas for Painting- Gesso Primed Acid-Free 100% Cotton for Acrylics Oil Watercolor Tempera Paints</p><p> -10% 0FF </p><p>$11.69</p><a href="https://www.amazon.com/dp/B0BJZYCQV3?tag=eloabder-20&linkCode=osi&th=1&psc=1">View Product</a></div><div class="product"><a href="https://www.amazon.com/dp/B087M21MM2?tag=eloabder-20&linkCode=osi&th=1&psc=1"><img src="https://m.media-amazon.com/images/I/41Xf-jehhLL._SL500_.jpg" alt="Product Image"></a><p>GOTIDEAL Stretched Canvas, Multi Pack 4x4, 5x7, 8x10,9x12, 11x14 Set of 10, Primed White - 100% Cotton Artist Canvas Boards for Painting, Acrylic Pouring, Oil Paint Dry & Wet Art Media</p><p> -28% 0FF </p><p>$22.99</p><a href="https://www.amazon.com/dp/B087M21MM2?tag=eloabder-20&linkCode=osi&th=1&psc=1">View Product</a></div><div class="product"><a href="https://www.amazon.com/dp/B09637DLSL?tag=eloabder-20&linkCode=osi&th=1&psc=1"><img src="https://m.media-amazon.com/images/I/511AdjCtVeL._SL500_.jpg" alt="Product Image"></a><p>Artkey Canvases for Painting 8x10 Inch 12-Pack, 10 oz Primed 100% Cotton White Blank Canvas Boards for Painting, Art Supplies Paint Canvas Panels for Acrylic Oil Watercolor Tempera Paints</p><p> -29% 0FF </p><p>$11.99</p><a href="https://www.amazon.com/dp/B09637DLSL?tag=eloabder-20&linkCode=osi&th=1&psc=1">View Product</a></div><div class="product"><a href="https://www.amazon.com/dp/B0CFBGP29G?tag=eloabder-20&linkCode=osi&th=1&psc=1"><img src="https://m.media-amazon.com/images/I/3147Az5plbL._SL500_.jpg" alt="Product Image"></a><p>ArtSkills Stretched Canvases for Painting, 12x16 Canvas Painting Supplies for Artists, Blank Canvas Pack, 2-Pack</p><p> -15% 0FF </p><p>$16.99</p><a href="https://www.amazon.com/dp/B0CFBGP29G?tag=eloabder-20&linkCode=osi&th=1&psc=1">View Product</a></div>
<div class="product"><a href="https://www.amazon.com/dp/B09CKXJFL1?tag=eloabder-20&linkCode=osi&th=1&psc=1"><img src="https://m.media-amazon.com/images/I/41bo99og2jL._SL500_.jpg" alt="Product Image"></a><p>RRFTOK Artist Easel Stand,Metal Tripod Adjustable Easel for Painting Canvases Height from 17 to 66 Inch,Carry Bag for Table-Top/Floor Drawing and Didplaying</p><p> -23% 0FF </p><p>$18.39</p><a href="https://www.amazon.com/dp/B09CKXJFL1?tag=eloabder-20&linkCode=osi&th=1&psc=1">View Product</a></div><div class="product"><a href="https://www.amazon.com/dp/B0BXS3NLZ3?tag=eloabder-20&linkCode=osi&th=1&psc=1"><img src="https://m.media-amazon.com/images/I/41QEnAIRAvL._SL500_.jpg" alt="Product Image"></a><p>Art Painting Display Easel Stand - Portable Adjustable Aluminum Metal Tripod Artist Easel with Bag, Height from 17" to 66", Extra Sturdy for Table-Top/Floor Painting, Drawing, and Displaying, Black</p><p> -37% 0FF </p><p>$18.39</p><a href="https://www.amazon.com/dp/B0BXS3NLZ3?tag=eloabder-20&linkCode=osi&th=1&psc=1">View Product</a></div><div class="product"><a href="https://www.amazon.com/dp/B07R5RHWVT?tag=eloabder-20&linkCode=osi&th=1&psc=1"><img src="https://m.media-amazon.com/images/I/41qUmoFSMiL._SL500_.jpg" alt="Product Image"></a><p>MEEDEN Versatile Studio H-Frame Easel - All Media Adjustable Beech Wood Studio Easel, Painting Floor Easel Stand, Movable and Tilting Flat Available, Holds Canvas Art up to 77"</p><p> -11% 0FF </p><p>$159.95</p><a href="https://www.amazon.com/dp/B07R5RHWVT?tag=eloabder-20&linkCode=osi&th=1&psc=1">View Product</a></div><div class="product"><a href="https://www.amazon.com/dp/B09KYHGKSB?tag=eloabder-20&linkCode=osi&th=1&psc=1"><img src="https://m.media-amazon.com/images/I/51yxWaZJsCL._SL500_.jpg" alt="Product Image"></a><p>Best Choice Products French Easel, 32pc Beginners Kit Portable Wooden Folding Adjustable Sketch Box Artist Tripod for Painting, Drawing w/Acrylic Paints, Brushes, Canvases, Palettes - Blue</p><p> -18% 0FF </p><p>$89.99</p><a href="https://www.amazon.com/dp/B09KYHGKSB?tag=eloabder-20&linkCode=osi&th=1&psc=1">View Product</a></div><div class="product"><a href="https://www.amazon.com/dp/B09TSQNQH9?tag=eloabder-20&linkCode=osi&th=1&psc=1"><img src="https://m.media-amazon.com/images/I/414Lw12-jXL._SL500_.jpg" alt="Product Image"></a><p>Easel Stand for Display, Aredy 63" Portable Painting Easel, Lightweight Metal Easels for Painting Canvas, Wedding Sign (2 pack)</p><p> -15% 0FF </p><p>$22.39</p><a href="https://www.amazon.com/dp/B09TSQNQH9?tag=eloabder-20&linkCode=osi&th=1&psc=1">View Product</a></div><div class="product"><a href="https://www.amazon.com/dp/B082HCKMP5?tag=eloabder-20&linkCode=osi&th=1&psc=1"><img src="https://m.media-amazon.com/images/I/41TKUQFyeaL._SL500_.jpg" alt="Product Image"></a><p>Premium Sketchbox Desktop Art Easel, Tabletop, Wooden for Painting, Student, Artist, Beginner</p><p> -11% 0FF </p><p>$32.88</p><a href="https://www.amazon.com/dp/B082HCKMP5?tag=eloabder-20&linkCode=osi&th=1&psc=1">View Product</a></div>
<div class="product"><a href="https://www.amazon.com/dp/B074W56CQ4?tag=eloabder-20&linkCode=osi&th=1&psc=1"><img src="https://m.media-amazon.com/images/I/41LkUciLZOL._SL500_.jpg" alt="Product Image"></a><p>Hulameda Paint Tray Palettes, Plastic Paint Pallets for Kids or Students to Paints on School Project or Art Class-12pcs</p><p> -13% 0FF </p><p>$6.99 ($0.58 / Count)</p><a href="https://www.amazon.com/dp/B074W56CQ4?tag=eloabder-20&linkCode=osi&th=1&psc=1">View Product</a></div><div class="product"><a href="https://www.amazon.com/dp/B0BWM34CR6?tag=eloabder-20&linkCode=osi&th=1&psc=1"><img src="https://m.media-amazon.com/images/I/31jHvJEw98L._SL500_.jpg" alt="Product Image"></a><p>Tamaki Acrylic Paint Palette Paint Pallet Clear Paint Tray Palette, Easy Clean Non-Stick Artist Pallet for Oil Watercolor Craft DIY Art Painting Palette, 2 PCS</p><p> -14% 0FF </p><p>$5.99</p><a href="https://www.amazon.com/dp/B0BWM34CR6?tag=eloabder-20&linkCode=osi&th=1&psc=1">View Product</a></div><div class="product"><a href="https://www.amazon.com/dp/B0B9R91Z2P?tag=eloabder-20&linkCode=osi&th=1&psc=1"><img src="https://m.media-amazon.com/images/I/310IAmNkqoL._SL500_.jpg" alt="Product Image"></a><p>Tamaki 2 Pack 11.8 x 7.9 Inch Acrylic Paint Palette with Thumb Hole Clear Paint Pallet, Easy Clean Non-Stick Artist Pallet for Oil Watercolor Craft DIY Art Painting Palette</p><p> -14% 0FF </p><p>$5.99</p><a href="https://www.amazon.com/dp/B0B9R91Z2P?tag=eloabder-20&linkCode=osi&th=1&psc=1">View Product</a></div><div class="product"><a href="https://www.amazon.com/dp/B09XCF523Q?tag=eloabder-20&linkCode=osi&th=1&psc=1"><img src="https://m.media-amazon.com/images/I/21C+8UGsBRL._SL500_.jpg" alt="Product Image"></a><p>Sweaty Pony 20 Well Watercolor Paint Tray Palette Pallet Acrylic Painting Mixing Plastic Artist Large Square Palette, 13 x 10 Inches, White, 1PCS</p><p> -25% 0FF </p><p>$5.99</p><a href="https://www.amazon.com/dp/B09XCF523Q?tag=eloabder-20&linkCode=osi&th=1&psc=1">View Product</a></div>
<div class="product"><a href="https://www.amazon.com/dp/B08TLK1ZSV?tag=eloabder-20&linkCode=osi&th=1&psc=1"><img src="https://m.media-amazon.com/images/I/51sM-NS8tJL._SL500_.jpg" alt="Product Image"></a><p>9 x 12 inches Sketch Book, Top Spiral Bound Sketch Pad, 1 Pack 100-Sheets (68lb/100gsm), Acid Free Art Sketchbook Artistic Drawing Painting Writing Paper for Kids Adults Beginners Artists</p><p> -50% 0FF </p><p>$8.99 ($0.09 / Count)</p><a href="https://www.amazon.com/dp/B08TLK1ZSV?tag=eloabder-20&linkCode=osi&th=1&psc=1">View Product</a></div><div class="product"><a href="https://www.amazon.com/dp/B0D5R7JRKZ?tag=eloabder-20&linkCode=osi&th=1&psc=1"><img src="https://m.media-amazon.com/images/I/41ip9gU5DFL._SL500_.jpg" alt="Product Image"></a><p>Hapikalor Watercolor Paper Pad, 9"x12" Water Color Paper, 140lb/300gsm Artist Painting Drawing Paper Book, Art Supplies for Adults Kids, Watercolors, Watercolor Paint Set, Sketchbook, Journal, Teal</p><p> -20% 0FF </p><p>$7.99</p><a href="https://www.amazon.com/dp/B0D5R7JRKZ?tag=eloabder-20&linkCode=osi&th=1&psc=1">View Product</a></div><div class="product"><a href="https://www.amazon.com/dp/B0027A75A4?tag=eloabder-20&linkCode=osi&th=1&psc=1"><img src="https://m.media-amazon.com/images/I/51dyOxxcgYL._SL500_.jpg" alt="Product Image"></a><p>Strathmore 200 Series Sketch Pad, 9x12 inch, 100 Sheets, Tape Bound - Artist Sketchbook for Drawing, Illustration, Art Class Students</p><p> -28% 0FF </p><p>$6.25 ($0.06 / Count)</p><a href="https://www.amazon.com/dp/B0027A75A4?tag=eloabder-20&linkCode=osi&th=1&psc=1">View Product</a></div><div class="product"><a href="https://www.amazon.com/dp/B0027ACP0O?tag=eloabder-20&linkCode=osi&th=1&psc=1"><img src="https://m.media-amazon.com/images/I/517YAKefnpL._SL500_.jpg" alt="Product Image"></a><p>Strathmore 300 Series Bristol Paper Pad, Smooth, Tape Bound, 11x14 inches, 20 Sheets (100lb/270g) - Artist Paper for Adults and Students - Markers, Pen and Ink</p><p> -58% 0FF </p><p>$7.49 ($0.37 / Count)</p><a href="https://www.amazon.com/dp/B0027ACP0O?tag=eloabder-20&linkCode=osi&th=1&psc=1">View Product</a></div><div class="product"><a href="https://www.amazon.com/dp/B09FYY48MN?tag=eloabder-20&linkCode=osi&th=1&psc=1"><img src="https://m.media-amazon.com/images/I/41Oe-iH-rSL._SL500_.jpg" alt="Product Image"></a><p>9" x 12" Sketch Book, Hardcover Sketchbook, Top Spiral Bound Sketch Pad, 100 Sheets (68lb/100gsm) Drawing Paper Pad, Art Supplies for Adults for Kids Drawing Notebook.</p><p> -17% 0FF </p><p>$9.59</p><a href="https://www.amazon.com/dp/B09FYY48MN?tag=eloabder-20&linkCode=osi&th=1&psc=1">View Product</a></div><div class="product"><a href="https://www.amazon.com/dp/B004M59O4C?tag=eloabder-20&linkCode=osi&th=1&psc=1"><img src="https://m.media-amazon.com/images/I/51u-bSUsNEL._SL500_.jpg" alt="Product Image"></a><p>Canson XL Series Watercolor Pad, Heavyweight White Paper, Foldover Binding, 30 Sheets, 9x12 inch</p><p> -46% 0FF </p><p>$12.40</p><a href="https://www.amazon.com/dp/B004M59O4C?tag=eloabder-20&linkCode=osi&th=1&psc=1">View Product</a></div>
<div class="product"><a href="https://www.amazon.com/dp/B08ZMH7LJY?tag=eloabder-20&linkCode=osi&th=1&psc=1"><img src="https://m.media-amazon.com/images/I/51mJIsLJA-S._SL500_.jpg" alt="Product Image"></a><p>PANDAFLY Professional Drawing Sketching Pencil Set - 12 Pieces Graphite Pencils(14B - 2H), Ideal for Drawing Art, Sketching, Shading, Artist Pencils for Beginners & Pro Artists</p><p> -33% 0FF </p><p>$5.99</p><a href="https://www.amazon.com/dp/B08ZMH7LJY?tag=eloabder-20&linkCode=osi&th=1&psc=1">View Product</a></div><div class="product"><a href="https://www.amazon.com/dp/B088K1G5NL?tag=eloabder-20&linkCode=osi&th=1&psc=1"><img src="https://m.media-amazon.com/images/I/51F2bOMZWnL._SL500_.jpg" alt="Product Image"></a><p>MARKART Professional Drawing Sketching Pencil Set - 14 Pieces,Graphite,(12B - 4H), Ideal for Drawing Art, Sketching, Shading, Artist Pencils for Beginners & Pro Artists</p><p> -46% 0FF </p><p>$6.99</p><a href="https://www.amazon.com/dp/B088K1G5NL?tag=eloabder-20&linkCode=osi&th=1&psc=1">View Product</a></div><div class="product"><a href="https://www.amazon.com/dp/B01N09ZDEI?tag=eloabder-20&linkCode=osi&th=1&psc=1"><img src="https://m.media-amazon.com/images/I/51awfumPEiL._SL500_.jpg" alt="Product Image"></a><p>Soucolor 72-Color Colored Pencils for Adult Coloring Books, Back to School Supplies, Soft Core Artist Sketching Drawing Pencils Drawing Supplies, Art Supplies Kit for Adults Kids, Coloring Pencils Set</p><p> -40% 0FF </p><p>$11.98</p><a href="https://www.amazon.com/dp/B01N09ZDEI?tag=eloabder-20&linkCode=osi&th=1&psc=1">View Product</a></div><div class="product"><a href="https://www.amazon.com/dp/B092M2FXB8?tag=eloabder-20&linkCode=osi&th=1&psc=1"><img src="https://m.media-amazon.com/images/I/51vZNdWo7nS._SL500_.jpg" alt="Product Image"></a><p>Prina 50 Pack Drawing Set Sketch Kit, Sketching Supplies with 3-Color Sketchbook, Graphite, and Charcoal Pencils, Pro Art Drawing Kit for Artists Adults Teens Beginner Kid, Ideal for Shading, Blending</p><p> -45% 0FF </p><p>$16.99</p><a href="https://www.amazon.com/dp/B092M2FXB8?tag=eloabder-20&linkCode=osi&th=1&psc=1">View Product</a></div><div class="product"><a href="https://www.amazon.com/dp/B07FML92JL?tag=eloabder-20&linkCode=osi&th=1&psc=1"><img src="https://m.media-amazon.com/images/I/41VVsR9JR9L._SL500_.jpg" alt="Product Image"></a><p>Winsor & Newton Studio Collection Artist Pencils, Sketching Pencils, Set of 10</p><p> -14% 0FF </p><p>$14.99</p><a href="https://www.amazon.com/dp/B07FML92JL?tag=eloabder-20&linkCode=osi&th=1&psc=1">View Product</a></div><div class="product"><a href="https://www.amazon.com/dp/B0D254P2NW?tag=eloabder-20&linkCode=osi&th=1&psc=1"><img src="https://m.media-amazon.com/images/I/51JrXvaxmUL._SL500_.jpg" alt="Product Image"></a><p>PANDAFLY Drawing Sketching Pencil Set, 42 Pack Pro Art Pencil Kit with Graphite Pencils (14B-4H), Charcoal Pencil, Ideal for Shading, Blending, Drawing Set for Beginners & Pro Artists</p><p> -50% 0FF </p><p>$7.99</p><a href="https://www.amazon.com/dp/B0D254P2NW?tag=eloabder-20&linkCode=osi&th=1&psc=1">View Product</a></div><div class="product"><a href="https://www.amazon.com/dp/B000I5MNC0?tag=eloabder-20&linkCode=osi&th=1&psc=1"><img src="https://m.media-amazon.com/images/I/41x3fiMbbxL._SL500_.jpg" alt="Product Image"></a><p>Faber-Castell 9000 Graphite Sketch Pencil Sets Art 8B - 2H set of 12</p><p> -23% 0FF </p><p>$16.86</p><a href="https://www.amazon.com/dp/B000I5MNC0?tag=eloabder-20&linkCode=osi&th=1&psc=1">View Product</a></div><div class="product"><a href="https://www.amazon.com/dp/B0716W4HT2?tag=eloabder-20&linkCode=osi&th=1&psc=1"><img src="https://m.media-amazon.com/images/I/413mbXo1tfL._SL500_.jpg" alt="Product Image"></a><p>Oil Pastel Pencils for Artists 48 ct - Oil Based Colored Pencils - Drawing, Sketching and Adult Coloring - Soft Core Art Coloring Pencils Set with Skin Tone</p><p> -35% 0FF </p><p>$17.49</p><a href="https://www.amazon.com/dp/B0716W4HT2?tag=eloabder-20&linkCode=osi&th=1&psc=1">View Product</a></div>
<div class="product"><a href="https://www.amazon.com/dp/B0778WXGC2?tag=eloabder-20&linkCode=osi&th=1&psc=1"><img src="https://m.media-amazon.com/images/I/612XF1pkfEL._SL500_.jpg" alt="Product Image"></a><p>Folkwear English Smock #221 Farmer Shirt Artist Blouse Traditional Old England Sewing Pattern (Pattern Only) folkwear221</p><p> -17% 0FF </p><p>$16.95</p><a href="https://www.amazon.com/dp/B0778WXGC2?tag=eloabder-20&linkCode=osi&th=1&psc=1">View Product</a></div>
<div class="product"><a href="https://www.amazon.com/dp/B0987JPQ74?tag=eloabder-20&linkCode=osi&th=1&psc=1"><img src="https://m.media-amazon.com/images/I/51T06yxPRCL._SL500_.jpg" alt="Product Image"></a><p>DIYSELF 16-Piece Craft Knife Set, Exacto Knife Set, 3-Piece Hobby Knife with 10-Piece Exacto Knife Blades, Precision Art Knife for Pumpkin Carving, Modeling, Exactly Knife, Pumpkin Carving Tools</p><p> -10% 0FF </p><p>$8.99</p><a href="https://www.amazon.com/dp/B0987JPQ74?tag=eloabder-20&linkCode=osi&th=1&psc=1">View Product</a></div><div class="product"><a href="https://www.amazon.com/dp/B0BV5S193T?tag=eloabder-20&linkCode=osi&th=1&psc=1"><img src="https://m.media-amazon.com/images/I/41K5HSjhJVL._SL500_.jpg" alt="Product Image"></a><p>5 Piece Palette knifes Painting Knife Set for Oil, Acrylic Paint,Cake Decorating,Stainless Steel Pallet Knife Paint Knife Art Spatula for Various Types of Painting,ColorMixing,Smearing</p><p> -17% 0FF </p><p>$4.99</p><a href="https://www.amazon.com/dp/B0BV5S193T?tag=eloabder-20&linkCode=osi&th=1&psc=1">View Product</a></div><div class="product"><a href="https://www.amazon.com/dp/B0851M3749?tag=eloabder-20&linkCode=osi&th=1&psc=1"><img src="https://m.media-amazon.com/images/I/41KKSGSDl5L._SL500_.jpg" alt="Product Image"></a><p>N NOROCME 12 PCS Blending Stumps and Tortillions Paper Art Blenders with Sandpaper Pencil Sharpener Pointer for Student Artist Charcoal Sketch Drawing Tools</p><p> -55% 0FF </p><p>$4.99</p><a href="https://www.amazon.com/dp/B0851M3749?tag=eloabder-20&linkCode=osi&th=1&psc=1">View Product</a></div>
<div class="product"><a href="https://www.amazon.com/dp/B017T977MI?tag=eloabder-20&linkCode=osi&th=1&psc=1"><img src="https://m.media-amazon.com/images/I/418eKRiCmHL._SL500_.jpg" alt="Product Image"></a><p>Lion Brand 24/7 Cotton Yarn, Lightweight Yarn for Knitting, Crocheting, and Crafts, Sky, 1 Pack</p><p> -29% 0FF </p><p>$4.87 ($0.01 / Foot)</p><a href="https://www.amazon.com/dp/B017T977MI?tag=eloabder-20&linkCode=osi&th=1&psc=1">View Product</a></div><div class="product"><a href="https://www.amazon.com/dp/B001EWBLYC?tag=eloabder-20&linkCode=osi&th=1&psc=1"><img src="https://m.media-amazon.com/images/I/51CsW4tWtWL._SL500_.jpg" alt="Product Image"></a><p>RED HEART Soft Baby Steps Yarn, Baby Blue</p><p> -27% 0FF </p><p>$6.54 ($0.01 / Foot)</p><a href="https://www.amazon.com/dp/B001EWBLYC?tag=eloabder-20&linkCode=osi&th=1&psc=1">View Product</a></div><div class="product"><a href="https://www.amazon.com/dp/B09WJG6BYH?tag=eloabder-20&linkCode=osi&th=1&psc=1"><img src="https://m.media-amazon.com/images/I/51J3kWAkcML._SL500_.jpg" alt="Product Image"></a><p>Bernat Baby Blanket Lovely Blue Yarn - 2 Pack of 300g/10.5oz - Polyester - 6 Super Bulky - 220 Yards - Knitting/Crochet</p><p> -12% 0FF </p><p>$22.78</p><a href="https://www.amazon.com/dp/B09WJG6BYH?tag=eloabder-20&linkCode=osi&th=1&psc=1">View Product</a></div><div class="product"><a href="https://www.amazon.com/dp/B079PB452K?tag=eloabder-20&linkCode=osi&th=1&psc=1"><img src="https://m.media-amazon.com/images/I/41uh2hj6jTL._SL500_.jpg" alt="Product Image"></a><p>Lion Brand Yarn Feels Like Butta Soft Yarn for Crocheting and Knitting, Velvety, 1-Pack, Dusty Blue</p><p> -38% 0FF </p><p>$3.99 ($0.01 / Foot)</p><a href="https://www.amazon.com/dp/B079PB452K?tag=eloabder-20&linkCode=osi&th=1&psc=1">View Product</a></div><div class="product"><a href="https://www.amazon.com/dp/B003D7O1UC?tag=eloabder-20&linkCode=osi&th=1&psc=1"><img src="https://m.media-amazon.com/images/I/413-j-cJxPL._SL500_.jpg" alt="Product Image"></a><p>Lion Brand Yarn (1 Skein) Vanna's Choice Yarn, Dusty Blue</p><p> -20% 0FF </p><p>$3.99 ($0.01 / Foot)</p><a href="https://www.amazon.com/dp/B003D7O1UC?tag=eloabder-20&linkCode=osi&th=1&psc=1">View Product</a></div><div class="product"><a href="https://www.amazon.com/dp/B08JTYHC8B?tag=eloabder-20&linkCode=osi&th=1&psc=1"><img src="https://m.media-amazon.com/images/I/416LqlC3EXL._SL500_.jpg" alt="Product Image"></a><p>Alize Diva Silky Effect 100% Microfiber Acrylic Yarn 1 Ball skeins 100gr 383yds Color (346 - Sky Blue)</p><p> -16% 0FF </p><p>$5.49 ($0.00 / Foot)</p><a href="https://www.amazon.com/dp/B08JTYHC8B?tag=eloabder-20&linkCode=osi&th=1&psc=1">View Product</a></div>
<div class="product"><a href="https://www.amazon.com/dp/B0B2WMHCS2?tag=eloabder-20&linkCode=osi&th=1&psc=1"><img src="https://m.media-amazon.com/images/I/51HdKWtmsqL._SL500_.jpg" alt="Product Image"></a><p>Quill Pen Vintage Feather Calligraphy Pen Refined Quill Ballpoint for Writing Signature or Gift Wedding Bridal (Black)</p><p> -10% 0FF </p><p>$4.30</p><a href="https://www.amazon.com/dp/B0B2WMHCS2?tag=eloabder-20&linkCode=osi&th=1&psc=1">View Product</a></div><div class="product"><a href="https://www.amazon.com/dp/B084LMTR6J?tag=eloabder-20&linkCode=osi&th=1&psc=1"><img src="https://m.media-amazon.com/images/I/31v-ETvx49L._SL500_.jpg" alt="Product Image"></a><p>Cricut Joy Extra Fine Point Pens 0.3mm, 3 Count, Black</p><p> -66% 0FF </p><p>$2.69 ($0.90 / Count)</p><a href="https://www.amazon.com/dp/B084LMTR6J?tag=eloabder-20&linkCode=osi&th=1&psc=1">View Product</a></div><div class="product"><a href="https://www.amazon.com/dp/B0CQF3BJ3S?tag=eloabder-20&linkCode=osi&th=1&psc=1"><img src="https://m.media-amazon.com/images/I/41gs6AOiP6L._SL500_.jpg" alt="Product Image"></a><p>3 in 1 Retractable Ballpoint Pen with Light and Stylus, Nice Pens for Journaling Writing in The Dark - White/Red Light Tip- 0.7mm Black Ink</p><p> -13% 0FF </p><p>$12.99</p><a href="https://www.amazon.com/dp/B0CQF3BJ3S?tag=eloabder-20&linkCode=osi&th=1&psc=1">View Product</a></div><div class="product"><a href="https://www.amazon.com/dp/B097MJBPQ4?tag=eloabder-20&linkCode=osi&th=1&psc=1"><img src="https://m.media-amazon.com/images/I/41vwBosmAUL._SL500_.jpg" alt="Product Image"></a><p>JANYUN 3 Pieces Pen Shape Resin Mold Ballpoint Pen Silicone Molds Epoxy Resin Molds Resin Casting Molds with 75 Pieces Ballpoint Refill Pens for DIY Resin Crafts Making (Black Blue)</p><p> -12% 0FF </p><p>$7.95 ($2.65 / Count)</p><a href="https://www.amazon.com/dp/B097MJBPQ4?tag=eloabder-20&linkCode=osi&th=1&psc=1">View Product</a></div><div class="product"><a href="https://www.amazon.com/dp/B0D8GL3RLX?tag=eloabder-20&linkCode=osi&th=1&psc=1"><img src="https://m.media-amazon.com/images/I/41pLKPe4lfL._SL500_.jpg" alt="Product Image"></a><p>MARTCOLOR Gold Silver White Gel Pens, 1mm Fine Point Gel Ink Pen Opaque Archival Ink Pens for Black Paper Drawing, Sketching, Illustration, Card Making, Bullet Journaling, 3 Pack</p><p> -14% 0FF </p><p>$5.99</p><a href="https://www.amazon.com/dp/B0D8GL3RLX?tag=eloabder-20&linkCode=osi&th=1&psc=1">View Product</a></div>
<div class="product"><a href="https://www.amazon.com/dp/B09G2979JS?tag=eloabder-20&linkCode=osi&th=1&psc=1"><img src="https://m.media-amazon.com/images/I/61NISgl9z4L._SL500_.jpg" alt="Product Image"></a><p>Gionlion 6000 Clay Beads Bracelet Making Kit, 24 Colors Flat Preppy Beads for Friendship Bracelets, Polymer Clay Beads with Charms for Jewelry Making, Crafts Gifts for Girls Ages 6-12</p><p> -70% 0FF </p><p>$8.99 ($0.00 / Count)</p><a href="https://www.amazon.com/dp/B09G2979JS?tag=eloabder-20&linkCode=osi&th=1&psc=1">View Product</a></div><div class="product"><a href="https://www.amazon.com/dp/B0CQJDDSN7?tag=eloabder-20&linkCode=osi&th=1&psc=1"><img src="https://m.media-amazon.com/images/I/61Un7cTgOyL._SL500_.jpg" alt="Product Image"></a><p>LIS HEGENSA 24 Color Pony Beads Bulk 1000 Pcs,Kandi Beads for Necklace Jewelry Making Earring Hair Braiding,Bracelets Making Kits,Hair Bead,Bracelet Beads,Plastic Beads for Crafts Braids Girls</p><p> -30% 0FF </p><p>$6.99</p><a href="https://www.amazon.com/dp/B0CQJDDSN7?tag=eloabder-20&linkCode=osi&th=1&psc=1">View Product</a></div><div class="product"><a href="https://www.amazon.com/dp/B0C6D7DCV9?tag=eloabder-20&linkCode=osi&th=1&psc=1"><img src="https://m.media-amazon.com/images/I/51Y7WgErJ4L._SL500_.jpg" alt="Product Image"></a><p>shynek 1400 Pieces 6mm Round Glass Beads for Jewelry Making, 28 Colors Crystal Beads for Bracelets Jewelry Making and DIY Crafts(Solid Color)</p><p> -44% 0FF </p><p>$13.99 ($0.01 / Count)</p><a href="https://www.amazon.com/dp/B0C6D7DCV9?tag=eloabder-20&linkCode=osi&th=1&psc=1">View Product</a></div><div class="product"><a href="https://www.amazon.com/dp/B0CF1BD1C4?tag=eloabder-20&linkCode=osi&th=1&psc=1"><img src="https://m.media-amazon.com/images/I/511uBv47XkL._SL500_.jpg" alt="Product Image"></a><p>SUTOUG 1000PCS Colourful Letter Beads for Threading, 4 x 7 MM, A-Z White Letter Beads and Colourful Heart Beads, Acrylic Round Beads for Jewellery DIY Making Crafts Bracelets Necklaces Ornaments-Gold</p><p> -13% 0FF </p><p>$5.99 ($1.21 / Ounce)</p><a href="https://www.amazon.com/dp/B0CF1BD1C4?tag=eloabder-20&linkCode=osi&th=1&psc=1">View Product</a></div><div class="product"><a href="https://www.amazon.com/dp/B0C5JBWBXB?tag=eloabder-20&linkCode=osi&th=1&psc=1"><img src="https://m.media-amazon.com/images/I/616c37RFkJL._SL500_.jpg" alt="Product Image"></a><p>Redtwo 3400pcs 4mm Glass Seed Beads for Jewelry Bracelet Making Kit, Small Beads Friendship Bracelet Kit, Tiny Waist Beads Kit with Letter Beads and Elastic String, DIY Art Craft Girls Gifts.</p><p> -22% 0FF </p><p>$6.99</p><a href="https://www.amazon.com/dp/B0C5JBWBXB?tag=eloabder-20&linkCode=osi&th=1&psc=1">View Product</a></div><div class="product"><a href="https://www.amazon.com/dp/B007QNXBR8?tag=eloabder-20&linkCode=osi&th=1&psc=1"><img src="https://m.media-amazon.com/images/I/51AU4aa67CL._SL500_.jpg" alt="Product Image"></a><p>Beadery B6262 The Sparkles Pony Bead Box - approximately 2300 beads</p><p> -44% 0FF </p><p>$12.97 ($0.01 / Count)</p><a href="https://www.amazon.com/dp/B007QNXBR8?tag=eloabder-20&linkCode=osi&th=1&psc=1">View Product</a></div>
<div class="product"><a href="https://www.amazon.com/dp/B07BNF8KH5?tag=eloabder-20&linkCode=osi&th=1&psc=1"><img src="https://m.media-amazon.com/images/I/51jVByheyVL._SL500_.jpg" alt="Product Image"></a><p>PH PandaHall 100 Yards 1mm Waxed Cotton Cord Thread Beading String for Bracelet Necklace Making Crafting Beading Macrame Vase Decor, Burlywood</p><p> -41% 0FF </p><p>$7.19 ($0.02 / Foot)</p><a href="https://www.amazon.com/dp/B07BNF8KH5?tag=eloabder-20&linkCode=osi&th=1&psc=1">View Product</a></div><div class="product"><a href="https://www.amazon.com/dp/B08F49YVQP?tag=eloabder-20&linkCode=osi&th=1&psc=1"><img src="https://m.media-amazon.com/images/I/41yCMIpj0rS._SL500_.jpg" alt="Product Image"></a><p>1mm Stretchy Bracelet String, Sturdy Rainbow Elastic String Elastic Cord for Jewelry Making, Necklaces, Beading and Crafts</p><p> -36% 0FF </p><p>$6.99 ($0.04 / Foot)</p><a href="https://www.amazon.com/dp/B08F49YVQP?tag=eloabder-20&linkCode=osi&th=1&psc=1">View Product</a></div><div class="product"><a href="https://www.amazon.com/dp/B0BZYSBG2N?tag=eloabder-20&linkCode=osi&th=1&psc=1"><img src="https://m.media-amazon.com/images/I/51apPSltd9L._SL500_.jpg" alt="Product Image"></a><p>Nylon String for Bracelets, 25 Colors 1125 Yards Chinese Knotting Cord, 0.8 mm Nylon Cord for Jewelry Making, Beading, Necklaces, Kumihimo, Friendship Bracelets, Tassels and Craft</p><p> -5% 0FF </p><p>$18.99 ($0.01 / Foot)</p><a href="https://www.amazon.com/dp/B0BZYSBG2N?tag=eloabder-20&linkCode=osi&th=1&psc=1">View Product</a></div><div class="product"><a href="https://www.amazon.com/dp/B001PZD1C8?tag=eloabder-20&linkCode=osi&th=1&psc=1"><img src="https://m.media-amazon.com/images/I/41r2T29Hr7S._SL500_.jpg" alt="Product Image"></a><p>Stretch Magic Bead & Jewelry Cord - Strong & Stretchy, Easy to Knot - Clear Color - 0.5mm diameter - 10-meter (32.8 ft) spool - Elastic String for making beaded jewelry</p><p> -36% 0FF </p><p>$4.50 ($0.14 / Foot)</p><a href="https://www.amazon.com/dp/B001PZD1C8?tag=eloabder-20&linkCode=osi&th=1&psc=1">View Product</a></div>
<div class="product"><a href="https://www.amazon.com/dp/B0CBRC7K9K?tag=eloabder-20&linkCode=osi&th=1&psc=1"><img src="https://m.media-amazon.com/images/I/41JvPiusoSL._SL500_.jpg" alt="Product Image"></a><p>FIVEIZERO 21 Pieces Beading Needles Set, 6 Sizes Seed Beads Needles Big Eye Beading Needles Collapsible Beading Needles Set for Jewelry Making</p><p> -30% 0FF </p><p>$6.99</p><a href="https://www.amazon.com/dp/B0CBRC7K9K?tag=eloabder-20&linkCode=osi&th=1&psc=1">View Product</a></div><div class="product"><a href="https://www.amazon.com/dp/B0BNTYN4X5?tag=eloabder-20&linkCode=osi&th=1&psc=1"><img src="https://m.media-amazon.com/images/I/51elL0Dm7cL._SL500_.jpg" alt="Product Image"></a><p>58 Pcs Beading Needles Set,50 Pcs Long Straight Beading Thread Needles, 8 Pcs Big Eye Beading Needles with Threader, Needle Bottle, Yarn Scissors,Tweezers for Bracelets and Jewelry Making</p><p> -22% 0FF </p><p>$6.99</p><a href="https://www.amazon.com/dp/B0BNTYN4X5?tag=eloabder-20&linkCode=osi&th=1&psc=1">View Product</a></div><div class="product"><a href="https://www.amazon.com/dp/B09VGLZKGJ?tag=eloabder-20&linkCode=osi&th=1&psc=1"><img src="https://m.media-amazon.com/images/I/41jYxsbzW1L._SL500_.jpg" alt="Product Image"></a><p>UOOU 28 Pcs Beading Needles Set Include 20 Pcs Long Straight Beading Thread Needles + 8 Pcs Big Eye Beading Needles, Embroidery Needles with Needle Bottle, Thimble, Needle Threaders for Jewelry Making</p><p> -14% 0FF </p><p>$5.99</p><a href="https://www.amazon.com/dp/B09VGLZKGJ?tag=eloabder-20&linkCode=osi&th=1&psc=1">View Product</a></div><div class="product"><a href="https://www.amazon.com/dp/B0D127NY14?tag=eloabder-20&linkCode=osi&th=1&psc=1"><img src="https://m.media-amazon.com/images/I/41sq0seXVfL._SL500_.jpg" alt="Product Image"></a><p>FIVEIZERO 60 Pieces Beading Needle Set, 5 Sizes Species Big Eye Beading Needles (with Threader) Needle Bottle, Yarn, Embroidery Needle, Thimble Foldable Beading Needle Set for Jewelry Making</p><p> -30% 0FF </p><p>$6.99</p><a href="https://www.amazon.com/dp/B0D127NY14?tag=eloabder-20&linkCode=osi&th=1&psc=1">View Product</a></div>
<div class="product"><a href="https://www.amazon.com/dp/B001GMUBJ6?tag=eloabder-20&linkCode=osi&th=1&psc=1"><img src="https://m.media-amazon.com/images/I/51ovvZkwriL._SL500_.jpg" alt="Product Image"></a><p>The Beadsmith Fireline by Berkley – Micro-Fused Braided Thread – 6lb. Test, 006”/.15mm Diameter, 50 Yard Spool, Crystal Color – Super Strong Stringing Material for Jewelry Making and Bead Weaving</p><p> -5% 0FF </p><p>$11.99</p><a href="https://www.amazon.com/dp/B001GMUBJ6?tag=eloabder-20&linkCode=osi&th=1&psc=1">View Product</a></div><div class="product"><a href="https://www.amazon.com/dp/B07FL95S7C?tag=eloabder-20&linkCode=osi&th=1&psc=1"><img src="https://m.media-amazon.com/images/I/41Pbjyx1lnL._SL500_.jpg" alt="Product Image"></a><p>Treasure Gurus Artificial Deer Sinew Waxed Beading Craft Poly Thread Spool Natural Wax Sinue</p><p> -7% 0FF </p><p>$13.25 ($0.01 / Foot)</p><a href="https://www.amazon.com/dp/B07FL95S7C?tag=eloabder-20&linkCode=osi&th=1&psc=1">View Product</a></div>
<div class="product"><a href="https://www.amazon.com/dp/B00D3KOB2W?tag=eloabder-20&linkCode=osi&th=1&psc=1"><img src="https://m.media-amazon.com/images/I/419Au7VfUYL._SL500_.jpg" alt="Product Image"></a><p>Beadalon 7 Strand Stainless Steel Bead Stringing Wire, 0.012 in / 0.30 mm, Bright, 100 ft / 31 m</p><p> -6% 0FF </p><p>$8.88</p><a href="https://www.amazon.com/dp/B00D3KOB2W?tag=eloabder-20&linkCode=osi&th=1&psc=1">View Product</a></div><div class="product"><a href="https://www.amazon.com/dp/B00109RIVO?tag=eloabder-20&linkCode=osi&th=1&psc=1"><img src="https://m.media-amazon.com/images/I/51ctGiWm+8L._SL500_.jpg" alt="Product Image"></a><p>Beadalon 19 Strand Stainless Steel Bead Stringing Wire, 015 in / 0.38 mm, Bright, 100 ft / 31 m</p><p> -26% 0FF </p><p>$20.99</p><a href="https://www.amazon.com/dp/B00109RIVO?tag=eloabder-20&linkCode=osi&th=1&psc=1">View Product</a></div><div class="product"><a href="https://www.amazon.com/dp/B001FCYJDG?tag=eloabder-20&linkCode=osi&th=1&psc=1"><img src="https://m.media-amazon.com/images/I/41ffmCFSOhL._SL500_.jpg" alt="Product Image"></a><p>Beadalon 19 Strand Stainless Steel Bead Stringing Wire.015 in (0.38 mm), Satin Silver, 30 ft (9.2 m)</p><p> -26% 0FF </p><p>$9.99</p><a href="https://www.amazon.com/dp/B001FCYJDG?tag=eloabder-20&linkCode=osi&th=1&psc=1">View Product</a></div>
<div class="product"><a href="https://www.amazon.com/dp/B01LWX2IO1?tag=eloabder-20&linkCode=osi&th=1&psc=1"><img src="https://m.media-amazon.com/images/I/412dCF1E4QL._SL500_.jpg" alt="Product Image"></a><p>Beesworks Yellow Beeswax Bars (6 oz) | 100% Pure, Cosmetic Grade, Triple-Filtered Beeswax for DIY Skin Care, Lip Balm, Lotion and Candle Making (1 oz Bars - Pack of 6)</p><p> -22% 0FF </p><p>$6.99 ($1.16 / Ounce)</p><a href="https://www.amazon.com/dp/B01LWX2IO1?tag=eloabder-20&linkCode=osi&th=1&psc=1">View Product</a></div><div class="product"><a href="https://www.amazon.com/dp/B07VSQ6PGD?tag=eloabder-20&linkCode=osi&th=1&psc=1"><img src="https://m.media-amazon.com/images/I/41sY3zrLyyL._SL500_.jpg" alt="Product Image"></a><p>EricX Light Beeswax Bars 7oz,1oz for Each Beeswax Bars,Pack of 7,Cosmetic Grade</p><p> -36% 0FF </p><p>$6.99 ($1.00 / Ounce)</p><a href="https://www.amazon.com/dp/B07VSQ6PGD?tag=eloabder-20&linkCode=osi&th=1&psc=1">View Product</a></div>
<div class="product"><a href="https://www.amazon.com/dp/B08KGTFR6T?tag=eloabder-20&linkCode=osi&th=1&psc=1"><img src="https://m.media-amazon.com/images/I/51Q3LghfEXL._SL500_.jpg" alt="Product Image"></a><p>Otylzto Premium Plastic Clips, 100 Pcs with Box, Sewing Notions for Sewing Quilting Supplies Crafting Tools, Assorted Colors for Craft</p><p> -16% 0FF </p><p>$6.69</p><a href="https://www.amazon.com/dp/B08KGTFR6T?tag=eloabder-20&linkCode=osi&th=1&psc=1">View Product</a></div><div class="product"><a href="https://www.amazon.com/dp/B01G90AEE6?tag=eloabder-20&linkCode=osi&th=1&psc=1"><img src="https://m.media-amazon.com/images/I/41-bfF+u5BL._SL500_.jpg" alt="Product Image"></a><p>Clover Mini Wonder Clips (Red & Blue/20 pcs.)</p><p> -40% 0FF </p><p>$9.35 ($0.47 / Count)</p><a href="https://www.amazon.com/dp/B01G90AEE6?tag=eloabder-20&linkCode=osi&th=1&psc=1">View Product</a></div>
<div class="product"><a href="https://www.amazon.com/dp/B0CL7N6GZS?tag=eloabder-20&linkCode=osi&th=1&psc=1"><img src="https://m.media-amazon.com/images/I/4119FS8tFqL._SL500_.jpg" alt="Product Image"></a><p>Mr. Pen- Pencil Pouch, 2Pack, Pencil Pouches, Pencil Pouch for 3 Ring Binder Pencil Pouch, Pencil Cases, Pencil Case for Binder Pouch, Zipper Pencil Pouch, 3 Ring Binder Pouch, Pencil Bags with Zipper</p><p> -22% 0FF </p><p>$6.99</p><a href="https://www.amazon.com/dp/B0CL7N6GZS?tag=eloabder-20&linkCode=osi&th=1&psc=1">View Product</a></div><div class="product"><a href="https://www.amazon.com/dp/B00AFTQ4X8?tag=eloabder-20&linkCode=osi&th=1&psc=1"><img src="https://m.media-amazon.com/images/I/31GQNXQlHrL._SL500_.jpg" alt="Product Image"></a><p>Swingline 3 Hole Punch, 20 Sheet Capacity Three Hole Puncher 3 Ring, Paper Punch, SmartTouch Low Effort, Black & Silver (74133)</p><p> -22% 0FF </p><p>$18.00</p><a href="https://www.amazon.com/dp/B00AFTQ4X8?tag=eloabder-20&linkCode=osi&th=1&psc=1">View Product</a></div>
<div class="product"><a href="https://www.amazon.com/dp/B005571VQA?tag=eloabder-20&linkCode=osi&th=1&psc=1"><img src="https://m.media-amazon.com/images/I/314C89Li8+L._SL500_.jpg" alt="Product Image"></a><p>We R Memory Keepers 0633356710899 Wire Cinch-1 Inch-Bark (2 Piece)</p><p> -15% 0FF </p><p>$9.53</p><a href="https://www.amazon.com/dp/B005571VQA?tag=eloabder-20&linkCode=osi&th=1&psc=1">View Product</a></div><div class="product"><a href="https://www.amazon.com/dp/B0D1XV3N8H?tag=eloabder-20&linkCode=osi&th=1&psc=1"><img src="https://m.media-amazon.com/images/I/41Esbkv-76L._SL500_.jpg" alt="Product Image"></a><p>JUPEAN Bookbinding Kit, Book Binding Kits, Book Press, 7.9”x11.6”, Book Binding Tools Book Binding Supplies with Wooden Binding Press Book Cover Book Board Bone Folder Awl Binding Strap for DIY</p><p> -10% 0FF </p><p>$37.99</p><a href="https://www.amazon.com/dp/B0D1XV3N8H?tag=eloabder-20&linkCode=osi&th=1&psc=1">View Product</a></div><div class="product"><a href="https://www.amazon.com/dp/B0B9BMMJW5?tag=eloabder-20&linkCode=osi&th=1&psc=1"><img src="https://m.media-amazon.com/images/I/41Jl3w+cJ4L._SL500_.jpg" alt="Product Image"></a><p>6 Pcs Bookbinding Kits, Bookbinding Supplies, Book Binding Starter Tools Set for DIY Bookbinding Crafts and Sewing Supplies</p><p> -7% 0FF </p><p>$6.99</p><a href="https://www.amazon.com/dp/B0B9BMMJW5?tag=eloabder-20&linkCode=osi&th=1&psc=1">View Product</a></div><div class="product"><a href="https://www.amazon.com/dp/B0D1X433Z6?tag=eloabder-20&linkCode=osi&th=1&psc=1"><img src="https://m.media-amazon.com/images/I/41apTG1e9fL._SL500_.jpg" alt="Product Image"></a><p>JUPEAN Book Binding Kits, Bookbinding Supplies, Book Binding Kit for Beginners Bone Folder Tool with Bone Folder Awl Waxed Thread Book Press for DIY 7.9”x11.6”</p><p> -13% 0FF </p><p>$25.99</p><a href="https://www.amazon.com/dp/B0D1X433Z6?tag=eloabder-20&linkCode=osi&th=1&psc=1">View Product</a></div><div class="product"><a href="https://www.amazon.com/dp/B0D4YHS3R7?tag=eloabder-20&linkCode=osi&th=1&psc=1"><img src="https://m.media-amazon.com/images/I/41lRDpWUjiL._SL500_.jpg" alt="Product Image"></a><p>Jupean Bookbinding Kit, Book Binding Kit for Beginners, Book Binding Materials, Book Binding Tools with Bone Folder Book Binding Awl Webbing Strap Storage Box</p><p> -20% 0FF </p><p>$15.99</p><a href="https://www.amazon.com/dp/B0D4YHS3R7?tag=eloabder-20&linkCode=osi&th=1&psc=1">View Product</a></div><div class="product"><a href="https://www.amazon.com/dp/B0BP7XXPJJ?tag=eloabder-20&linkCode=osi&th=1&psc=1"><img src="https://m.media-amazon.com/images/I/51m+QztxUoL._SL500_.jpg" alt="Product Image"></a><p>BeKnitting 20 Knit Blocking Combs for Knitting & Crochet Projects Blockers for Crafts, Lace, Sweaters, Cardigans, Scarves, Needlework, Mats</p><p> -16% 0FF </p><p>$14.94</p><a href="https://www.amazon.com/dp/B0BP7XXPJJ?tag=eloabder-20&linkCode=osi&th=1&psc=1">View Product</a></div>
<div class="product"><a href="https://www.amazon.com/dp/B00UY0WT1O?tag=eloabder-20&linkCode=osi&th=1&psc=1"><img src="https://m.media-amazon.com/images/I/41eBNPX-72L._SL500_.jpg" alt="Product Image"></a><p>We R Memory Keepers, Cinch Book Binding Machine 2, Pink/White, Easy to Use Design with Slide Ruler, Compatible with Wire or Spiral Coils, Make Professional Books, Notebooks, Calendars and More</p><p> -10% 0FF </p><p>$90.24</p><a href="https://www.amazon.com/dp/B00UY0WT1O?tag=eloabder-20&linkCode=osi&th=1&psc=1">View Product</a></div><div class="product"><a href="https://www.amazon.com/dp/B00AYKTA66?tag=eloabder-20&linkCode=osi&th=1&psc=1"><img src="https://m.media-amazon.com/images/I/51EjD50SJvL._SL500_.jpg" alt="Product Image"></a><p>We R Memory Keepers Mini Cinch Bundle Includes Book Binding Machine, 16 Wires, Wire Cutters, and Six Black Bookboards, Easy to Use Design, Ruler, Wire or Spiral Coils, DIY Books, Notebooks, Calendars</p><p> -13% 0FF </p><p>$69.89</p><a href="https://www.amazon.com/dp/B00AYKTA66?tag=eloabder-20&linkCode=osi&th=1&psc=1">View Product</a></div><div class="product"><a href="https://www.amazon.com/dp/B0BV3CC4J7?tag=eloabder-20&linkCode=osi&th=1&psc=1"><img src="https://m.media-amazon.com/images/I/41Ove9J1WyL._SL500_.jpg" alt="Product Image"></a><p>We R Memory Keepers Multi Cinch Kit (2 in 1 Circle & Disc) Book Binding Art Crafts Sewing Scrapbooking Journaling Printmaking Paper Craft Office Home Card Stock DIY Card Making Sticker Machine</p><p> -5% 0FF </p><p>$68.40</p><a href="https://www.amazon.com/dp/B0BV3CC4J7?tag=eloabder-20&linkCode=osi&th=1&psc=1">View Product</a></div><div class="product"><a href="https://www.amazon.com/dp/B0CZQJTTHT?tag=eloabder-20&linkCode=osi&th=1&psc=1"><img src="https://m.media-amazon.com/images/I/410goBiFC5L._SL500_.jpg" alt="Product Image"></a><p>Kreapa 30 pcs book binding kits Book Press Book Binding Supplies & Book Binding Kits Book Binding Kits Starter Kit with Real Bone Clips Awl Big Eye Needle Waxed Book Cloth DIY,11.6 x 7.7 inches</p><p> -50% 0FF </p><p>$21.49</p><a href="https://www.amazon.com/dp/B0CZQJTTHT?tag=eloabder-20&linkCode=osi&th=1&psc=1">View Product</a></div>
<div class="product"><a href="https://www.amazon.com/dp/B0049UZ8PY?tag=eloabder-20&linkCode=osi&th=1&psc=1"><img src="https://m.media-amazon.com/images/I/31-Uug6SnRL._SL500_.jpg" alt="Product Image"></a><p>Daler-Rowney FW Acrylic Ink Bottle Black - Versatile Acrylic Drawing Ink for Artists and Students - Permanent Calligraphy Ink - Archival Ink for Illustrating and More</p><p> -23% 0FF </p><p>$7.75</p><a href="https://www.amazon.com/dp/B0049UZ8PY?tag=eloabder-20&linkCode=osi&th=1&psc=1">View Product</a></div><div class="product"><a href="https://www.amazon.com/dp/B005P1QSFK?tag=eloabder-20&linkCode=osi&th=1&psc=1"><img src="https://m.media-amazon.com/images/I/414vi3MJ19L._SL500_.jpg" alt="Product Image"></a><p>Ranger, Archival Ink Pad, 0, Jet Black (789541031468)</p><p> -9% 0FF </p><p>$7.51 ($7.51 / count)</p><a href="https://www.amazon.com/dp/B005P1QSFK?tag=eloabder-20&linkCode=osi&th=1&psc=1">View Product</a></div>
<div class="product"><a href="https://www.amazon.com/dp/B07Q4TJCDJ?tag=eloabder-20&linkCode=osi&th=1&psc=1"><img src="https://m.media-amazon.com/images/I/315HYvYg-BL._SL500_.jpg" alt="Product Image"></a><p>Primbeeks 300pcs Blank Business Cards, Premium Blank White Cards, 3.5" x 2.2" Small Blank Cards, Blank Cardstock Cards, Small Note Cards, white blank cards, white business cards, kraft paper cards</p><p> -53% 0FF </p><p>$7.99</p><a href="https://www.amazon.com/dp/B07Q4TJCDJ?tag=eloabder-20&linkCode=osi&th=1&psc=1">View Product</a></div>
<div class="product"><a href="https://www.amazon.com/dp/B07D8MQ71H?tag=eloabder-20&linkCode=osi&th=1&psc=1"><img src="https://m.media-amazon.com/images/I/41eOrrAeW1L._SL500_.jpg" alt="Product Image"></a><p>Paper Junkie 48 Pack Small Blank Notebooks for Kids Bulk, Kraft Paper Journals for Students, Sketching Drawing, Writing (4.3 x 5.6 In)</p><p> -15% 0FF </p><p>$22.99</p><a href="https://www.amazon.com/dp/B07D8MQ71H?tag=eloabder-20&linkCode=osi&th=1&psc=1">View Product</a></div><div class="product"><a href="https://www.amazon.com/dp/B0CJGPBFCN?tag=eloabder-20&linkCode=osi&th=1&psc=1"><img src="https://m.media-amazon.com/images/I/41WVp+K3FmL._SL500_.jpg" alt="Product Image"></a><p>Mr. Pen- Colorful Blank Books, 4.2 x 5.5 Inches, 32 Pages, 8 Pack, Blank Notebooks for Kids, Mini Notebooks for Kids, Mini Journal for Students, Blank Journal for Kids, Unlined Notebook, Kids Journal</p><p> -17% 0FF </p><p>$4.99 ($0.62 / Count)</p><a href="https://www.amazon.com/dp/B0CJGPBFCN?tag=eloabder-20&linkCode=osi&th=1&psc=1">View Product</a></div><div class="product"><a href="https://www.amazon.com/dp/B0CP8RCH9R?tag=eloabder-20&linkCode=osi&th=1&psc=1"><img src="https://m.media-amazon.com/images/I/41IHpCydyOL._SL500_.jpg" alt="Product Image"></a><p>BLUMOST Spiral Sketchbook for Drawing, 120gsm Sketch Book for Sketching, Artist Drawing Blank Paper Notebook for Kids Adults Beginners, Inner Pocket, 5.75'' × 8.38''-Black</p><p> -50% 0FF </p><p>$4.49</p><a href="https://www.amazon.com/dp/B0CP8RCH9R?tag=eloabder-20&linkCode=osi&th=1&psc=1">View Product</a></div><div class="product"><a href="https://www.amazon.com/dp/B0CWS8VFN7?tag=eloabder-20&linkCode=osi&th=1&psc=1"><img src="https://m.media-amazon.com/images/I/31i+w2Y3cFL._SL500_.jpg" alt="Product Image"></a><p>Mr. Pen- Colorful Blank Books, 4.25 x 5.5 Inches, 6 Pack, 32 Pages, Blank Notebooks for Kids, Mini Notebooks for Kids, Mini Journal for Students, Blank Journal for Kids, Unlined Notebook, Kids Journal</p><p> -60% 0FF </p><p>$3.99</p><a href="https://www.amazon.com/dp/B0CWS8VFN7?tag=eloabder-20&linkCode=osi&th=1&psc=1">View Product</a></div>
<div class="product"><a href="https://www.amazon.com/dp/B0B3WWHWT2?tag=eloabder-20&linkCode=osi&th=1&psc=1"><img src="https://m.media-amazon.com/images/I/31m0FzXtPxL._SL500_.jpg" alt="Product Image"></a><p>Tamaki 6 Pack Colorful Blank Books for kids to Write, Drawing, Cute Sketchbook for Kid, 6 Colors (4.25 x 5.5 Inches)</p><p> -13% 0FF </p><p>$6.99</p><a href="https://www.amazon.com/dp/B0B3WWHWT2?tag=eloabder-20&linkCode=osi&th=1&psc=1">View Product</a></div>
<div class="product"><a href="https://www.amazon.com/dp/B0B19J9FZM?tag=eloabder-20&linkCode=osi&th=1&psc=1"><img src="https://m.media-amazon.com/images/I/41ABS9as04L._SL500_.jpg" alt="Product Image"></a><p>Soucolor 9" x 12" Sketch Book, 1-Pack 100 Sheets Spiral Bound Art Sketchbook, (68lb/100gsm) Acid Free Artist Drawing Book Paper Painting Sketching Pad for Kids Students Adults Beginners</p><p> -40% 0FF </p><p>$8.99</p><a href="https://www.amazon.com/dp/B0B19J9FZM?tag=eloabder-20&linkCode=osi&th=1&psc=1">View Product</a></div><div class="product"><a href="https://www.amazon.com/dp/B097L9D5C6?tag=eloabder-20&linkCode=osi&th=1&psc=1"><img src="https://m.media-amazon.com/images/I/51weNIrCWfL._SL500_.jpg" alt="Product Image"></a><p>Sketch Book 5.5 X 8.5 - Spiral Sketchbook Pack of 2, SuFly 200 Sheets (68 lb/100gsm) Acid Free Sketch Pads for Drawing for Adults Spiral-Bound with Hard Cover for Kids, 100 Sheets Each</p><p> -8% 0FF </p><p>$11.99 ($6.00 / Count)</p><a href="https://www.amazon.com/dp/B097L9D5C6?tag=eloabder-20&linkCode=osi&th=1&psc=1">View Product</a></div><div class="product"><a href="https://www.amazon.com/dp/B093MK1CLJ?tag=eloabder-20&linkCode=osi&th=1&psc=1"><img src="https://m.media-amazon.com/images/I/3168yaIXBOS._SL500_.jpg" alt="Product Image"></a><p>LayFlat Sketchbook - 8.27 x 11 Inches - Black Blank Note Book, 64 Sheets, Thick 100gsm Paper, for Drawing, Sketching, and journaling</p><p> -5% 0FF </p><p>$12.45</p><a href="https://www.amazon.com/dp/B093MK1CLJ?tag=eloabder-20&linkCode=osi&th=1&psc=1">View Product</a></div><div class="product"><a href="https://www.amazon.com/dp/B083SBPRTY?tag=eloabder-20&linkCode=osi&th=1&psc=1"><img src="https://m.media-amazon.com/images/I/61zFqh++bML._SL500_.jpg" alt="Product Image"></a><p>Artisto 9x12" Premium Sketch Book Set, Spiral Bound, Pack of 2, 200 Sheets (100g/m2), Acid-Free Drawing Paper, Ideal for Kids, Teens & Adults.</p><p> -28% 0FF </p><p>$20.99 ($0.10 / Count)</p><a href="https://www.amazon.com/dp/B083SBPRTY?tag=eloabder-20&linkCode=osi&th=1&psc=1">View Product</a></div><div class="product"><a href="https://www.amazon.com/dp/1441310223?tag=eloabder-20&linkCode=osi&th=1&psc=1"><img src="https://m.media-amazon.com/images/I/41fzQQFFDnL._SL500_.jpg" alt="Product Image"></a><p>Premium Sketchbook (Large journal)</p><p> -10% 0FF </p><p>$11.69</p><a href="https://www.amazon.com/dp/1441310223?tag=eloabder-20&linkCode=osi&th=1&psc=1">View Product</a></div>
<div class="product"><a href="https://www.amazon.com/dp/B075M9MSFH?tag=eloabder-20&linkCode=osi&th=1&psc=1"><img src="https://m.media-amazon.com/images/I/51x+szTX6TL._SL500_.jpg" alt="Product Image"></a><p>Bianyo Bleedproof Marker Paper Pad, A4(8.27"X11.69"), 50 Sheets, 18 LB / 70 GSM, Glue-Bound, 100% Cotton, White, Ideal for Use with Markers and Ink Mediums</p><p> -38% 0FF </p><p>$9.99</p><a href="https://www.amazon.com/dp/B075M9MSFH?tag=eloabder-20&linkCode=osi&th=1&psc=1">View Product</a></div><div class="product"><a href="https://www.amazon.com/dp/B0D97H6RR8?tag=eloabder-20&linkCode=osi&th=1&psc=1"><img src="https://m.media-amazon.com/images/I/41kq8GouD4L._SL500_.jpg" alt="Product Image"></a><p>135lb/200gsm Marker Paper Pad, 8.3×8.9in Double Sided Bleedproof Sketch Pad, 30 Sheets Art Paper Spiral Sketchbook, Smooth Alcohol Marker Paper Painting Coloring Paper for DIY, Gift, Christmas</p><p> -20% 0FF </p><p>$7.99</p><a href="https://www.amazon.com/dp/B0D97H6RR8?tag=eloabder-20&linkCode=osi&th=1&psc=1">View Product</a></div><div class="product"><a href="https://www.amazon.com/dp/B0CS3KH6S1?tag=eloabder-20&linkCode=osi&th=1&psc=1"><img src="https://m.media-amazon.com/images/I/41pg37CppxL._SL500_.jpg" alt="Product Image"></a><p>Ohuhu Double Sided Marker Pads Art Sketchbook Bleedproof - 7.6"x10" Large Paper Size - 90LB/150GSM Smooth Drawing Paper - 60 Sheets/120 Pages, Spiral Bound Sketching Book for Alcohol Markers Christmas</p><p> -9% 0FF </p><p>$19.99 ($0.33 / Count)</p><a href="https://www.amazon.com/dp/B0CS3KH6S1?tag=eloabder-20&linkCode=osi&th=1&psc=1">View Product</a></div><div class="product"><a href="https://www.amazon.com/dp/B0CS3DZ7QL?tag=eloabder-20&linkCode=osi&th=1&psc=1"><img src="https://m.media-amazon.com/images/I/41kUDF2DXdL._SL500_.jpg" alt="Product Image"></a><p>Ohuhu Double Sided Marker Pad Art Sketchbook Bleedproof - 9"x12" Large Paper Size - 90LB/150GSM Smooth Drawing Paper - 60 Sheets/120 Pages, Glue-Bound Sketching Book for Alcohol Markers Christmas Gift</p><p> -9% 0FF </p><p>$19.99 ($0.44 / Sq Ft)</p><a href="https://www.amazon.com/dp/B0CS3DZ7QL?tag=eloabder-20&linkCode=osi&th=1&psc=1">View Product</a></div>
<div class="product"><a href="https://www.amazon.com/dp/B000J09PFM?tag=eloabder-20&linkCode=osi&th=1&psc=1"><img src="https://m.media-amazon.com/images/I/51yPRc4nvoL._SL500_.jpg" alt="Product Image"></a><p>Speedball Water-Soluble Block Printing Ink Starter Set, 6 Bold Colors with Satin Finish, 1.25-Ounce Tubes</p><p> -9% 0FF </p><p>$29.99 ($4.00 / Fl Oz)</p><a href="https://www.amazon.com/dp/B000J09PFM?tag=eloabder-20&linkCode=osi&th=1&psc=1">View Product</a></div><div class="product"><a href="https://www.amazon.com/dp/B0042ST318?tag=eloabder-20&linkCode=osi&th=1&psc=1"><img src="https://m.media-amazon.com/images/I/41+uFUT9CNL._SL500_.jpg" alt="Product Image"></a><p>Sax True Flow Water Soluble Block Printing Ink, 8 Ounce Jar, Black - 461924</p><p> -23% 0FF </p><p>$10.75</p><a href="https://www.amazon.com/dp/B0042ST318?tag=eloabder-20&linkCode=osi&th=1&psc=1">View Product</a></div><div class="product"><a href="https://www.amazon.com/dp/B00C1JUJWW?tag=eloabder-20&linkCode=osi&th=1&psc=1"><img src="https://m.media-amazon.com/images/I/41zDtJ6f5hL._SL500_.jpg" alt="Product Image"></a><p>Speedball Fabric Block Printing Ink, 2.5-Ounce, Black</p><p> -5% 0FF </p><p>$9.99 ($4.00 / Fl Oz)</p><a href="https://www.amazon.com/dp/B00C1JUJWW?tag=eloabder-20&linkCode=osi&th=1&psc=1">View Product</a></div><div class="product"><a href="https://www.amazon.com/dp/B0042SRDG0?tag=eloabder-20&linkCode=osi&th=1&psc=1"><img src="https://m.media-amazon.com/images/I/41+wjL7y0oL._SL500_.jpg" alt="Product Image"></a><p>Sax 1299777 True Flow Water Soluble Block Printing Ink - 16 Ounces - Black</p><p> -22% 0FF </p><p>$17.99</p><a href="https://www.amazon.com/dp/B0042SRDG0?tag=eloabder-20&linkCode=osi&th=1&psc=1">View Product</a></div>
<div class="product"><a href="https://www.amazon.com/dp/B0BN53F73Z?tag=eloabder-20&linkCode=osi&th=1&psc=1"><img src="https://m.media-amazon.com/images/I/41UfqrebfDL._SL500_.jpg" alt="Product Image"></a><p>Oopsu 4 Pack Rubber Block Stamp Carving Blocks with Cutter Tools and Rubber Brayer Roller for Printmaking and More Crafts</p><p> -15% 0FF </p><p>$16.99 ($5.66 / Count)</p><a href="https://www.amazon.com/dp/B0BN53F73Z?tag=eloabder-20&linkCode=osi&th=1&psc=1">View Product</a></div><div class="product"><a href="https://www.amazon.com/dp/B0017D8W5E?tag=eloabder-20&linkCode=osi&th=1&psc=1"><img src="https://m.media-amazon.com/images/I/41WwtE85+2L._SL500_.jpg" alt="Product Image"></a><p>Speedball Linoleum Cutter Kit Assortment #1 - Linocut Carving Tools for Block Printing, Includes 5 Blades</p><p> -7% 0FF </p><p>$13.99</p><a href="https://www.amazon.com/dp/B0017D8W5E?tag=eloabder-20&linkCode=osi&th=1&psc=1">View Product</a></div><div class="product"><a href="https://www.amazon.com/dp/B07ZJBZN5S?tag=eloabder-20&linkCode=osi&th=1&psc=1"><img src="https://m.media-amazon.com/images/I/41UbN58y9uS._SL500_.jpg" alt="Product Image"></a><p>SGHUO 12pcs 4"x6" Pink Rubber Carving Blocks Linoleum Block Stamp Making Kit</p><p> -12% 0FF </p><p>$22.99 ($1.92 / Count)</p><a href="https://www.amazon.com/dp/B07ZJBZN5S?tag=eloabder-20&linkCode=osi&th=1&psc=1">View Product</a></div>
<div class="product"><a href="https://www.amazon.com/dp/B00L2DYUM8?tag=eloabder-20&linkCode=osi&th=1&psc=1"><img src="https://m.media-amazon.com/images/I/51l5FZ0+5AL._SL500_.jpg" alt="Product Image"></a><p>Strathmore 300 Series Printmaking Paper Pad, Glue Bound, 5x7 inches, 40 Sheets (120g) - Artist Paper for Adults and Students - Block Printing, Linocut, Screen Printing, White</p><p> -25% 0FF </p><p>$5.94</p><a href="https://www.amazon.com/dp/B00L2DYUM8?tag=eloabder-20&linkCode=osi&th=1&psc=1">View Product</a></div><div class="product"><a href="https://www.amazon.com/dp/B00K5562WA?tag=eloabder-20&linkCode=osi&th=1&psc=1"><img src="https://m.media-amazon.com/images/I/51cZMCeflnL._SL500_.jpg" alt="Product Image"></a><p>Strathmore Printmaking Paper Pad 8"X10"-20 Sheets -62433800, White</p><p> -24% 0FF </p><p>$10.76</p><a href="https://www.amazon.com/dp/B00K5562WA?tag=eloabder-20&linkCode=osi&th=1&psc=1">View Product</a></div><div class="product"><a href="https://www.amazon.com/dp/B003IFWXHC?tag=eloabder-20&linkCode=osi&th=1&psc=1"><img src="https://m.media-amazon.com/images/I/41BilVeKXDL._SL500_.jpg" alt="Product Image"></a><p>Speedball Printmaster Paper, 9"x12", 50-Sheets, 70lb, 104gsm for Block and Relief Printmaking, Ideal for Students and Everyday Use</p><p> -7% 0FF </p><p>$13.99 ($0.28 / Count)</p><a href="https://www.amazon.com/dp/B003IFWXHC?tag=eloabder-20&linkCode=osi&th=1&psc=1">View Product</a></div><div class="product"><a href="https://www.amazon.com/dp/B07RL81DD2?tag=eloabder-20&linkCode=osi&th=1&psc=1"><img src="https://m.media-amazon.com/images/I/51Qs3GXKhnL._SL500_.jpg" alt="Product Image"></a><p>Richeson Printmaking Paper, 88# 6x9 inches, 50 Sheets (100757)</p><p> -12% 0FF </p><p>$8.93 ($0.18 / Count)</p><a href="https://www.amazon.com/dp/B07RL81DD2?tag=eloabder-20&linkCode=osi&th=1&psc=1">View Product</a></div><div class="product"><a href="https://www.amazon.com/dp/B0CBRKYF99?tag=eloabder-20&linkCode=osi&th=1&psc=1"><img src="https://m.media-amazon.com/images/I/41yOd+I8g8L._SL500_.jpg" alt="Product Image"></a><p>50/100 Sheets FIVEIZERO A4 Mulberry Paper Sheets Natural Fiber Rice Paper,8.3x11.7in Natural Decoupage Tissue Paper For Writing Painting, Decorative Paper, Card Making Paper DIY Craft</p><p> -10% 0FF </p><p>$8.95</p><a href="https://www.amazon.com/dp/B0CBRKYF99?tag=eloabder-20&linkCode=osi&th=1&psc=1">View Product</a></div>
<div class="product"><a href="https://www.amazon.com/dp/B07YDNKSH6?tag=eloabder-20&linkCode=osi&th=1&psc=1"><img src="https://m.media-amazon.com/images/I/41JGrHa7mSL._SL500_.jpg" alt="Product Image"></a><p>4-Inch Rubber Brayer Roller for Printmaking, Great for Gluing Application Also. (Original Version)</p><p> -36% 0FF </p><p>$6.99</p><a href="https://www.amazon.com/dp/B07YDNKSH6?tag=eloabder-20&linkCode=osi&th=1&psc=1">View Product</a></div><div class="product"><a href="https://www.amazon.com/dp/B003IG27OK?tag=eloabder-20&linkCode=osi&th=1&psc=1"><img src="https://m.media-amazon.com/images/I/416NUaYo1DL._SL500_.jpg" alt="Product Image"></a><p>Speedball Block Printing Baren - Comfortable Wooden Handle, Made in the USA - 4 Inches</p><p> -12% 0FF </p><p>$29.49</p><a href="https://www.amazon.com/dp/B003IG27OK?tag=eloabder-20&linkCode=osi&th=1&psc=1">View Product</a></div>
<div class="product"><a href="https://www.amazon.com/dp/B0CMZTVW28?tag=eloabder-20&linkCode=osi&th=1&psc=1"><img src="https://m.media-amazon.com/images/I/41tZXfCViDL._SL500_.jpg" alt="Product Image"></a><p>Ecoofor Blotting Paper for Flower Press, 20 Sheets Large A4 Highly Absorbent and Reusable Blotter Paper for Flower Press Paper Craft 8.26 x 11.4 inch</p><p> -17% 0FF </p><p>$9.99</p><a href="https://www.amazon.com/dp/B0CMZTVW28?tag=eloabder-20&linkCode=osi&th=1&psc=1">View Product</a></div><div class="product"><a href="https://www.amazon.com/dp/B0CQMMYSBR?tag=eloabder-20&linkCode=osi&th=1&psc=1"><img src="https://m.media-amazon.com/images/I/413SlUi6IDL._SL500_.jpg" alt="Product Image"></a><p>Wisreach Blotting Paper for Flower Press, 20 Sheets Flower Press Paper Highly Absorbent and Reusable Blotter Paper for Flower Art A4 Size 8.26 x 11.4 inch</p><p> -17% 0FF </p><p>$9.99</p><a href="https://www.amazon.com/dp/B0CQMMYSBR?tag=eloabder-20&linkCode=osi&th=1&psc=1">View Product</a></div><div class="product"><a href="https://www.amazon.com/dp/B0CTCD1VY7?tag=eloabder-20&linkCode=osi&th=1&psc=1"><img src="https://m.media-amazon.com/images/I/41xzeYmMKDL._SL500_.jpg" alt="Product Image"></a><p>24 Sheets A4 Reusable Blotting Paper for Flower Press, Highly Absorbent Blotter Paper for Flower Pressing Kit(11.8x8.27 inch)</p><p> -22% 0FF </p><p>$6.99</p><a href="https://www.amazon.com/dp/B0CTCD1VY7?tag=eloabder-20&linkCode=osi&th=1&psc=1">View Product</a></div>
<div class="product"><a href="https://www.amazon.com/dp/B085XDSB3Y?tag=eloabder-20&linkCode=osi&th=1&psc=1"><img src="https://m.media-amazon.com/images/I/41zCK3QUcGL._SL500_.jpg" alt="Product Image"></a><p>Ecohu Bone Folder & Creaser Tool - 2PCS - Scoring, Folding for Origami, Paper Crafts, Bookbinding, Leather Crafts and Card Making & Folding Paper</p><p> -32% 0FF </p><p>$9.95</p><a href="https://www.amazon.com/dp/B085XDSB3Y?tag=eloabder-20&linkCode=osi&th=1&psc=1">View Product</a></div><div class="product"><a href="https://www.amazon.com/dp/B071227D92?tag=eloabder-20&linkCode=osi&th=1&psc=1"><img src="https://m.media-amazon.com/images/I/51MYSCdI-kL._SL500_.jpg" alt="Product Image"></a><p>ARTEZA Bone Folders, Set of 4 Scoring Tools for Origami Paper Crafts, Art Supplies for Book Binding, Card Making, and Paper Folding</p><p> -24% 0FF </p><p>$13.99 ($3.50 / Count)</p><a href="https://www.amazon.com/dp/B071227D92?tag=eloabder-20&linkCode=osi&th=1&psc=1">View Product</a></div>
<div class="product"><a href="https://www.amazon.com/dp/B0007LS8G0?tag=eloabder-20&linkCode=osi&th=1&psc=1"><img src="https://m.media-amazon.com/images/I/41gnrMp4vXL._SL500_.jpg" alt="Product Image"></a><p>Lineco Bookbinding Super Cloth, Book Making Book Repair Cloth Material for Repairing Old Books, 18x30 Inch. Neutral Color.</p><p> -10% 0FF </p><p>$8.07</p><a href="https://www.amazon.com/dp/B0007LS8G0?tag=eloabder-20&linkCode=osi&th=1&psc=1">View Product</a></div><div class="product"><a href="https://www.amazon.com/dp/B0D2T5BY6F?tag=eloabder-20&linkCode=osi&th=1&psc=1"><img src="https://m.media-amazon.com/images/I/41k1Uc0DisL._SL500_.jpg" alt="Product Image"></a><p>10pcs Book Cloth,14”x10”,Fabric Surface and Paper Backed, book cloth for book binding,book binding fabric,5 Colors Bookbinding Cloth for DIY fabric book cover,bookbinding paper (Style C)</p><p> -10% 0FF </p><p>$8.99</p><a href="https://www.amazon.com/dp/B0D2T5BY6F?tag=eloabder-20&linkCode=osi&th=1&psc=1">View Product</a></div><div class="product"><a href="https://www.amazon.com/dp/B0CLL2999Y?tag=eloabder-20&linkCode=osi&th=1&psc=1"><img src="https://m.media-amazon.com/images/I/51qVluU6kYL._SL500_.jpg" alt="Product Image"></a><p>8pcs Book Cloth 14x10 Inch Fabric Surface Paper Backed 4 Colors Bookbinding Cloth for Adult DIY Book Album Cover (Style C)</p><p> -10% 0FF </p><p>$8.99</p><a href="https://www.amazon.com/dp/B0CLL2999Y?tag=eloabder-20&linkCode=osi&th=1&psc=1">View Product</a></div><div class="product"><a href="https://www.amazon.com/dp/B0D2C9CQ9R?tag=eloabder-20&linkCode=osi&th=1&psc=1"><img src="https://m.media-amazon.com/images/I/51ZB8HlWbHL._SL500_.jpg" alt="Product Image"></a><p>Bookbinding Cloth (White:2pieces39x45inches,Other Colours;10 pieces14x10inches) Book Cloth for Book Production Bookbinding Super Cloth Book Restoration Cloth Material for Restoring Old Book bindings</p><p> -30% 0FF </p><p>$11.89</p><a href="https://www.amazon.com/dp/B0D2C9CQ9R?tag=eloabder-20&linkCode=osi&th=1&psc=1">View Product</a></div>
<div class="product"><a href="https://www.amazon.com/dp/B0CQM7GN9K?tag=eloabder-20&linkCode=osi&th=1&psc=1"><img src="https://m.media-amazon.com/images/I/41iSoCGfQPL._SL500_.jpg" alt="Product Image"></a><p>VONEEDL Heavy Duty Hand Sewing Needles Set - 26 Straight and Curved Hand Sewing Needles for Upholstery, Leather, Carpet, Canvas Repair and Sail Crafts</p><p> -8% 0FF </p><p>$6.28 ($0.24 / Count)</p><a href="https://www.amazon.com/dp/B0CQM7GN9K?tag=eloabder-20&linkCode=osi&th=1&psc=1">View Product</a></div>
<div class="product"><a href="https://www.amazon.com/dp/B0025U108E?tag=eloabder-20&linkCode=osi&th=1&psc=1"><img src="https://m.media-amazon.com/images/I/31tAXQM8ItL._SL500_.jpg" alt="Product Image"></a><p>Books by Hand Linen Thread, Archival Quality Natural Unbleached and Unwaxed, 50 Yards 35/3 Gauge, Ideal for Bookbinding and Sewing Signatures</p><p> -38% 0FF </p><p>$9.26</p><a href="https://www.amazon.com/dp/B0025U108E?tag=eloabder-20&linkCode=osi&th=1&psc=1">View Product</a></div><div class="product"><a href="https://www.amazon.com/dp/B09KBTWJWG?tag=eloabder-20&linkCode=osi&th=1&psc=1"><img src="https://m.media-amazon.com/images/I/5139R+MumEL._SL500_.jpg" alt="Product Image"></a><p>BUTUZE 330 Yards Leather Sewing Waxed Thread - 150D 33 Yards Per Spool Stitching Thread for Leather Craft DIY,Bookbinding,Shoe Repairing,Leather Sewing</p><p> -20% 0FF </p><p>$7.99 ($0.01 / Foot)</p><a href="https://www.amazon.com/dp/B09KBTWJWG?tag=eloabder-20&linkCode=osi&th=1&psc=1">View Product</a></div>
<div class="product"><a href="https://www.amazon.com/dp/B07JQPDD9R?tag=eloabder-20&linkCode=osi&th=1&psc=1"><img src="https://m.media-amazon.com/images/I/41qf-76odYL._SL500_.jpg" alt="Product Image"></a><p>We R Memory Keepers, Journal Book Binding Punch Guide Set, Includes Guide, Awl, Curved and Straight Needle, Waxed Thread, Japanese Stitching Template and Storage, for Japanese and Copic Bound Books</p><p> -17% 0FF </p><p>$24.99</p><a href="https://www.amazon.com/dp/B07JQPDD9R?tag=eloabder-20&linkCode=osi&th=1&psc=1">View Product</a></div><div class="product"><a href="https://www.amazon.com/dp/B0C4L31Q4B?tag=eloabder-20&linkCode=osi&th=1&psc=1"><img src="https://m.media-amazon.com/images/I/51-mr3CFowL._SL500_.jpg" alt="Product Image"></a><p>49 Pcs Hand Bookbinding Tools Bookbinding Kits for Beginners Bookbinding Supplies with Paper Awl Binding Ribbon Glue Brush and Steel Ruler for DIY Bookbinding Crafts</p><p> -15% 0FF </p><p>$16.14</p><a href="https://www.amazon.com/dp/B0C4L31Q4B?tag=eloabder-20&linkCode=osi&th=1&psc=1">View Product</a></div>
<div class="product"><a href="https://www.amazon.com/dp/B0811DGL9Y?tag=eloabder-20&linkCode=osi&th=1&psc=1"><img src="https://m.media-amazon.com/images/I/51Kc8OFy8xL._SL500_.jpg" alt="Product Image"></a><p>Motbach 200Pcs Plastic Bottle Caps for DIY Craft Environmental Protection and Development of Children’s Intelligence (Mixed Color)</p><p> -7% 0FF </p><p>$13.90</p><a href="https://www.amazon.com/dp/B0811DGL9Y?tag=eloabder-20&linkCode=osi&th=1&psc=1">View Product</a></div><div class="product"><a href="https://www.amazon.com/dp/B0B2KPKFBD?tag=eloabder-20&linkCode=osi&th=1&psc=1"><img src="https://m.media-amazon.com/images/I/51l9I4uCYXL._SL500_.jpg" alt="Product Image"></a><p>Jedulin 100PCS Plastic Bottle Caps DIY Craft Environmental Protection Bottle Caps for Children Intelligence Development Kindergarten Stickes (Mixed Color)</p><p> -20% 0FF </p><p>$7.99</p><a href="https://www.amazon.com/dp/B0B2KPKFBD?tag=eloabder-20&linkCode=osi&th=1&psc=1">View Product</a></div><div class="product"><a href="https://www.amazon.com/dp/B0C7C8SXGR?tag=eloabder-20&linkCode=osi&th=1&psc=1"><img src="https://m.media-amazon.com/images/I/51og4kgswUL._SL500_.jpg" alt="Product Image"></a><p>Thyle DIY Craft Assorted Colors Plastic Bottle Caps for Children Intelligence Development Kindergarten Scrapbook Mixed Color (500 Pcs)</p><p> -35% 0FF </p><p>$14.99</p><a href="https://www.amazon.com/dp/B0C7C8SXGR?tag=eloabder-20&linkCode=osi&th=1&psc=1">View Product</a></div><div class="product"><a href="https://www.amazon.com/dp/B0BTBDXYCH?tag=eloabder-20&linkCode=osi&th=1&psc=1"><img src="https://m.media-amazon.com/images/I/51jDHmexj7L._SL500_.jpg" alt="Product Image"></a><p>ZEAYEA 300 Pcs Plastic Bottle Caps, DIY Craft Environmental Protection Bottle Caps, Mixed Color Bottle Caps for Children Intelligence Development Kindergarten Stickers Kids DIY Craft</p><p> -22% 0FF </p><p>$17.99 ($0.06 / Count)</p><a href="https://www.amazon.com/dp/B0BTBDXYCH?tag=eloabder-20&linkCode=osi&th=1&psc=1">View Product</a></div>
<div class="product"><a href="https://www.amazon.com/dp/B072VWN1GV?tag=eloabder-20&linkCode=osi&th=1&psc=1"><img src="https://m.media-amazon.com/images/I/21vZmhaRk5L._SL500_.jpg" alt="Product Image"></a><p>Cricut Brayer, Rubber Roller for Crafts, Works with Fabric, Vinyl, Iron-On & Inking Blocks, Extend Life of Cricut FabricGrip Mat, Compatible with Cricut Maker</p><p> -50% 0FF </p><p>$8.99</p><a href="https://www.amazon.com/dp/B072VWN1GV?tag=eloabder-20&linkCode=osi&th=1&psc=1">View Product</a></div><div class="product"><a href="https://www.amazon.com/dp/B08PP6QCWP?tag=eloabder-20&linkCode=osi&th=1&psc=1"><img src="https://m.media-amazon.com/images/I/31fzR6GvMeL._SL500_.jpg" alt="Product Image"></a><p>3 Pack Printmaking Brayers - Premium Brayer Rollers for Crafting, Hard Rubber Roller Brayers, Vinyl Roller Ink Paint Brush for Wallpapers Stamping Gluing Application (2.4’’, 4’’, 7.9’’) (black)</p><p> -6% 0FF </p><p>$16.99</p><a href="https://www.amazon.com/dp/B08PP6QCWP?tag=eloabder-20&linkCode=osi&th=1&psc=1">View Product</a></div><div class="product"><a href="https://www.amazon.com/dp/B072VY7CTF?tag=eloabder-20&linkCode=osi&th=1&psc=1"><img src="https://m.media-amazon.com/images/I/21Sg48Q+UoL._SL500_.jpg" alt="Product Image"></a><p>Cricut Brayer & MAT Remover Set</p><p> -52% 0FF </p><p>$11.99</p><a href="https://www.amazon.com/dp/B072VY7CTF?tag=eloabder-20&linkCode=osi&th=1&psc=1">View Product</a></div><div class="product"><a href="https://www.amazon.com/dp/B0007ZJ8T2?tag=eloabder-20&linkCode=osi&th=1&psc=1"><img src="https://m.media-amazon.com/images/I/31Oh43aFt9L._SL500_.jpg" alt="Product Image"></a><p>Speedball Pop-in Soft Rubber Brayer, 4" – Roller Tool for Crafting and Block Printing, Vinyl, Comfort Grip Handle</p><p> -14% 0FF </p><p>$11.99</p><a href="https://www.amazon.com/dp/B0007ZJ8T2?tag=eloabder-20&linkCode=osi&th=1&psc=1">View Product</a></div>
<div class="product"><a href="https://www.amazon.com/dp/B099DWCRZ5?tag=eloabder-20&linkCode=osi&th=1&psc=1"><img src="https://m.media-amazon.com/images/I/41rr5hT-8TL._SL500_.jpg" alt="Product Image"></a><p>milo Fluorescent Acrylic Paint Set of 6 Colors | 4 oz Bottles | Student Neon Colors Acrylics Painting Pack | Made in the USA | Non-Toxic Art & Craft Paints for Artists, Kids, & Hobby Painters</p><p> -8% 0FF </p><p>$22.90 ($0.95 / Fl Oz)</p><a href="https://www.amazon.com/dp/B099DWCRZ5?tag=eloabder-20&linkCode=osi&th=1&psc=1">View Product</a></div><div class="product"><a href="https://www.amazon.com/dp/B0871TN9QJ?tag=eloabder-20&linkCode=osi&th=1&psc=1"><img src="https://m.media-amazon.com/images/I/51YLdXlUP6L._SL500_.jpg" alt="Product Image"></a><p>Artecho Neon Paint - Set of 6 Colors, 59 ml / 2 oz Acrylic Paint for Decoration, Art Painting, Outdoor and Indoor Art Craft, Supplies for Canvas, Rock, Wood, Fabric, Waterproof Rich Pigments</p><p> -20% 0FF </p><p>$13.59 ($1.14 / Fl Oz)</p><a href="https://www.amazon.com/dp/B0871TN9QJ?tag=eloabder-20&linkCode=osi&th=1&psc=1">View Product</a></div><div class="product"><a href="https://www.amazon.com/dp/B09133GRBN?tag=eloabder-20&linkCode=osi&th=1&psc=1"><img src="https://m.media-amazon.com/images/I/51gFnhPRtSL._SL500_.jpg" alt="Product Image"></a><p>ABEIER Iridescent Acrylic Paint, Set of 18 Chameleon Colors, 2 oz/60ml Bottles, Color-shifting, Non-Toxic, High Viscosity, Blendable, Paints on Rocks Crafts Canvas Wood, Fabric, Ceramic & Stone</p><p> -20% 0FF </p><p>$20.79 ($0.58 / Fl Oz)</p><a href="https://www.amazon.com/dp/B09133GRBN?tag=eloabder-20&linkCode=osi&th=1&psc=1">View Product</a></div>
<div class="product"><a href="https://www.amazon.com/dp/B0009RRT9Y?tag=eloabder-20&linkCode=osi&th=1&psc=1"><img src="https://m.media-amazon.com/images/I/51ZhyYPOB5L._SL500_.jpg" alt="Product Image"></a><p>General Pencil Company The Masters Brush Cleaner & Preserver 2.5 0z.</p><p> -30% 0FF </p><p>$11.96</p><a href="https://www.amazon.com/dp/B0009RRT9Y?tag=eloabder-20&linkCode=osi&th=1&psc=1">View Product</a></div><div class="product"><a href="https://www.amazon.com/dp/B001TNR7VM?tag=eloabder-20&linkCode=osi&th=1&psc=1"><img src="https://m.media-amazon.com/images/I/51xdVglpEJL._SL500_.jpg" alt="Product Image"></a><p>General Pencil The Master's Brush Cleaner & Preserver, 1 oz</p><p> -7% 0FF </p><p>$8.01</p><a href="https://www.amazon.com/dp/B001TNR7VM?tag=eloabder-20&linkCode=osi&th=1&psc=1">View Product</a></div><div class="product"><a href="https://www.amazon.com/dp/B00F38YVQS?tag=eloabder-20&linkCode=osi&th=1&psc=1"><img src="https://m.media-amazon.com/images/I/51yjmSTzzML._SL500_.jpg" alt="Product Image"></a><p>B & J Original Brush Cleaner - 2.5 Oz/12ct Display</p><p> -6% 0FF </p><p>$11.99 ($4.80 / Ounce)</p><a href="https://www.amazon.com/dp/B00F38YVQS?tag=eloabder-20&linkCode=osi&th=1&psc=1">View Product</a></div><div class="product"><a href="https://www.amazon.com/dp/B004BN7QQ8?tag=eloabder-20&linkCode=osi&th=1&psc=1"><img src="https://m.media-amazon.com/images/I/31fEWB-h4VL._SL500_.jpg" alt="Product Image"></a><p>Winsor & Newton Brush Cleaner & Restorer, 16.0-oz Bottle</p><p> -14% 0FF </p><p>$21.87 ($1.37 / Fl Oz)</p><a href="https://www.amazon.com/dp/B004BN7QQ8?tag=eloabder-20&linkCode=osi&th=1&psc=1">View Product</a></div><div class="product"><a href="https://www.amazon.com/dp/B0049UZ8Z4?tag=eloabder-20&linkCode=osi&th=1&psc=1"><img src="https://m.media-amazon.com/images/I/51RVD9jAf9L._SL500_.jpg" alt="Product Image"></a><p>General Pencil 103-BJ The Masters Brush Cleaner and Preserver Tub, 24-Ounce</p><p> -19% 0FF </p><p>$28.29</p><a href="https://www.amazon.com/dp/B0049UZ8Z4?tag=eloabder-20&linkCode=osi&th=1&psc=1">View Product</a></div><div class="product"><a href="https://www.amazon.com/dp/B00JB1AUU4?tag=eloabder-20&linkCode=osi&th=1&psc=1"><img src="https://m.media-amazon.com/images/I/51YWgMhI8PL._SL500_.jpg" alt="Product Image"></a><p>General Pencil Masters Brush Cleaner and Preserver 1-Ounce (GP100)</p><p> -29% 0FF </p><p>$8.54</p><a href="https://www.amazon.com/dp/B00JB1AUU4?tag=eloabder-20&linkCode=osi&th=1&psc=1">View Product</a></div>
<div class="product"><a href="https://www.amazon.com/dp/B06X93CZ2F?tag=eloabder-20&linkCode=osi&th=1&psc=1"><img src="https://m.media-amazon.com/images/I/51N++pZFFoL._SL500_.jpg" alt="Product Image"></a><p>JTDEAL Paint Brush Holder, 22 Slots Paint Brush Storage for Acrylic Oil Watercolor Gouache Artist Paint Brush Roll Canvas Pouch, Silver white Holds 100 brushes</p><p> -23% 0FF </p><p>$9.98</p><a href="https://www.amazon.com/dp/B06X93CZ2F?tag=eloabder-20&linkCode=osi&th=1&psc=1">View Product</a></div><div class="product"><a href="https://www.amazon.com/dp/B000GJ76SE?tag=eloabder-20&linkCode=osi&th=1&psc=1"><img src="https://m.media-amazon.com/images/I/41bXOXEav9L._SL500_.jpg" alt="Product Image"></a><p>ArtBin KW903 Brush Box with Foam Inserts, Fine Art Portable Paint Brush Organizer, Plastic, Clear, 1.0 Count</p><p> -20% 0FF </p><p>$15.97</p><a href="https://www.amazon.com/dp/B000GJ76SE?tag=eloabder-20&linkCode=osi&th=1&psc=1">View Product</a></div><div class="product"><a href="https://www.amazon.com/dp/B0D476RJ27?tag=eloabder-20&linkCode=osi&th=1&psc=1"><img src="https://m.media-amazon.com/images/I/513n7TQ7WhL._SL500_.jpg" alt="Product Image"></a><p>SBYURE Wooden Paint Brush Holder Artist Brush Holder 67 Hole Paintbrush Holder Organizer Wood Paint Brush Rack for Pens Pencils and Art Tools</p><p> -17% 0FF </p><p>$9.99</p><a href="https://www.amazon.com/dp/B0D476RJ27?tag=eloabder-20&linkCode=osi&th=1&psc=1">View Product</a></div>
<div class="product"><a href="https://www.amazon.com/dp/B000THNGVO?tag=eloabder-20&linkCode=osi&th=1&psc=1"><img src="https://m.media-amazon.com/images/I/416vczORVSL._SL500_.jpg" alt="Product Image"></a><p>Pentel Fude Brush Pen, Medium (XFL2L)</p><p> -44% 0FF </p><p>$5.59</p><a href="https://www.amazon.com/dp/B000THNGVO?tag=eloabder-20&linkCode=osi&th=1&psc=1">View Product</a></div><div class="product"><a href="https://www.amazon.com/dp/B07DQ4292Y?tag=eloabder-20&linkCode=osi&th=1&psc=1"><img src="https://m.media-amazon.com/images/I/41-kgHpaPvL._SL500_.jpg" alt="Product Image"></a><p>Tombow 62039 Fudenosuke Brush Pens, 3-Pack. Soft, Hard, and Twin Tip Markers for Calligraphy and Art Drawings</p><p> -41% 0FF </p><p>$7.29 ($2.43 / Count)</p><a href="https://www.amazon.com/dp/B07DQ4292Y?tag=eloabder-20&linkCode=osi&th=1&psc=1">View Product</a></div><div class="product"><a href="https://www.amazon.com/dp/B08FCZC2R3?tag=eloabder-20&linkCode=osi&th=1&psc=1"><img src="https://m.media-amazon.com/images/I/51TWqPlqpfL._SL500_.jpg" alt="Product Image"></a><p>Craft 'n' Beyond Calligraphy Brush Pens Pack of 3 Small, Medium and Large Markers for Hand Lettering, Art Drawing, Sketching, Scrapbooking, Journaling - Beginner Kit with Fadeproof Black Ink</p><p> -20% 0FF </p><p>$5.99</p><a href="https://www.amazon.com/dp/B08FCZC2R3?tag=eloabder-20&linkCode=osi&th=1&psc=1">View Product</a></div><div class="product"><a href="https://www.amazon.com/dp/B0752Q39TF?tag=eloabder-20&linkCode=osi&th=1&psc=1"><img src="https://m.media-amazon.com/images/I/318NZq+SxqL._SL500_.jpg" alt="Product Image"></a><p>Zebra Pen Zensations Brush Pen, Brush Tip, Black Water-Resistant Ink, 1-Pack</p><p> -40% 0FF </p><p>$1.71</p><a href="https://www.amazon.com/dp/B0752Q39TF?tag=eloabder-20&linkCode=osi&th=1&psc=1">View Product</a></div><div class="product"><a href="https://www.amazon.com/dp/B01MS96OLD?tag=eloabder-20&linkCode=osi&th=1&psc=1"><img src="https://m.media-amazon.com/images/I/31bfqw+ZWDL._SL500_.jpg" alt="Product Image"></a><p>Tombow Abt Dual Brush Pen N15 Black Pack of 2</p><p> -10% 0FF </p><p>$6.23 ($3.12 / Count)</p><a href="https://www.amazon.com/dp/B01MS96OLD?tag=eloabder-20&linkCode=osi&th=1&psc=1">View Product</a></div>
<div class="product"><a href="https://www.amazon.com/dp/B09KNVGJLG?tag=eloabder-20&linkCode=osi&th=1&psc=1"><img src="https://m.media-amazon.com/images/I/51M8YXIl+HL._SL500_.jpg" alt="Product Image"></a><p>U.S. Art Supply 16 Hole Multi-Function Paint Brush Washer, Cleaner and Holder, 18 Palette Wells, Lid Plastic - Clean, Dry, Rest, Store, Hold Artist Brushes - Cleaning Acrylic, Watercolor, Oil Painting</p><p> -29% 0FF </p><p>$9.99</p><a href="https://www.amazon.com/dp/B09KNVGJLG?tag=eloabder-20&linkCode=osi&th=1&psc=1">View Product</a></div><div class="product"><a href="https://www.amazon.com/dp/B0CF959SCV?tag=eloabder-20&linkCode=osi&th=1&psc=1"><img src="https://m.media-amazon.com/images/I/41ab3WRFu8L._SL500_.jpg" alt="Product Image"></a><p>NIUCOO 2024 Upgraded Paint Brush Cleaner Brush Rinser: Paintbrush Cleaners Painting Station Paint Brush Rinse Paint Brush Washer Estacion De Pintura Flush My Brush Washing</p><p> -17% 0FF </p><p>$9.98</p><a href="https://www.amazon.com/dp/B0CF959SCV?tag=eloabder-20&linkCode=osi&th=1&psc=1">View Product</a></div><div class="product"><a href="https://www.amazon.com/dp/B0017880ME?tag=eloabder-20&linkCode=osi&th=1&psc=1"><img src="https://m.media-amazon.com/images/I/41qGjgJEnsL._SL500_.jpg" alt="Product Image"></a><p>Masterson Fresh Water Rinse Well Brush Cleaner for Cleaning Paintbrushes, Cleaning System for Acrylic, Watercolor, and Water-Based Paints, Great for Studio, Classroom, and Face Painting, Made in USA</p><p> -5% 0FF </p><p>$22.29</p><a href="https://www.amazon.com/dp/B0017880ME?tag=eloabder-20&linkCode=osi&th=1&psc=1">View Product</a></div>
<div class="product"><a href="https://www.amazon.com/dp/B07GH7WGC3?tag=eloabder-20&linkCode=osi&th=1&psc=1"><img src="https://m.media-amazon.com/images/I/51vzX1OZI6L._SL500_.jpg" alt="Product Image"></a><p>BOSOBO Paint Brushes Set, 2 Pack 20 Pcs Round-Pointed Tip Paintbrushes Nylon Hair Artist Acrylic Paint Brushes for Acrylic Oil Watercolor, Face Nail Art, Miniature Detailing & Rock Painting, Blue</p><p> -54% 0FF </p><p>$5.99 ($0.30 / Count)</p><a href="https://www.amazon.com/dp/B07GH7WGC3?tag=eloabder-20&linkCode=osi&th=1&psc=1">View Product</a></div><div class="product"><a href="https://www.amazon.com/dp/B09HH97QTK?tag=eloabder-20&linkCode=osi&th=1&psc=1"><img src="https://m.media-amazon.com/images/I/51LLw4EEEBL._SL500_.jpg" alt="Product Image"></a><p>20 Pcs Paint Brush Set for Acrylic Painting, Watercolor, Miniature Detailing, and Rock Painting</p><p> -50% 0FF </p><p>$4.99</p><a href="https://www.amazon.com/dp/B09HH97QTK?tag=eloabder-20&linkCode=osi&th=1&psc=1">View Product</a></div><div class="product"><a href="https://www.amazon.com/dp/B095M9LKPN?tag=eloabder-20&linkCode=osi&th=1&psc=1"><img src="https://m.media-amazon.com/images/I/51V-4Zpr+iS._SL500_.jpg" alt="Product Image"></a><p>Paint Brushes Set of 24 Pieces Wooden Handles Brushes with Canvas Brush Case, Professional for Oil, Acrylic and Watercolor Painting</p><p> -33% 0FF </p><p>$11.99</p><a href="https://www.amazon.com/dp/B095M9LKPN?tag=eloabder-20&linkCode=osi&th=1&psc=1">View Product</a></div><div class="product"><a href="https://www.amazon.com/dp/B078XJ2DCJ?tag=eloabder-20&linkCode=osi&th=1&psc=1"><img src="https://m.media-amazon.com/images/I/616oHEXPN1S._SL500_.jpg" alt="Product Image"></a><p>Pro Grade - Chip Paint Brushes - 36-Pack - 2 Inch Chip Brush for Paints, Stains, Varnishes, Glues, & Gesso</p><p> -28% 0FF </p><p>$17.99</p><a href="https://www.amazon.com/dp/B078XJ2DCJ?tag=eloabder-20&linkCode=osi&th=1&psc=1">View Product</a></div><div class="product"><a href="https://www.amazon.com/dp/B0878MN2VR?tag=eloabder-20&linkCode=osi&th=1&psc=1"><img src="https://m.media-amazon.com/images/I/51NycGy8AYL._SL500_.jpg" alt="Product Image"></a><p>Acrylic Paint Brush Set, 1 Packs / 10 pcs Watercolor Brushes Painting Brush Nylon Hair Brushes for All Purpose Oil Watercolor Painting Artist Professional Kits.</p><p> -56% 0FF </p><p>$3.99</p><a href="https://www.amazon.com/dp/B0878MN2VR?tag=eloabder-20&linkCode=osi&th=1&psc=1">View Product</a></div><div class="product"><a href="https://www.amazon.com/dp/B07X9SRV4H?tag=eloabder-20&linkCode=osi&th=1&psc=1"><img src="https://m.media-amazon.com/images/I/41Tq91myMWL._SL500_.jpg" alt="Product Image"></a><p>UPINS 30 Pcs Flat Paint Brushes, Small Brush Bulk for Detail Painting</p><p> -56% 0FF </p><p>$6.59 ($0.22 / Count)</p><a href="https://www.amazon.com/dp/B07X9SRV4H?tag=eloabder-20&linkCode=osi&th=1&psc=1">View Product</a></div><div class="product"><a href="https://www.amazon.com/dp/B08CY551NH?tag=eloabder-20&linkCode=osi&th=1&psc=1"><img src="https://m.media-amazon.com/images/I/514-YFHUt2L._SL500_.jpg" alt="Product Image"></a><p>Paint Brushes Set for Acrylic Painting, 20 Pcs Oil Watercolor Acrylic Paint Brush, Artist Paintbrushes for Body Face Rock Canvas, Kids Adult Drawing Arts Crafts Supplies, Blue</p><p> -11% 0FF </p><p>$7.99 ($0.40 / Count)</p><a href="https://www.amazon.com/dp/B08CY551NH?tag=eloabder-20&linkCode=osi&th=1&psc=1">View Product</a></div><div class="product"><a href="https://www.amazon.com/dp/B078XK6XRH?tag=eloabder-20&linkCode=osi&th=1&psc=1"><img src="https://m.media-amazon.com/images/I/51pi8RvmeJL._SL500_.jpg" alt="Product Image"></a><p>Pro Grade - Chip Paint Brushes - 96 Ea 2 Inch Chip Brush for Paints, Stains, Varnishes, Glues, & Gesso</p><p> -24% 0FF </p><p>$33.99</p><a href="https://www.amazon.com/dp/B078XK6XRH?tag=eloabder-20&linkCode=osi&th=1&psc=1">View Product</a></div>
<div class="product"><a href="https://www.amazon.com/dp/B081J66MVD?tag=eloabder-20&linkCode=osi&th=1&psc=1"><img src="https://m.media-amazon.com/images/I/61lZh1TW74L._SL500_.jpg" alt="Product Image"></a><p>Greentime 1500 pcs Round Resin Buttons Mixed Color Assorted Sizes for Crafts Sewing DIY Manual Button Painting DIY Handmade Ornament Buttons, 2 Holes and 4 Holes</p><p> -47% 0FF </p><p>$12.99</p><a href="https://www.amazon.com/dp/B081J66MVD?tag=eloabder-20&linkCode=osi&th=1&psc=1">View Product</a></div><div class="product"><a href="https://www.amazon.com/dp/B076FLR6X1?tag=eloabder-20&linkCode=osi&th=1&psc=1"><img src="https://m.media-amazon.com/images/I/51FdE2YnRTL._SL500_.jpg" alt="Product Image"></a><p>500-700 PCS Assorted Mixed Color Resin Buttons 2 and 4 Holes Round Craft for Sewing DIY Crafts Children's Manual Button Painting,DIY Handmade Ornament</p><p> -13% 0FF </p><p>$6.99</p><a href="https://www.amazon.com/dp/B076FLR6X1?tag=eloabder-20&linkCode=osi&th=1&psc=1">View Product</a></div>
<div class="product"><a href="https://www.amazon.com/dp/B0026SBYUE?tag=eloabder-20&linkCode=osi&th=1&psc=1"><img src="https://m.media-amazon.com/images/I/412Ga9k1q8L._SL500_.jpg" alt="Product Image"></a><p>Higgins Black Calligraphy Ink, 2.5 Ounce Bottle (44314)</p><p> -14% 0FF </p><p>$5.99</p><a href="https://www.amazon.com/dp/B0026SBYUE?tag=eloabder-20&linkCode=osi&th=1&psc=1">View Product</a></div><div class="product"><a href="https://www.amazon.com/dp/B0863983QL?tag=eloabder-20&linkCode=osi&th=1&psc=1"><img src="https://m.media-amazon.com/images/I/51z4eQeSGIL._SL500_.jpg" alt="Product Image"></a><p>SVBAQUUY Calligraphy Ink,12 Colors Dip Calligraphy Pen Inks Set for Art,Writing,Signatures,Calligraphy, Decoration,Gift (15ml)</p><p> -8% 0FF </p><p>$21.99</p><a href="https://www.amazon.com/dp/B0863983QL?tag=eloabder-20&linkCode=osi&th=1&psc=1">View Product</a></div><div class="product"><a href="https://www.amazon.com/dp/B0012F3HHU?tag=eloabder-20&linkCode=osi&th=1&psc=1"><img src="https://m.media-amazon.com/images/I/41pJiFMJ5NL._SL500_.jpg" alt="Product Image"></a><p>Winsor & Newton Calligraphy 6-Jar Ink Set, 30ml</p><p> -38% 0FF </p><p>$24.99 ($4.11 / Fl Oz)</p><a href="https://www.amazon.com/dp/B0012F3HHU?tag=eloabder-20&linkCode=osi&th=1&psc=1">View Product</a></div>
<div class="product"><a href="https://www.amazon.com/dp/B0007ZJ8QU?tag=eloabder-20&linkCode=osi&th=1&psc=1"><img src="https://m.media-amazon.com/images/I/41vTwN7L9NL._SL500_.jpg" alt="Product Image"></a><p>Speedball C-Series Lettering Pen Set - 1 Penholder w/ 6 Nibs</p><p> -8% 0FF </p><p>$11.99</p><a href="https://www.amazon.com/dp/B0007ZJ8QU?tag=eloabder-20&linkCode=osi&th=1&psc=1">View Product</a></div>
<div class="product"><a href="https://www.amazon.com/dp/B000KNNVX0?tag=eloabder-20&linkCode=osi&th=1&psc=1"><img src="https://m.media-amazon.com/images/I/51RAGoN6UsL._SL500_.jpg" alt="Product Image"></a><p>Strathmore STR- 50 Sheet Tape Bound Calligraphy Pad, 8.5 by 11", White</p><p> -26% 0FF </p><p>$6.90</p><a href="https://www.amazon.com/dp/B000KNNVX0?tag=eloabder-20&linkCode=osi&th=1&psc=1">View Product</a></div><div class="product"><a href="https://www.amazon.com/dp/B08X6CSGMK?tag=eloabder-20&linkCode=osi&th=1&psc=1"><img src="https://m.media-amazon.com/images/I/41cuzxFTUkL._SL500_.jpg" alt="Product Image"></a><p>Cotton Deckle Edge Paper Loose Leaf Sheets for Writing Calligraphy, Printing, Scrapbook Crafts, Map, Certificate, Invitation 150 GSM Ivory White-501-5x7-20</p><p> -35% 0FF </p><p>$12.99</p><a href="https://www.amazon.com/dp/B08X6CSGMK?tag=eloabder-20&linkCode=osi&th=1&psc=1">View Product</a></div>
<div class="product"><a href="https://www.amazon.com/dp/B001DKJLEC?tag=eloabder-20&linkCode=osi&th=1&psc=1"><img src="https://m.media-amazon.com/images/I/41T7Ur1AtUL._SL500_.jpg" alt="Product Image"></a><p>Speedball Elegant Writer Calligraphy 4 Marker Set, Black, 2.0 mm, 2.5 mm & 3.0 mm Chisel Nib Tip Pens for Drawing, Journaling, and Scrapbooking</p><p> -17% 0FF </p><p>$9.99 ($2.50 / Count)</p><a href="https://www.amazon.com/dp/B001DKJLEC?tag=eloabder-20&linkCode=osi&th=1&psc=1">View Product</a></div><div class="product"><a href="https://www.amazon.com/dp/B07RF533S7?tag=eloabder-20&linkCode=osi&th=1&psc=1"><img src="https://m.media-amazon.com/images/I/51JgvR-kW9L._SL500_.jpg" alt="Product Image"></a><p>Faber-Castell Calligraphy Pitt Artist Pen Set - 6 Multi Colored Calligraphy Pens</p><p> -41% 0FF </p><p>$14.19</p><a href="https://www.amazon.com/dp/B07RF533S7?tag=eloabder-20&linkCode=osi&th=1&psc=1">View Product</a></div><div class="product"><a href="https://www.amazon.com/dp/B08RYWH185?tag=eloabder-20&linkCode=osi&th=1&psc=1"><img src="https://m.media-amazon.com/images/I/51GFkyfC3iL._SL500_.jpg" alt="Product Image"></a><p>Piochoo Calligraphy Pens,8 Size Calligraphy Pens for Writing,Brush Pens Calligraphy Set for Beginners, Hand Lettering Pens</p><p> -24% 0FF </p><p>$12.99</p><a href="https://www.amazon.com/dp/B08RYWH185?tag=eloabder-20&linkCode=osi&th=1&psc=1">View Product</a></div>
<div class="product"><a href="https://www.amazon.com/dp/B01N5NKSQ3?tag=eloabder-20&linkCode=osi&th=1&psc=1"><img src="https://m.media-amazon.com/images/I/51HdJ6WBmEL._SL500_.jpg" alt="Product Image"></a><p>Mont Marte Calligraphy Set, 32 Piece. Includes Calligraphy Pens, Calligraphy Nibs, Ink Cartridges, Introduction Booklet and Exercise Booklet, Packaging May Vary</p><p> -13% 0FF </p><p>$23.42</p><a href="https://www.amazon.com/dp/B01N5NKSQ3?tag=eloabder-20&linkCode=osi&th=1&psc=1">View Product</a></div><div class="product"><a href="https://www.amazon.com/dp/B093TGXLLD?tag=eloabder-20&linkCode=osi&th=1&psc=1"><img src="https://m.media-amazon.com/images/I/61ZllSpD4FS._SL500_.jpg" alt="Product Image"></a><p>GC QUILL Calligraphy Fountain Pen Set- 7 with Different Nibs and 40 Ink Cartridges for Beginners- MU-09</p><p> -25% 0FF </p><p>$24.89</p><a href="https://www.amazon.com/dp/B093TGXLLD?tag=eloabder-20&linkCode=osi&th=1&psc=1">View Product</a></div><div class="product"><a href="https://www.amazon.com/dp/B0BCVDNPRJ?tag=eloabder-20&linkCode=osi&th=1&psc=1"><img src="https://m.media-amazon.com/images/I/51J-hFN4AeL._SL500_.jpg" alt="Product Image"></a><p>GC QUILL Calligraphy Pens Set 64pcs - Calligraphy Fountain Pen Set with 3 Fountain Pens, 7 Varied Nibs, 54 Ink Cartridges(10 Colors) - Writing, Drawing and Calligraphy Practice for beginner GC-F354</p><p> -35% 0FF </p><p>$23.99</p><a href="https://www.amazon.com/dp/B0BCVDNPRJ?tag=eloabder-20&linkCode=osi&th=1&psc=1">View Product</a></div>
<div class="product"><a href="https://www.amazon.com/dp/B00RK5HERU?tag=eloabder-20&linkCode=osi&th=1&psc=1"><img src="https://m.media-amazon.com/images/I/31XKJDOBVRL._SL500_.jpg" alt="Product Image"></a><p>Pacific Arc Ames Lettering Guide for Lettering, Writing, Architecture, and Drawing</p><p> -26% 0FF </p><p>$5.15</p><a href="https://www.amazon.com/dp/B00RK5HERU?tag=eloabder-20&linkCode=osi&th=1&psc=1">View Product</a></div><div class="product"><a href="https://www.amazon.com/dp/B01M0ERS1V?tag=eloabder-20&linkCode=osi&th=1&psc=1"><img src="https://m.media-amazon.com/images/I/41RPeg4SP7L._SL500_.jpg" alt="Product Image"></a><p>Tombow 56190 Beginner Lettering Set. Includes Essential Tools to Start Hand Lettering</p><p> -51% 0FF </p><p>$7.81</p><a href="https://www.amazon.com/dp/B01M0ERS1V?tag=eloabder-20&linkCode=osi&th=1&psc=1">View Product</a></div>
<div class="product"><a href="https://www.amazon.com/dp/B06Y3T5RV4?tag=eloabder-20&linkCode=osi&th=1&psc=1"><img src="https://m.media-amazon.com/images/I/61yZyP8eZTL._SL500_.jpg" alt="Product Image"></a><p>Candle Dyes for Soy Candle Making - Wax Сolor Dye Color Chips for Soy Wax - 16 Popular Colors Wax Dye Flakes</p><p> -30% 0FF </p><p>$13.99 ($8.74 / Ounce)</p><a href="https://www.amazon.com/dp/B06Y3T5RV4?tag=eloabder-20&linkCode=osi&th=1&psc=1">View Product</a></div><div class="product"><a href="https://www.amazon.com/dp/B08J1D4CN2?tag=eloabder-20&linkCode=osi&th=1&psc=1"><img src="https://m.media-amazon.com/images/I/51xAau3LTLL._SL500_.jpg" alt="Product Image"></a><p>Hearth & Harbor Candle Dye for Soy Candle Making – Candle Color Dye for Soy Wax, 24 Popular Colors Candle Wax Dye Blocks, Nontoxic Candle Dyes for Candle Making, Candle Making Supplies for DIY Candles</p><p> -43% 0FF </p><p>$11.87 ($1.75 / Ounce)</p><a href="https://www.amazon.com/dp/B08J1D4CN2?tag=eloabder-20&linkCode=osi&th=1&psc=1">View Product</a></div><div class="product"><a href="https://www.amazon.com/dp/B0CMCPGLQZ?tag=eloabder-20&linkCode=osi&th=1&psc=1"><img src="https://m.media-amazon.com/images/I/51G9e-Epa0L._SL500_.jpg" alt="Product Image"></a><p>Candle Dye - 12 Colors Wax Melt Dye for Candle Making, Oil-Based Dye for Wax, Highly Concentrate Liquid Candle Color Dye</p><p> -11% 0FF </p><p>$7.99</p><a href="https://www.amazon.com/dp/B0CMCPGLQZ?tag=eloabder-20&linkCode=osi&th=1&psc=1">View Product</a></div>
<div class="product"><a href="https://www.amazon.com/dp/B09ZG8P7ZB?tag=eloabder-20&linkCode=osi&th=1&psc=1"><img src="https://m.media-amazon.com/images/I/51o+EjUxogL._SL500_.jpg" alt="Product Image"></a><p>Hearth & Harbor Soy Candle Wax for Candle Making 10 lb Bag, Premium Natural Soy Wax Flakes, 100 Cotton Candle Wicks, 100 Wick Stickers, & 2 Centering Devices</p><p> -8% 0FF </p><p>$36.99</p><a href="https://www.amazon.com/dp/B09ZG8P7ZB?tag=eloabder-20&linkCode=osi&th=1&psc=1">View Product</a></div><div class="product"><a href="https://www.amazon.com/dp/B0BX2NXZCN?tag=eloabder-20&linkCode=osi&th=1&psc=1"><img src="https://m.media-amazon.com/images/I/51nxdXNpRYL._SL500_.jpg" alt="Product Image"></a><p>Complete Candle Making Kits for Adults Beginners,DIY Candle Making Supplies Include Soy Wax,Wax Melter,Scents,Dyes,Wicks,Wicks Sticker,Candle Tins & More-Full Candle Making Set - Arts & Crafts Kits</p><p> -43% 0FF </p><p>$22.99</p><a href="https://www.amazon.com/dp/B0BX2NXZCN?tag=eloabder-20&linkCode=osi&th=1&psc=1">View Product</a></div><div class="product"><a href="https://www.amazon.com/dp/B09KG8CXJV?tag=eloabder-20&linkCode=osi&th=1&psc=1"><img src="https://m.media-amazon.com/images/I/518SqpeIjbL._SL500_.jpg" alt="Product Image"></a><p>SAEUYVB Candle Making Kit for Adults with Hot Plate, DIY Starter Soy Candle Making Supplies/Kit - Perfect as Home Decorations（Black）</p><p> -13% 0FF </p><p>$54.99</p><a href="https://www.amazon.com/dp/B09KG8CXJV?tag=eloabder-20&linkCode=osi&th=1&psc=1">View Product</a></div><div class="product"><a href="https://www.amazon.com/dp/B09RX3HR32?tag=eloabder-20&linkCode=osi&th=1&psc=1"><img src="https://m.media-amazon.com/images/I/51yOqj55w3L._SL500_.jpg" alt="Product Image"></a><p>FAIRYELF Candle Making Kit with Wax Melter, Complete Candle Making Supplies, Soy Candle Wax Kit for Kids, Beginners, Adults, Including Electronic Stove, Soy Wax, Melting Pot, Rich Scents and Dyes</p><p> -17% 0FF </p><p>$49.99</p><a href="https://www.amazon.com/dp/B09RX3HR32?tag=eloabder-20&linkCode=osi&th=1&psc=1">View Product</a></div>
<div class="product"><a href="https://www.amazon.com/dp/B0CH67W758?tag=eloabder-20&linkCode=osi&th=1&psc=1"><img src="https://m.media-amazon.com/images/I/41jiPzWJO4L._SL500_.jpg" alt="Product Image"></a><p>Diamond Ball Mold Ball Candle Mold Diamond Shape Resin Casting Mold Resin Making Molds Silicone Mold for Candle Home Decorate Mold Candle Making Mold 3D Animal Mold</p><p> -17% 0FF </p><p>$9.99</p><a href="https://www.amazon.com/dp/B0CH67W758?tag=eloabder-20&linkCode=osi&th=1&psc=1">View Product</a></div><div class="product"><a href="https://www.amazon.com/dp/B09P9RFKJF?tag=eloabder-20&linkCode=osi&th=1&psc=1"><img src="https://m.media-amazon.com/images/I/41r1hyLKb7L._SL500_.jpg" alt="Product Image"></a><p>Silicone Candle Molds Set, 4PCS Bubble Candle Molds, Candle Molds for Candle Making, Epoxy Mold for Decor, Soap Making Resin Mold for Handmade Chocolate, Pudding, Clay, Ornament</p><p> -50% 0FF </p><p>$5.99</p><a href="https://www.amazon.com/dp/B09P9RFKJF?tag=eloabder-20&linkCode=osi&th=1&psc=1">View Product</a></div>
<div class="product"><a href="https://www.amazon.com/dp/B015W8DWUO?tag=eloabder-20&linkCode=osi&th=1&psc=1"><img src="https://m.media-amazon.com/images/I/41umHqV4zhL._SL500_.jpg" alt="Product Image"></a><p>EricX Light 100 Piece Cotton Candle Wick 6" Pre-Waxed for Candle Making,Candle DIY</p><p> -34% 0FF </p><p>$5.25</p><a href="https://www.amazon.com/dp/B015W8DWUO?tag=eloabder-20&linkCode=osi&th=1&psc=1">View Product</a></div><div class="product"><a href="https://www.amazon.com/dp/B097D7S6KB?tag=eloabder-20&linkCode=osi&th=1&psc=1"><img src="https://m.media-amazon.com/images/I/41jpnnrDAjL._SL500_.jpg" alt="Product Image"></a><p>CandMak Candle Wick Kit, 60 Cotton Candle Wicks with Candle Making Tools for Candle Making (Thick 4"+6"+8")</p><p> -30% 0FF </p><p>$6.99</p><a href="https://www.amazon.com/dp/B097D7S6KB?tag=eloabder-20&linkCode=osi&th=1&psc=1">View Product</a></div><div class="product"><a href="https://www.amazon.com/dp/B084ZSZQ4T?tag=eloabder-20&linkCode=osi&th=1&psc=1"><img src="https://m.media-amazon.com/images/I/41vLRbXIHhL._SL500_.jpg" alt="Product Image"></a><p>Candle Wick,100 Piece Candle Wicks for Candle Making DIY, 6 Inch Pre-Waxed Cotton Wick with Tabs</p><p> -40% 0FF </p><p>$4.79</p><a href="https://www.amazon.com/dp/B084ZSZQ4T?tag=eloabder-20&linkCode=osi&th=1&psc=1">View Product</a></div><div class="product"><a href="https://www.amazon.com/dp/B08Z334W66?tag=eloabder-20&linkCode=osi&th=1&psc=1"><img src="https://m.media-amazon.com/images/I/51nsfCzAwwL._SL500_.jpg" alt="Product Image"></a><p>DINGPAI 100pcs Cotton Candle Wicks, 6 inches Low Smoke Pre-Waxed Candle Wicks for Candle Making, Candle DIY</p><p> -41% 0FF </p><p>$4.99</p><a href="https://www.amazon.com/dp/B08Z334W66?tag=eloabder-20&linkCode=osi&th=1&psc=1">View Product</a></div>
<div class="product"><a href="https://www.amazon.com/dp/B087CPQ9GW?tag=eloabder-20&linkCode=osi&th=1&psc=1"><img src="https://m.media-amazon.com/images/I/41TL1NEX1NL._SL500_.jpg" alt="Product Image"></a><p>Simetufy Canvas Boards for Painting 52 Pack 8 x 10 Inch Blank Canvas Panels 100% Cotton Canvases Pre-Primed for Acrylic & Oil Paint</p><p> -29% 0FF </p><p>$35.99</p><a href="https://www.amazon.com/dp/B087CPQ9GW?tag=eloabder-20&linkCode=osi&th=1&psc=1">View Product</a></div><div class="product"><a href="https://www.amazon.com/dp/B087F4F5DK?tag=eloabder-20&linkCode=osi&th=1&psc=1"><img src="https://m.media-amazon.com/images/I/41zXOPu42qL._SL500_.jpg" alt="Product Image"></a><p>Simetufy 11 x 14 Inch Canvas Boards for Painting 32 Pack, Pre-Primed Blank Canvases for Painting 100% Cotton Paint Canvas for Acrylic, Oil</p><p> -25% 0FF </p><p>$37.99</p><a href="https://www.amazon.com/dp/B087F4F5DK?tag=eloabder-20&linkCode=osi&th=1&psc=1">View Product</a></div><div class="product"><a href="https://www.amazon.com/dp/B0CFV54VSS?tag=eloabder-20&linkCode=osi&th=1&psc=1"><img src="https://m.media-amazon.com/images/I/518YbprzAiL._SL500_.jpg" alt="Product Image"></a><p>Simetufy 8 Pack 8x10 Inch Canvas Boards for Painting Canvas Panels Painting Canvas-Gesso Primed Acid-Free 100% Cotton Canvases for Acrylics Oil Watercolor Tempera Paints</p><p> -5% 0FF </p><p>$8.99</p><a href="https://www.amazon.com/dp/B0CFV54VSS?tag=eloabder-20&linkCode=osi&th=1&psc=1">View Product</a></div><div class="product"><a href="https://www.amazon.com/dp/B07RT3865J?tag=eloabder-20&linkCode=osi&th=1&psc=1"><img src="https://m.media-amazon.com/images/I/51N9Bt-h3PL._SL500_.jpg" alt="Product Image"></a><p>FIXSMITH Canvas Boards for Painting 5x7 Inch, Super Value 24 Pack Mini Canvases, White Blank Canvas Panels, 100% Cotton Primed, Painting Art Supplies</p><p> -16% 0FF </p><p>$15.99</p><a href="https://www.amazon.com/dp/B07RT3865J?tag=eloabder-20&linkCode=osi&th=1&psc=1">View Product</a></div>
<div class="product"><a href="https://www.amazon.com/dp/B09MCHDSPR?tag=eloabder-20&linkCode=osi&th=1&psc=1"><img src="https://m.media-amazon.com/images/I/41S+37Lx2wL._SL500_.jpg" alt="Product Image"></a><p>100% Natural Cotton 7 oz Canvas Fabric (Duck), 63 Inches Wide X 3 Yards Long</p><p> -23% 0FF </p><p>$29.95</p><a href="https://www.amazon.com/dp/B09MCHDSPR?tag=eloabder-20&linkCode=osi&th=1&psc=1">View Product</a></div>
<div class="product"><a href="https://www.amazon.com/dp/B07D4YF3K4?tag=eloabder-20&linkCode=osi&th=1&psc=1"><img src="https://m.media-amazon.com/images/I/41ffykOOE7L._SL500_.jpg" alt="Product Image"></a><p>Neenah Index Cardstock, 8.5" x 11", 90 lb/163 gsm, White, Lightweight, 94 Brightness, 300 Sheets (91437)</p><p> -34% 0FF </p><p>$12.99</p><a href="https://www.amazon.com/dp/B07D4YF3K4?tag=eloabder-20&linkCode=osi&th=1&psc=1">View Product</a></div><div class="product"><a href="https://www.amazon.com/dp/B00006IDRW?tag=eloabder-20&linkCode=osi&th=1&psc=1"><img src="https://m.media-amazon.com/images/I/412xLv5ae7L._SL500_.jpg" alt="Product Image"></a><p>Neenah Premium Cardstock, 8.5" x 11", 65 lb/176 gsm, Bright White, 250 Sheets (91904)</p><p> -5% 0FF </p><p>$14.29</p><a href="https://www.amazon.com/dp/B00006IDRW?tag=eloabder-20&linkCode=osi&th=1&psc=1">View Product</a></div><div class="product"><a href="https://www.amazon.com/dp/B0CYPPHFV9?tag=eloabder-20&linkCode=osi&th=1&psc=1"><img src="https://m.media-amazon.com/images/I/51IQR4E5R1L._SL500_.jpg" alt="Product Image"></a><p>96 Sheets Colored Cardstock 24 Colors, 8.5x11 Color Cardstock Bulk, 200gsm/75lb Assorted Colors Construction Paper for Printing, Card Making, Die Cutting, Crafts, Scrapbooking, Party Decorations</p><p> -7% 0FF </p><p>$12.99</p><a href="https://www.amazon.com/dp/B0CYPPHFV9?tag=eloabder-20&linkCode=osi&th=1&psc=1">View Product</a></div><div class="product"><a href="https://www.amazon.com/dp/B08DCF5B4P?tag=eloabder-20&linkCode=osi&th=1&psc=1"><img src="https://m.media-amazon.com/images/I/41GRzmuulDL._SL500_.jpg" alt="Product Image"></a><p>Hammermill White Cardstock, 110 Lb, 8.5 x 11 Colored Cardstock, 1 Pack (200 Sheets) - Thick Card Stock, Made in the USA, 168380R</p><p> -38% 0FF </p><p>$13.32</p><a href="https://www.amazon.com/dp/B08DCF5B4P?tag=eloabder-20&linkCode=osi&th=1&psc=1">View Product</a></div><div class="product"><a href="https://www.amazon.com/dp/B0CNVRRWT1?tag=eloabder-20&linkCode=osi&th=1&psc=1"><img src="https://m.media-amazon.com/images/I/31WHKeB3LrL._SL500_.jpg" alt="Product Image"></a><p>BigOtters 27Sheets Black Cardstock Paper 8.5” x 11”, Craft Cardstock Construction Card Stock for Card Making Kids Art Crafts Scrapbooking, School Supplies, 92lb/250gsm</p><p> -43% 0FF </p><p>$3.99</p><a href="https://www.amazon.com/dp/B0CNVRRWT1?tag=eloabder-20&linkCode=osi&th=1&psc=1">View Product</a></div><div class="product"><a href="https://www.amazon.com/dp/B07QNMF4ZP?tag=eloabder-20&linkCode=osi&th=1&psc=1"><img src="https://m.media-amazon.com/images/I/41k97BuiQeL._SL500_.jpg" alt="Product Image"></a><p>Printworks White Cardstock, Standard, 67 lb. Vellum, 92 Bright, 250 sheets, 8.5 x 11, For Office, Home & School Printing, Craft Projects (00564)</p><p> -11% 0FF </p><p>$13.35</p><a href="https://www.amazon.com/dp/B07QNMF4ZP?tag=eloabder-20&linkCode=osi&th=1&psc=1">View Product</a></div>
<div class="product"><a href="https://www.amazon.com/dp/B0CW1LC631?tag=eloabder-20&linkCode=osi&th=1&psc=1"><img src="https://m.media-amazon.com/images/I/51wPMkRVlrL._SL500_.jpg" alt="Product Image"></a><p>Dragon Creek Wood Whittling Kit Complete Whittling Knife Wood Carving Tools Set Wood Carving Knives Kit for Kids Adults Beginners</p><p> -50% 0FF </p><p>$19.49</p><a href="https://www.amazon.com/dp/B0CW1LC631?tag=eloabder-20&linkCode=osi&th=1&psc=1">View Product</a></div>
<div class="product"><a href="https://www.amazon.com/dp/B07TVWD15T?tag=eloabder-20&linkCode=osi&th=1&psc=1"><img src="https://m.media-amazon.com/images/I/51fGMe-HqPL._SL500_.jpg" alt="Product Image"></a><p>AUGSUN Wood Carving Knife Set - 20 PCS Hand Carving Tool Set for DIY Sculpture Carpenter Experts & Beginners</p><p> -6% 0FF </p><p>$14.99</p><a href="https://www.amazon.com/dp/B07TVWD15T?tag=eloabder-20&linkCode=osi&th=1&psc=1">View Product</a></div><div class="product"><a href="https://www.amazon.com/dp/B001UYUVL8?tag=eloabder-20&linkCode=osi&th=1&psc=1"><img src="https://m.media-amazon.com/images/I/51Idf3mdhXL._SL500_.jpg" alt="Product Image"></a><p>FLEXCUT Carving Tools, Micro Palm Craving Set, Set of 4 (FR804)</p><p> -7% 0FF </p><p>$68.94</p><a href="https://www.amazon.com/dp/B001UYUVL8?tag=eloabder-20&linkCode=osi&th=1&psc=1">View Product</a></div><div class="product"><a href="https://www.amazon.com/dp/B0BZ7GMCST?tag=eloabder-20&linkCode=osi&th=1&psc=1"><img src="https://m.media-amazon.com/images/I/413mIJ+ZgrL._SL500_.jpg" alt="Product Image"></a><p>Blisstime 18PCS Clay Sculpting Tools, Basic Clay Pottery Carving Tool Kit with Wooden Handles and Tool Bag</p><p> -40% 0FF </p><p>$11.99</p><a href="https://www.amazon.com/dp/B0BZ7GMCST?tag=eloabder-20&linkCode=osi&th=1&psc=1">View Product</a></div>
<div class="product"><a href="https://www.amazon.com/dp/B09Q612DBG?tag=eloabder-20&linkCode=osi&th=1&psc=1"><img src="https://m.media-amazon.com/images/I/511LJ44qugL._SL500_.jpg" alt="Product Image"></a><p>Teexpert Epoxy Resin Crystal Clear: 64OZ Epoxy Resin kit Fast Curing Heat Resistant for Casting Coating Art DIY Craft Jewelry Wood Table Top Flower Preservation- 2 Part(32OZ Resin and 32OZ Hardener)</p><p> -10% 0FF </p><p>$22.49 ($0.35 / Fl Oz)</p><a href="https://www.amazon.com/dp/B09Q612DBG?tag=eloabder-20&linkCode=osi&th=1&psc=1">View Product</a></div><div class="product"><a href="https://www.amazon.com/dp/B0B2K12XQ8?tag=eloabder-20&linkCode=osi&th=1&psc=1"><img src="https://m.media-amazon.com/images/I/51qEL8qPgCL._SL500_.jpg" alt="Product Image"></a><p>LET'S RESIN 80oz Crystal Clear Casting Resin Kit,Bubbles Free Epoxy Resin Supplies,Clear Resin for Craft,Tumblers,Molds,Jewelry,Resin and Hardener with 6 Mica Powders,Large Silicone Cup</p><p> -42% 0FF </p><p>$36.79 ($0.46 / Ounce)</p><a href="https://www.amazon.com/dp/B0B2K12XQ8?tag=eloabder-20&linkCode=osi&th=1&psc=1">View Product</a></div><div class="product"><a href="https://www.amazon.com/dp/B086L1CDMT?tag=eloabder-20&linkCode=osi&th=1&psc=1"><img src="https://m.media-amazon.com/images/I/41icNRW2NRL._SL500_.jpg" alt="Product Image"></a><p>Epoxy Resin, 32OZ Resin Kit, Epoxy Resin Crystal Clear-Not Yellowing and No Bubble Self Leveling Easy Mix 1:1 Casting & Coating for DIY Jewelry Making of The Art Resin & Epoxy Resin (32oz)</p><p> -10% 0FF </p><p>$15.29</p><a href="https://www.amazon.com/dp/B086L1CDMT?tag=eloabder-20&linkCode=osi&th=1&psc=1">View Product</a></div><div class="product"><a href="https://www.amazon.com/dp/B0BY2PFY62?tag=eloabder-20&linkCode=osi&th=1&psc=1"><img src="https://m.media-amazon.com/images/I/51jY4DbLEVL._SL500_.jpg" alt="Product Image"></a><p>LET'S RESIN Polyurethane Resin, 60oz 2 Part Casting Resin, Fast Cured Resin within 10 Minutes, Ultra Low Viscosity & Low Odor Pourable Liquid Plastic for Casting Models, Prototypes & Other Resin Craft</p><p> -5% 0FF </p><p>$40.99 ($0.68 / Ounce)</p><a href="https://www.amazon.com/dp/B0BY2PFY62?tag=eloabder-20&linkCode=osi&th=1&psc=1">View Product</a></div><div class="product"><a href="https://www.amazon.com/dp/B0CPVCRD93?tag=eloabder-20&linkCode=osi&th=1&psc=1"><img src="https://m.media-amazon.com/images/I/51mBmD2NCqL._SL500_.jpg" alt="Product Image"></a><p>Puduo Epoxy Resin Kit 72OZ，Newly Formulated Crystal Clear Epoxy Resin，Strong, Bubble-Free, Anti-Yellowing Art Resin That，Suitable for Casting, DIY, Resin Art, Molds, Jewelry, Easy to Mix 1:1 Ratio</p><p> -21% 0FF </p><p>$36.99 ($0.51 / Ounce)</p><a href="https://www.amazon.com/dp/B0CPVCRD93?tag=eloabder-20&linkCode=osi&th=1&psc=1">View Product</a></div><div class="product"><a href="https://www.amazon.com/dp/B0B7DZ4YPN?tag=eloabder-20&linkCode=osi&th=1&psc=1"><img src="https://m.media-amazon.com/images/I/51NIBuS801L._SL500_.jpg" alt="Product Image"></a><p>Epoxy Resin 64OZ - Crystal Clear Epoxy Resin Kit - No Yellowing No Bubble Art Resin Casting Resin for Art Crafts, Jewelry Making, Wood & Resin Molds(32OZ x 2)</p><p> -32% 0FF </p><p>$29.99 ($0.47 / Ounce)</p><a href="https://www.amazon.com/dp/B0B7DZ4YPN?tag=eloabder-20&linkCode=osi&th=1&psc=1">View Product</a></div><div class="product"><a href="https://www.amazon.com/dp/B0C1FL6QR3?tag=eloabder-20&linkCode=osi&th=1&psc=1"><img src="https://m.media-amazon.com/images/I/51Lv4KyEb4L._SL500_.jpg" alt="Product Image"></a><p>LET'S RESIN 1 Gallon Casting Epoxy Resin with Pumps, Crystal Clear Epoxy Resin Kit for Beginners, with Ocean White Paste, Color Pigment, for DIY Art, Craft,Jewelry,River Table</p><p> -5% 0FF </p><p>$74.99</p><a href="https://www.amazon.com/dp/B0C1FL6QR3?tag=eloabder-20&linkCode=osi&th=1&psc=1">View Product</a></div><div class="product"><a href="https://www.amazon.com/dp/B08SJ58YBG?tag=eloabder-20&linkCode=osi&th=1&psc=1"><img src="https://m.media-amazon.com/images/I/51vDNE5fyxL._SL500_.jpg" alt="Product Image"></a><p>JDiction Epoxy Resin Clear High Gloss Epoxy Resin, Maximum 1.5 Inch Deep Pour 1 Gallon Casting Resin for Jewelry Making, Table Top, Wood and Mold Crafts</p><p> -35% 0FF </p><p>$47.99 ($0.37 / Fl Oz)</p><a href="https://www.amazon.com/dp/B08SJ58YBG?tag=eloabder-20&linkCode=osi&th=1&psc=1">View Product</a></div>
<div class="product"><a href="https://www.amazon.com/dp/B0021IK626?tag=eloabder-20&linkCode=osi&th=1&psc=1"><img src="https://m.media-amazon.com/images/I/317wgA0GITL._SL500_.jpg" alt="Product Image"></a><p>Winsor & Newton Artist Vine Charcoal Sticks, Soft, Box of 12 Sticks</p><p> -12% 0FF </p><p>$10.56</p><a href="https://www.amazon.com/dp/B0021IK626?tag=eloabder-20&linkCode=osi&th=1&psc=1">View Product</a></div><div class="product"><a href="https://www.amazon.com/dp/B004O7FFR8?tag=eloabder-20&linkCode=osi&th=1&psc=1"><img src="https://m.media-amazon.com/images/I/51JJnYm-n2L._SL500_.jpg" alt="Product Image"></a><p>Strathmore 300 Series Charcoal Paper Pad, Top Wire Bound, 9x12 inches, 32 Sheets (64lb/95g) - Artist Paper for Adults and Students - Charcoal and Pastel</p><p> -28% 0FF </p><p>$7.82</p><a href="https://www.amazon.com/dp/B004O7FFR8?tag=eloabder-20&linkCode=osi&th=1&psc=1">View Product</a></div><div class="product"><a href="https://www.amazon.com/dp/B004XMELLA?tag=eloabder-20&linkCode=osi&th=1&psc=1"><img src="https://m.media-amazon.com/images/I/41wklAOeEwS._SL500_.jpg" alt="Product Image"></a><p>CRETACOLOR Charcoal Powder, 175 gram</p><p> -17% 0FF </p><p>$19.99</p><a href="https://www.amazon.com/dp/B004XMELLA?tag=eloabder-20&linkCode=osi&th=1&psc=1">View Product</a></div>
<div class="product"><a href="https://www.amazon.com/dp/B08MFWBCKT?tag=eloabder-20&linkCode=osi&th=1&psc=1"><img src="https://m.media-amazon.com/images/I/41I3tDQXv9L._SL500_.jpg" alt="Product Image"></a><p>Winsor & Newton Studio Collection, 6 Count, Charcoal Pencils</p><p> -29% 0FF </p><p>$9.99</p><a href="https://www.amazon.com/dp/B08MFWBCKT?tag=eloabder-20&linkCode=osi&th=1&psc=1">View Product</a></div>
<div class="product"><a href="https://www.amazon.com/dp/B001BYK7RA?tag=eloabder-20&linkCode=osi&th=1&psc=1"><img src="https://m.media-amazon.com/images/I/316EZYjc1XL._SL500_.jpg" alt="Product Image"></a><p>Winsor & Newton Artist Vine Charcoal Sticks, Soft, Box of 3 Sticks</p><p> -27% 0FF </p><p>$2.99 ($1.00 / Count)</p><a href="https://www.amazon.com/dp/B001BYK7RA?tag=eloabder-20&linkCode=osi&th=1&psc=1">View Product</a></div><div class="product"><a href="https://www.amazon.com/dp/B08L8JKP72?tag=eloabder-20&linkCode=osi&th=1&psc=1"><img src="https://m.media-amazon.com/images/I/41pXzOgpC8L._SL500_.jpg" alt="Product Image"></a><p>Pacific Arc Compressed Charcoal Sticks Soft 12 Pack for Drawing, Sketching, and Shading</p><p> -24% 0FF </p><p>$9.17</p><a href="https://www.amazon.com/dp/B08L8JKP72?tag=eloabder-20&linkCode=osi&th=1&psc=1">View Product</a></div>
<div class="product"><a href="https://www.amazon.com/dp/B07BYVFMB1?tag=eloabder-20&linkCode=osi&th=1&psc=1"><img src="https://m.media-amazon.com/images/I/31rrg6weNlL._SL500_.jpg" alt="Product Image"></a><p>50 Chipboard Sheets 8.5 x 11 inch - 50pt (point) Heavy Weight Brown Kraft Cardboard for Scrapbooking & Picture Frame Backing (.050 Caliper Thick) Paper Board | MagicWater Supply</p><p> -42% 0FF </p><p>$24.99</p><a href="https://www.amazon.com/dp/B07BYVFMB1?tag=eloabder-20&linkCode=osi&th=1&psc=1">View Product</a></div><div class="product"><a href="https://www.amazon.com/dp/B00161W6L8?tag=eloabder-20&linkCode=osi&th=1&psc=1"><img src="https://m.media-amazon.com/images/I/41MflHlo3JL._SL500_.jpg" alt="Product Image"></a><p>GRAFIX Natural Medium Weight Chipboard Sheets 8.5"X11" 25/Pkg, 8.5"x11"x0.057", Count</p><p> -27% 0FF </p><p>$18.26 ($0.73 / Count)</p><a href="https://www.amazon.com/dp/B00161W6L8?tag=eloabder-20&linkCode=osi&th=1&psc=1">View Product</a></div>
<div class="product"><a href="https://www.amazon.com/dp/B0CG82NVDX?tag=eloabder-20&linkCode=osi&th=1&psc=1"><img src="https://m.media-amazon.com/images/I/41LZLhnqZ2L._SL500_.jpg" alt="Product Image"></a><p>4 Piece Wood Chisel Sets Woodworking Tools Set, Wood Chisels for Woodworking with Steel Hammer End, Wood Tools Chisel Set Woodworking with Ergonomic Plastic Handle, 6mm, 12mm, 18mm, 24mm</p><p> -8% 0FF </p><p>$9.18</p><a href="https://www.amazon.com/dp/B0CG82NVDX?tag=eloabder-20&linkCode=osi&th=1&psc=1">View Product</a></div><div class="product"><a href="https://www.amazon.com/dp/B07GGYNHSQ?tag=eloabder-20&linkCode=osi&th=1&psc=1"><img src="https://m.media-amazon.com/images/I/41jGbSe1quL._SL500_.jpg" alt="Product Image"></a><p>HURRICANE 4 Piece Wood Chisel Set for Woodworking, CR-V Steel Beveled Edge Blade, Durable PVC High Impact Handle Wood Chisel</p><p> -30% 0FF </p><p>$13.99</p><a href="https://www.amazon.com/dp/B07GGYNHSQ?tag=eloabder-20&linkCode=osi&th=1&psc=1">View Product</a></div><div class="product"><a href="https://www.amazon.com/dp/B07WPHDX7L?tag=eloabder-20&linkCode=osi&th=1&psc=1"><img src="https://m.media-amazon.com/images/I/51dts-90AqL._SL500_.jpg" alt="Product Image"></a><p>GREBSTK 9.5in Wood Chisel Set for Woodworking, 4pcs Chrome Vanadium Steel Bevel-Edge Bench Chisels with Cap, Comfortable Beech High Impact Handle, with Oxford Bag</p><p> -25% 0FF </p><p>$14.99</p><a href="https://www.amazon.com/dp/B07WPHDX7L?tag=eloabder-20&linkCode=osi&th=1&psc=1">View Product</a></div>
<div class="product"><a href="https://www.amazon.com/dp/B07DMGLTVZ?tag=eloabder-20&linkCode=osi&th=1&psc=1"><img src="https://m.media-amazon.com/images/I/41UaGK9mQ+L._SL500_.jpg" alt="Product Image"></a><p>Darnell Nehemiah Metal Alloy Sugar Paste Extruder Craft Gun with 20 Tips Sugar Craft Fondant Cake Sculpture Polymer Clay Tool Perfect (Green)</p><p> -14% 0FF </p><p>$5.99</p><a href="https://www.amazon.com/dp/B07DMGLTVZ?tag=eloabder-20&linkCode=osi&th=1&psc=1">View Product</a></div><div class="product"><a href="https://www.amazon.com/dp/B0DDCDZCCV?tag=eloabder-20&linkCode=osi&th=1&psc=1"><img src="https://m.media-amazon.com/images/I/410i1A+6UmL._SL500_.jpg" alt="Product Image"></a><p>ORIISIN Automatic Clay Extruder, Electric Extruder for Polymer Clay & Fondant, Clay Extruder for Pottery, Polymer Clay Extruder with Multiple Disks</p><p> -20% 0FF </p><p>$19.99</p><a href="https://www.amazon.com/dp/B0DDCDZCCV?tag=eloabder-20&linkCode=osi&th=1&psc=1">View Product</a></div><div class="product"><a href="https://www.amazon.com/dp/B0CNH2G6PB?tag=eloabder-20&linkCode=osi&th=1&psc=1"><img src="https://m.media-amazon.com/images/I/51l5sO0abDL._SL500_.jpg" alt="Product Image"></a><p>FVIEXE 2PCS Clay Extruder Tool, Polymer Clay Extruder Kit with 40 Extruder Discs and 40 Clay Cutters, Sugar Paste Fondant Extruder Tool Gun Cake Fondant Decorating Tool Set for Making Craft Border</p><p> -6% 0FF </p><p>$15.99</p><a href="https://www.amazon.com/dp/B0CNH2G6PB?tag=eloabder-20&linkCode=osi&th=1&psc=1">View Product</a></div>
<div class="product"><a href="https://www.amazon.com/dp/B0776SN7Y5?tag=eloabder-20&linkCode=osi&th=1&psc=1"><img src="https://m.media-amazon.com/images/I/41qik78i76L._SL500_.jpg" alt="Product Image"></a><p>RUBFAC Polymer Clay Tools, Clay Tools Kit, 24pcs Clay Sculpting Tools Set with Stylus and Rock Painting Kit - Air Dry Clay Modeling Tools for Pottery and Sculpture</p><p> -25% 0FF </p><p>$8.99</p><a href="https://www.amazon.com/dp/B0776SN7Y5?tag=eloabder-20&linkCode=osi&th=1&psc=1">View Product</a></div>
<div class="product"><a href="https://www.amazon.com/dp/B00T5LIRFU?tag=eloabder-20&linkCode=osi&th=1&psc=1"><img src="https://m.media-amazon.com/images/I/41HLrbxWYNL._SL500_.jpg" alt="Product Image"></a><p>Sculpey Tools Clay Conditioning Pasta Machine, polymer oven-bake clay tool, 9 thickness settings, includes clamp and hand crank, great for all skill levels and craft projects</p><p> -23% 0FF </p><p>$39.44</p><a href="https://www.amazon.com/dp/B00T5LIRFU?tag=eloabder-20&linkCode=osi&th=1&psc=1">View Product</a></div>
<div class="product"><a href="https://www.amazon.com/dp/B0D473MKHZ?tag=eloabder-20&linkCode=osi&th=1&psc=1"><img src="https://m.media-amazon.com/images/I/41GZeErV9FL._SL500_.jpg" alt="Product Image"></a><p>JRKOO Clay Tools Kit,28 PCS Pottery Tools,Polymer Clay Tools,Air Dry Clay Tools Set for Kids, Adults,Pottery Craft,Drawing,Dotting,Carving,Molding,Baking,Modeling,Shaping</p><p> -25% 0FF </p><p>$7.49</p><a href="https://www.amazon.com/dp/B0D473MKHZ?tag=eloabder-20&linkCode=osi&th=1&psc=1">View Product</a></div>
<div class="product"><a href="https://www.amazon.com/dp/B06XG9XHCG?tag=eloabder-20&linkCode=osi&th=1&psc=1"><img src="https://m.media-amazon.com/images/I/51deqHG5MFL._SL500_.jpg" alt="Product Image"></a><p>ARTEZA Pottery & Polymer Clay Tools, 42-Piece Sculpting Set, Steel Tip Pottery Tools with Wooden Handles, Craft Kit for Pottery Modeling, Carving</p><p> -34% 0FF </p><p>$29.39 ($0.70 / Count)</p><a href="https://www.amazon.com/dp/B06XG9XHCG?tag=eloabder-20&linkCode=osi&th=1&psc=1">View Product</a></div>
<div class="product"><a href="https://www.amazon.com/dp/B07KBZQN2F?tag=eloabder-20&linkCode=osi&th=1&psc=1"><img src="https://m.media-amazon.com/images/I/41Or4t3NbSL._SL500_.jpg" alt="Product Image"></a><p>Artlicious Drawing Board - 13 x 17 Sketch Boards with Handle for Drafting Art - Portable Wooden Clipboard for Class or Studio Fit in Artists Tote</p><p> -12% 0FF </p><p>$16.25</p><a href="https://www.amazon.com/dp/B07KBZQN2F?tag=eloabder-20&linkCode=osi&th=1&psc=1">View Product</a></div><div class="product"><a href="https://www.amazon.com/dp/B096DGLQRK?tag=eloabder-20&linkCode=osi&th=1&psc=1"><img src="https://m.media-amazon.com/images/I/31tsJJ2gVUL._SL500_.jpg" alt="Product Image"></a><p>2-Pack Artist's Drawing Sketch Boards, Large Art Clipboards with Left-Side Handle Holes and Paper Retaining Rubber Bands, Portable Drafting Boards for Home, Office, Studio, and Field (13x17 in)</p><p> -30% 0FF </p><p>$13.99</p><a href="https://www.amazon.com/dp/B096DGLQRK?tag=eloabder-20&linkCode=osi&th=1&psc=1">View Product</a></div><div class="product"><a href="https://www.amazon.com/dp/B0027AAMSG?tag=eloabder-20&linkCode=osi&th=1&psc=1"><img src="https://m.media-amazon.com/images/I/31fE-qZkGQL._SL500_.jpg" alt="Product Image"></a><p>Art Advantage Artist Sketch Tote Board 23x26, Drawing Board, Art Board, Painting Board, Masonite Board, Hardboard, Paint Board, Sketch Board, Drawing Boards for Artists</p><p> -11% 0FF </p><p>$26.69</p><a href="https://www.amazon.com/dp/B0027AAMSG?tag=eloabder-20&linkCode=osi&th=1&psc=1">View Product</a></div><div class="product"><a href="https://www.amazon.com/dp/B08PBD8JZH?tag=eloabder-20&linkCode=osi&th=1&psc=1"><img src="https://m.media-amazon.com/images/I/411Zn2OP2YL._SL500_.jpg" alt="Product Image"></a><p>Artist Sketch Board, 8K Wooden Water Proof Sketching Clipboard Student Travel Art Drawing Writing Board with Metal Clip for Classroom Studio or Field Use</p><p> -5% 0FF </p><p>$13.10</p><a href="https://www.amazon.com/dp/B08PBD8JZH?tag=eloabder-20&linkCode=osi&th=1&psc=1">View Product</a></div><div class="product"><a href="https://www.amazon.com/dp/B096DNF5LW?tag=eloabder-20&linkCode=osi&th=1&psc=1"><img src="https://m.media-amazon.com/images/I/41WTiS7xFZL._SL500_.jpg" alt="Product Image"></a><p>Bright Creations 2-Pack Artist's Drawing Sketch Boards, Large Art Clipboard with Left-Side Handle Holes & Paper Holding Rubber Bands, Portable Drafting Boards for Home, Office, Studio, Field(18x18")</p><p> -16% 0FF </p><p>$26.99</p><a href="https://www.amazon.com/dp/B096DNF5LW?tag=eloabder-20&linkCode=osi&th=1&psc=1">View Product</a></div>
<div class="product"><a href="https://www.amazon.com/dp/B07H6JWKCK?tag=eloabder-20&linkCode=osi&th=1&psc=1"><img src="https://m.media-amazon.com/images/I/41o0NPLKJtL._SL500_.jpg" alt="Product Image"></a><p>LWR CRAFTS Jute Cord Twine 1.5mm 90ft Natural for Mini Clothespins</p><p> -13% 0FF </p><p>$3.49 ($0.04 / Foot)</p><a href="https://www.amazon.com/dp/B07H6JWKCK?tag=eloabder-20&linkCode=osi&th=1&psc=1">View Product</a></div><div class="product"><a href="https://www.amazon.com/dp/B08GM954K3?tag=eloabder-20&linkCode=osi&th=1&psc=1"><img src="https://m.media-amazon.com/images/I/51HzWiyDe7L._SL500_.jpg" alt="Product Image"></a><p>Wenrook 300 Pack Safety Pins Assorted, 4 Different Sizes, Strong Nickel Plated Steel, Safety Pins for Clothes, Crafts, Pinning and More</p><p> -28% 0FF </p><p>$5.79 ($0.02 / Count)</p><a href="https://www.amazon.com/dp/B08GM954K3?tag=eloabder-20&linkCode=osi&th=1&psc=1">View Product</a></div><div class="product"><a href="https://www.amazon.com/dp/B0BHVGYVJJ?tag=eloabder-20&linkCode=osi&th=1&psc=1"><img src="https://m.media-amazon.com/images/I/4169Jf5yW0L._SL500_.jpg" alt="Product Image"></a><p>Sewing clips for fabric and quilting,WENICE 40pcs embroidery clips of sewing products for sewing supplies and accessories</p><p> -36% 0FF </p><p>$4.49</p><a href="https://www.amazon.com/dp/B0BHVGYVJJ?tag=eloabder-20&linkCode=osi&th=1&psc=1">View Product</a></div>
<div class="product"><a href="https://www.amazon.com/dp/B0BHYGM2XG?tag=eloabder-20&linkCode=osi&th=1&psc=1"><img src="https://m.media-amazon.com/images/I/51D88wLFFAL._SL500_.jpg" alt="Product Image"></a><p>KALOUR 72 Count Colored Pencils for Adult Coloring Books, Soft Core,Ideal for Drawing Blending Shading,Color Pencils Set Gift for Adults Kids Beginners</p><p> -40% 0FF </p><p>$11.99</p><a href="https://www.amazon.com/dp/B0BHYGM2XG?tag=eloabder-20&linkCode=osi&th=1&psc=1">View Product</a></div><div class="product"><a href="https://www.amazon.com/dp/B0CCJ8K7BG?tag=eloabder-20&linkCode=osi&th=1&psc=1"><img src="https://m.media-amazon.com/images/I/51+YRjtIYnL._SL500_.jpg" alt="Product Image"></a><p>HIFORNY 125 Pack Colored Pencils Set for Adult Coloring,120 Colors Coloring Pencils with Extras,Drawing Pencils Art Craft Supplies for Adults Beginners</p><p> -26% 0FF </p><p>$13.29</p><a href="https://www.amazon.com/dp/B0CCJ8K7BG?tag=eloabder-20&linkCode=osi&th=1&psc=1">View Product</a></div><div class="product"><a href="https://www.amazon.com/dp/B09FJN5R5C?tag=eloabder-20&linkCode=osi&th=1&psc=1"><img src="https://m.media-amazon.com/images/I/51HNg7VkaPL._SL500_.jpg" alt="Product Image"></a><p>PRINA Art Supplies 120 Colors Colored Pencils Set for Adults Coloring Books with Sketchbook, Professional Vibrant Artists Coloring Pencils for Drawing Sketching Blending Shading, Soft Core Oil Based</p><p> -10% 0FF </p><p>$27.99</p><a href="https://www.amazon.com/dp/B09FJN5R5C?tag=eloabder-20&linkCode=osi&th=1&psc=1">View Product</a></div><div class="product"><a href="https://www.amazon.com/dp/B0B8MFGW36?tag=eloabder-20&linkCode=osi&th=1&psc=1"><img src="https://m.media-amazon.com/images/I/51umBJsfZDL._SL500_.jpg" alt="Product Image"></a><p>KALOUR Premium Colored Pencils,Set of 120 Colors,Artists Soft Core with Vibrant Color,Ideal for Drawing Sketching Shading,Coloring Pencils for Adults Beginners kids</p><p> -17% 0FF </p><p>$24.99</p><a href="https://www.amazon.com/dp/B0B8MFGW36?tag=eloabder-20&linkCode=osi&th=1&psc=1">View Product</a></div><div class="product"><a href="https://www.amazon.com/dp/B06ZZNF7GS?tag=eloabder-20&linkCode=osi&th=1&psc=1"><img src="https://m.media-amazon.com/images/I/51yeXw2QRdL._SL500_.jpg" alt="Product Image"></a><p>Castle Art Supplies 72 Colored Pencils Set | Quality Soft Core Colored Leads for Adult Artists, Professionals and Colorists | Protected and Organized in Presentation Tin Box</p><p> -35% 0FF </p><p>$36.98</p><a href="https://www.amazon.com/dp/B06ZZNF7GS?tag=eloabder-20&linkCode=osi&th=1&psc=1">View Product</a></div><div class="product"><a href="https://www.amazon.com/dp/B005O2ZU68?tag=eloabder-20&linkCode=osi&th=1&psc=1"><img src="https://m.media-amazon.com/images/I/51iZ-dj8GBL._SL500_.jpg" alt="Product Image"></a><p>Prismacolor Premier Colored Pencils, Soft Core, 150 Count, Lightfast, Ultra-smooth, Adult Coloring Books</p><p> -7% 0FF </p><p>$139.99</p><a href="https://www.amazon.com/dp/B005O2ZU68?tag=eloabder-20&linkCode=osi&th=1&psc=1">View Product</a></div>
<div class="product"><a href="https://www.amazon.com/dp/B004BN9U30?tag=eloabder-20&linkCode=osi&th=1&psc=1"><img src="https://m.media-amazon.com/images/I/51r8f-9WzoL._SL500_.jpg" alt="Product Image"></a><p>ACTIVA Decor Sand, 5-Pound, Light Blue,4555</p><p> -13% 0FF </p><p>$20.30 ($0.25 / Ounce)</p><a href="https://www.amazon.com/dp/B004BN9U30?tag=eloabder-20&linkCode=osi&th=1&psc=1">View Product</a></div>
<div class="product"><a href="https://www.amazon.com/dp/B076TT3TYN?tag=eloabder-20&linkCode=osi&th=1&psc=1"><img src="https://m.media-amazon.com/images/I/614S+VRElYL._SL500_.jpg" alt="Product Image"></a><p>Embroidery Floss Rainbow Color 50 Skeins Per Pack Cross Stitch Threads Friendship Bracelets Floss Crafts Floss</p><p> -60% 0FF </p><p>$5.97 ($0.00 / Foot)</p><a href="https://www.amazon.com/dp/B076TT3TYN?tag=eloabder-20&linkCode=osi&th=1&psc=1">View Product</a></div><div class="product"><a href="https://www.amazon.com/dp/B06XRF1LCM?tag=eloabder-20&linkCode=osi&th=1&psc=1"><img src="https://m.media-amazon.com/images/I/51HOGqvHonS._SL500_.jpg" alt="Product Image"></a><p>CiaraQ Sewing Threads Kits, 30 Colors Polyester 250 Yards Per Spools for Hand Sewing & Embroidery</p><p> -47% 0FF </p><p>$8.99 ($0.00 / Foot)</p><a href="https://www.amazon.com/dp/B06XRF1LCM?tag=eloabder-20&linkCode=osi&th=1&psc=1">View Product</a></div><div class="product"><a href="https://www.amazon.com/dp/B002KASKRS?tag=eloabder-20&linkCode=osi&th=1&psc=1"><img src="https://m.media-amazon.com/images/I/51GVfmIT-kL._SL500_.jpg" alt="Product Image"></a><p>Singer 264 Polyester Thread, Assorted Colors, 24 Spools</p><p> -31% 0FF </p><p>$2.69 ($0.00 / Foot)</p><a href="https://www.amazon.com/dp/B002KASKRS?tag=eloabder-20&linkCode=osi&th=1&psc=1">View Product</a></div>
<div class="product"><a href="https://www.amazon.com/dp/B0868M9MFP?tag=eloabder-20&linkCode=osi&th=1&psc=1"><img src="https://m.media-amazon.com/images/I/41MathwPKuL._SL500_.jpg" alt="Product Image"></a><p>Simetufy 360 Sheets 36 Multicolor Tissue Paper Bulk Gift Wrapping Tissue Paper Decorative Art Rainbow Tissue Paper 11.5in x 8in for Art Craft Floral Birthday Party Festival Tissue Paper Pom Pom</p><p> -38% 0FF </p><p>$7.99 ($0.02 / Count)</p><a href="https://www.amazon.com/dp/B0868M9MFP?tag=eloabder-20&linkCode=osi&th=1&psc=1">View Product</a></div><div class="product"><a href="https://www.amazon.com/dp/B0B9SF3Y4D?tag=eloabder-20&linkCode=osi&th=1&psc=1"><img src="https://m.media-amazon.com/images/I/419aeFWjtAL._SL500_.jpg" alt="Product Image"></a><p>Simetufy 60 Sheets Tissue Paper for Gift Bags, 10 Bold Colored Tissue Paper for Crafts, Art Tissue Paper Bulk, Gift Tissue Paper 20 x 20 Inch</p><p> -7% 0FF </p><p>$6.49 ($0.65 / Count)</p><a href="https://www.amazon.com/dp/B0B9SF3Y4D?tag=eloabder-20&linkCode=osi&th=1&psc=1">View Product</a></div><div class="product"><a href="https://www.amazon.com/dp/B0C8SYQJS1?tag=eloabder-20&linkCode=osi&th=1&psc=1"><img src="https://m.media-amazon.com/images/I/41gbdOrx9cL._SL500_.jpg" alt="Product Image"></a><p>VGOODALL 450 Sheets Multicolor Tissue Paper, Gift Wrapping Paper 11.5x8 Inch Craft Tissue Paper for Holiday Birthday Gift Wrapping DIY Project 40 Assorted Colors</p><p> -44% 0FF </p><p>$4.99 ($0.01 / Count)</p><a href="https://www.amazon.com/dp/B0C8SYQJS1?tag=eloabder-20&linkCode=osi&th=1&psc=1">View Product</a></div><div class="product"><a href="https://www.amazon.com/dp/B0CSG6Q67Y?tag=eloabder-20&linkCode=osi&th=1&psc=1"><img src="https://m.media-amazon.com/images/I/417iKgFw8BL._SL500_.jpg" alt="Product Image"></a><p>Longerse Colored Tissue Paper for Gift Bags,60 Sheets Art Tissue Paper Bulk,20”x20” Tissue Paper for Gift Wrapping,Gift Decoration,Art and DIY (Colorful)</p><p> -60% 0FF </p><p>$3.99 ($0.07 / Count)</p><a href="https://www.amazon.com/dp/B0CSG6Q67Y?tag=eloabder-20&linkCode=osi&th=1&psc=1">View Product</a></div><div class="product"><a href="https://www.amazon.com/dp/B08PP63JVH?tag=eloabder-20&linkCode=osi&th=1&psc=1"><img src="https://m.media-amazon.com/images/I/51Z1SH4GpyL._SL500_.jpg" alt="Product Image"></a><p>KESOTE Colored Tissue Paper for Gift Bags Crafts, 14" x 20" Tissue Paper Bulk 100 Sheets Gift Paper Tissue for Packaging - 20 Colors</p><p> -11% 0FF </p><p>$7.99 ($0.08 / Count)</p><a href="https://www.amazon.com/dp/B08PP63JVH?tag=eloabder-20&linkCode=osi&th=1&psc=1">View Product</a></div>
<div class="product"><a href="https://www.amazon.com/dp/B0CGR8W9QL?tag=eloabder-20&linkCode=osi&th=1&psc=1"><img src="https://m.media-amazon.com/images/I/51Zzm+7K6CL._SL500_.jpg" alt="Product Image"></a><p>Beautiful Adult Coloring Book Set of 2 for Relaxation - Gratitude and Mindfulness Books with Inspirational Quotes Making it a Great Gift - Perfect Stress-Relieving Books Fun to Color for Women</p><p> -10% 0FF </p><p>$11.69 ($5.84 / Count)</p><a href="https://www.amazon.com/dp/B0CGR8W9QL?tag=eloabder-20&linkCode=osi&th=1&psc=1">View Product</a></div><div class="product"><a href="https://www.amazon.com/dp/B01ELWWX98?tag=eloabder-20&linkCode=osi&th=1&psc=1"><img src="https://m.media-amazon.com/images/I/51g67GhksOL._SL500_.jpg" alt="Product Image"></a><p>Maybe Swearing Will Help Adult Coloring Book Set - for Adults Relaxation with Markers in a Case - Motivational Swear Word Anxiety Relief - Color Cuss & Laugh Your Way to Less Stress</p><p> -13% 0FF </p><p>$24.99</p><a href="https://www.amazon.com/dp/B01ELWWX98?tag=eloabder-20&linkCode=osi&th=1&psc=1">View Product</a></div><div class="product"><a href="https://www.amazon.com/dp/B0828BM6PW?tag=eloabder-20&linkCode=osi&th=1&psc=1"><img src="https://m.media-amazon.com/images/I/61rJ0ivLQ0L._SL500_.jpg" alt="Product Image"></a><p>ARTEZA Adult Coloring Book, Doodle Designs, 72 Sheets, 6.4x6.4 Inches Coloring Pages, 100 lb Paper</p><p> -43% 0FF </p><p>$7.40</p><a href="https://www.amazon.com/dp/B0828BM6PW?tag=eloabder-20&linkCode=osi&th=1&psc=1">View Product</a></div><div class="product"><a href="https://www.amazon.com/dp/B09NB2GZTD?tag=eloabder-20&linkCode=osi&th=1&psc=1"><img src="https://m.media-amazon.com/images/I/51FROdttEnL._SL500_.jpg" alt="Product Image"></a><p>RYVE Adult Coloring Book for Women - Mindfulness Coloring Book with Personal Growth Prompts - Coloring Book for Adults Relaxation, Coloring Book Adult, Mindfulness Gifts, Relaxation Gifts for Women</p><p> -35% 0FF </p><p>$12.95</p><a href="https://www.amazon.com/dp/B09NB2GZTD?tag=eloabder-20&linkCode=osi&th=1&psc=1">View Product</a></div><div class="product"><a href="https://www.amazon.com/dp/B07P57M4ZR?tag=eloabder-20&linkCode=osi&th=1&psc=1"><img src="https://m.media-amazon.com/images/I/6101oGV4dKL._SL500_.jpg" alt="Product Image"></a><p>Adult Coloring Book Bundle with 10 Deluxe Coloring Books for Adults and Teens (Over 250 Stress Relieving Patterns).</p><p> -6% 0FF </p><p>$16.96</p><a href="https://www.amazon.com/dp/B07P57M4ZR?tag=eloabder-20&linkCode=osi&th=1&psc=1">View Product</a></div>
<div class="product"><a href="https://www.amazon.com/dp/B0BWH7CWFW?tag=eloabder-20&linkCode=osi&th=1&psc=1"><img src="https://m.media-amazon.com/images/I/51jUg2AkDyL._SL500_.jpg" alt="Product Image"></a><p>AnyMark 60 Colors Alcohol Markers, Markers Set, Dual Tip Alcohol Based Art Markers for Kids Adults Coloring Drawing, Chisel & Fine</p><p> -15% 0FF </p><p>$16.99 ($0.28 / Count)</p><a href="https://www.amazon.com/dp/B0BWH7CWFW?tag=eloabder-20&linkCode=osi&th=1&psc=1">View Product</a></div><div class="product"><a href="https://www.amazon.com/dp/B09SG83ZZG?tag=eloabder-20&linkCode=osi&th=1&psc=1"><img src="https://m.media-amazon.com/images/I/51Qb5KktWiL._SL500_.jpg" alt="Product Image"></a><p>Sunacme Art Supplier Dual Brush Markers Pens, 110 Artist Coloring Marker Set, Fineliner & Brush Tip Pen with Premium Case for Adults Coloring Books & Kids Journal, Drawing, Doodlin</p><p> -14% 0FF </p><p>$29.99</p><a href="https://www.amazon.com/dp/B09SG83ZZG?tag=eloabder-20&linkCode=osi&th=1&psc=1">View Product</a></div><div class="product"><a href="https://www.amazon.com/dp/B075WQPKNK?tag=eloabder-20&linkCode=osi&th=1&psc=1"><img src="https://m.media-amazon.com/images/I/51EOXvmdwnL._SL500_.jpg" alt="Product Image"></a><p>Dual Brush Marker Pens for Coloring Books, Tanmit Fine Tip Coloring Marker & Brush Pen Set for Journaling Note Taking Writing Planning Art Project</p><p> -29% 0FF </p><p>$9.97</p><a href="https://www.amazon.com/dp/B075WQPKNK?tag=eloabder-20&linkCode=osi&th=1&psc=1">View Product</a></div><div class="product"><a href="https://www.amazon.com/dp/B0CMLFSJ32?tag=eloabder-20&linkCode=osi&th=1&psc=1"><img src="https://m.media-amazon.com/images/I/51tOlopoSsL._SL500_.jpg" alt="Product Image"></a><p>TOSHARE Double Brush Marker Pens, 72 Colors Art Markers Set with Fine Tip and Brush Tip for Kids Adult Coloring Book Hand Lettering Calligraphy Drawing Art Supplies Kit</p><p> -43% 0FF </p><p>$16.99</p><a href="https://www.amazon.com/dp/B0CMLFSJ32?tag=eloabder-20&linkCode=osi&th=1&psc=1">View Product</a></div>
<div class="product"><a href="https://www.amazon.com/dp/B011KGGTYI?tag=eloabder-20&linkCode=osi&th=1&psc=1"><img src="https://m.media-amazon.com/images/I/5132ds0q8dL._SL500_.jpg" alt="Product Image"></a><p>Prang (Formerly Art Street) Construction Paper, 10 Assorted Colors, Standard Weight, 9" x 12", 500 Sheets</p><p> -39% 0FF </p><p>$11.88</p><a href="https://www.amazon.com/dp/B011KGGTYI?tag=eloabder-20&linkCode=osi&th=1&psc=1">View Product</a></div><div class="product"><a href="https://www.amazon.com/dp/B00JKHFR2K?tag=eloabder-20&linkCode=osi&th=1&psc=1"><img src="https://m.media-amazon.com/images/I/31-VtYKPhLL._SL500_.jpg" alt="Product Image"></a><p>Childcraft Construction Paper, 9 x 12 Inches, Assorted Colors, 500 Sheets - 1465886</p><p> -12% 0FF </p><p>$14.02 ($0.03 / Count)</p><a href="https://www.amazon.com/dp/B00JKHFR2K?tag=eloabder-20&linkCode=osi&th=1&psc=1">View Product</a></div><div class="product"><a href="https://www.amazon.com/dp/B0044O9S9M?tag=eloabder-20&linkCode=osi&th=1&psc=1"><img src="https://m.media-amazon.com/images/I/51LYJXeYUuL._SL500_.jpg" alt="Product Image"></a><p>Crayola 9" x 12" 8-Assorted Color Construction Paper - 96/Pack</p><p> -7% 0FF </p><p>$7.53 ($0.08 / Count)</p><a href="https://www.amazon.com/dp/B0044O9S9M?tag=eloabder-20&linkCode=osi&th=1&psc=1">View Product</a></div><div class="product"><a href="https://www.amazon.com/dp/B07RPBV5QV?tag=eloabder-20&linkCode=osi&th=1&psc=1"><img src="https://m.media-amazon.com/images/I/31NYvEA9UbL._SL500_.jpg" alt="Product Image"></a><p>Colorations Construction Paper, Classroom Art Supplies, 9" x 12" Craft Paper 2200 Sheet Pack, Heavyweight Construction Paper, Bulk Packs, Assorted Colors, Drawing, Coloring, Painting, School Supplies</p><p> -7% 0FF </p><p>$82.99 ($0.04 / Count)</p><a href="https://www.amazon.com/dp/B07RPBV5QV?tag=eloabder-20&linkCode=osi&th=1&psc=1">View Product</a></div><div class="product"><a href="https://www.amazon.com/dp/B0017OHG1O?tag=eloabder-20&linkCode=osi&th=1&psc=1"><img src="https://m.media-amazon.com/images/I/21ulYe3YW0L._SL500_.jpg" alt="Product Image"></a><p>Prang (Formerly SunWorks) Construction Paper, White, 9" x 12", 100 Sheets</p><p> -11% 0FF </p><p>$4.27</p><a href="https://www.amazon.com/dp/B0017OHG1O?tag=eloabder-20&linkCode=osi&th=1&psc=1">View Product</a></div>
<div class="product"><a href="https://www.amazon.com/dp/B07VPLN92N?tag=eloabder-20&linkCode=osi&th=1&psc=1"><img src="https://m.media-amazon.com/images/I/419sJC3gTyS._SL500_.jpg" alt="Product Image"></a><p>Colorations® Geo Shapes Dough Cutters and Rolling Pin, Set of 9, 8 different Shapes & the Roller, Use with Dough, Dough Cutter Shapes, Great Starter Set for using Dough, Learn About Shapes</p><p> -41% 0FF </p><p>$7.49</p><a href="https://www.amazon.com/dp/B07VPLN92N?tag=eloabder-20&linkCode=osi&th=1&psc=1">View Product</a></div><div class="product"><a href="https://www.amazon.com/dp/B07JG76SSJ?tag=eloabder-20&linkCode=osi&th=1&psc=1"><img src="https://m.media-amazon.com/images/I/41AXTn1lZjL._SL500_.jpg" alt="Product Image"></a><p>Wilton Plastic Cookie Cutters Gift Boxed 10/Pkg, Christmas</p><p> -23% 0FF </p><p>$9.99</p><a href="https://www.amazon.com/dp/B07JG76SSJ?tag=eloabder-20&linkCode=osi&th=1&psc=1">View Product</a></div><div class="product"><a href="https://www.amazon.com/dp/B0D95TVN4T?tag=eloabder-20&linkCode=osi&th=1&psc=1"><img src="https://m.media-amazon.com/images/I/51tcz-zfq1L._SL500_.jpg" alt="Product Image"></a><p>KEOKER Halloween Polymer Clay Cutters, 12 Shapes Polymer Clay Cutters Halloween, Halloween Clay Cutters for Polymer Clay Jewelry, Halloween Clay Cutters for Earrings, Polymer Clay Halloween Cutters</p><p> -6% 0FF </p><p>$15.99</p><a href="https://www.amazon.com/dp/B0D95TVN4T?tag=eloabder-20&linkCode=osi&th=1&psc=1">View Product</a></div>
<div class="product"><a href="https://www.amazon.com/dp/B01MR5DSCM?tag=eloabder-20&linkCode=osi&th=1&psc=1"><img src="https://m.media-amazon.com/images/I/41TXQrK84SL._SL500_.jpg" alt="Product Image"></a><p>Zehhe Copper Foil Tape with Double-Sided Conductive - EMI Shielding,Stained Glass,Soldering,Electrical Repairs,Paper Circuits,Grounding (1/4inch)</p><p> -16% 0FF </p><p>$5.88 ($0.09 / Foot)</p><a href="https://www.amazon.com/dp/B01MR5DSCM?tag=eloabder-20&linkCode=osi&th=1&psc=1">View Product</a></div><div class="product"><a href="https://www.amazon.com/dp/B00WVKO1LG?tag=eloabder-20&linkCode=osi&th=1&psc=1"><img src="https://m.media-amazon.com/images/I/31J15yH0QGL._SL500_.jpg" alt="Product Image"></a><p>K&S 6020 Metallic Copper Crafting Foil, 0.005" Thick x 12" Width x 30" Long, 1 Piece, Made in The USA</p><p> -22% 0FF </p><p>$14.89</p><a href="https://www.amazon.com/dp/B00WVKO1LG?tag=eloabder-20&linkCode=osi&th=1&psc=1">View Product</a></div><div class="product"><a href="https://www.amazon.com/dp/B01MPYH5EQ?tag=eloabder-20&linkCode=osi&th=1&psc=1"><img src="https://m.media-amazon.com/images/I/51DowmFlktL._SL500_.jpg" alt="Product Image"></a><p>7/32" Edco Silver Backed Foil - 1.0 Mil</p><p> -15% 0FF </p><p>$15.49</p><a href="https://www.amazon.com/dp/B01MPYH5EQ?tag=eloabder-20&linkCode=osi&th=1&psc=1">View Product</a></div><div class="product"><a href="https://www.amazon.com/dp/B000VGRVSC?tag=eloabder-20&linkCode=osi&th=1&psc=1"><img src="https://m.media-amazon.com/images/I/51fDxB9va0L._SL500_.jpg" alt="Product Image"></a><p>Studio Pro 7/32-Inch Black Lined Copper Foil</p><p> -27% 0FF </p><p>$10.99</p><a href="https://www.amazon.com/dp/B000VGRVSC?tag=eloabder-20&linkCode=osi&th=1&psc=1">View Product</a></div>
<div class="product"><a href="https://www.amazon.com/dp/B08ZMVBT4F?tag=eloabder-20&linkCode=osi&th=1&psc=1"><img src="https://m.media-amazon.com/images/I/51nhj8aUk3L._SL500_.jpg" alt="Product Image"></a><p>NOANTA Natural Macrame Cord 3mm x 109Yards, Beige Macrame Rope, Cotton Cord for Wall Hanging, Plant Hangers, Christmas Crafts, Knitting</p><p> -50% 0FF </p><p>$4.99 ($0.02 / Foot)</p><a href="https://www.amazon.com/dp/B08ZMVBT4F?tag=eloabder-20&linkCode=osi&th=1&psc=1">View Product</a></div><div class="product"><a href="https://www.amazon.com/dp/B08YJBQ7WZ?tag=eloabder-20&linkCode=osi&th=1&psc=1"><img src="https://m.media-amazon.com/images/I/51MPyR+wDWL._SL500_.jpg" alt="Product Image"></a><p>45 Color Options Macrame Cord 2mm/3mm/4mm/5mm/6mmx109 Yards Cotton Cord, 4 Ply Twisted Yarn, Natural Perfect Supplies DIY Crafts (Natural White)</p><p> -29% 0FF </p><p>$4.98 ($0.02 / Foot)</p><a href="https://www.amazon.com/dp/B08YJBQ7WZ?tag=eloabder-20&linkCode=osi&th=1&psc=1">View Product</a></div><div class="product"><a href="https://www.amazon.com/dp/B08PZ2VDPM?tag=eloabder-20&linkCode=osi&th=1&psc=1"><img src="https://m.media-amazon.com/images/I/51DQgq3cfXL._SL500_.jpg" alt="Product Image"></a><p>Tenn Well Nylon Satin Cord, 295 Feet 2mm Black Nylon String for Jewelry Making, Silky Rattail Cord for Bracelets, Necklaces, Macrame Keychains, Lanyards, Beading</p><p> -33% 0FF </p><p>$7.99 ($0.03 / Foot)</p><a href="https://www.amazon.com/dp/B08PZ2VDPM?tag=eloabder-20&linkCode=osi&th=1&psc=1">View Product</a></div><div class="product"><a href="https://www.amazon.com/dp/B08GXFQ2ZZ?tag=eloabder-20&linkCode=osi&th=1&psc=1"><img src="https://m.media-amazon.com/images/I/51ETQrmuWuL._SL500_.jpg" alt="Product Image"></a><p>NOANTA Natural Macrame Cord 2mm x 220yards, Colored Macrame Rope, 3 Strand Twisted Cotton Rope Macrame Yarn, Colorful Cotton Craft Cord for Wall Hanging, Plant Hangers, Crafts, Knitting</p><p> -29% 0FF </p><p>$4.99 ($0.01 / Foot)</p><a href="https://www.amazon.com/dp/B08GXFQ2ZZ?tag=eloabder-20&linkCode=osi&th=1&psc=1">View Product</a></div>
<div class="product"><a href="https://www.amazon.com/dp/B009MRH3R0?tag=eloabder-20&linkCode=osi&th=1&psc=1"><img src="https://m.media-amazon.com/images/I/51KvHbQ47aL._SL500_.jpg" alt="Product Image"></a><p>Hygloss Corrugated Cardboard Sheets, 8-Pack, 8 Pieces</p><p> -37% 0FF </p><p>$5.35 ($0.67 / Count)</p><a href="https://www.amazon.com/dp/B009MRH3R0?tag=eloabder-20&linkCode=osi&th=1&psc=1">View Product</a></div><div class="product"><a href="https://www.amazon.com/dp/B0013JR8QQ?tag=eloabder-20&linkCode=osi&th=1&psc=1"><img src="https://m.media-amazon.com/images/I/41xFj3BmirL._SL500_.jpg" alt="Product Image"></a><p>Uchida Corru-Gator Paper Crimper, 8-1/2-Inch, Straight</p><p> -37% 0FF </p><p>$13.79</p><a href="https://www.amazon.com/dp/B0013JR8QQ?tag=eloabder-20&linkCode=osi&th=1&psc=1">View Product</a></div>
<div class="product"><a href="https://www.amazon.com/dp/B07FFM3DPB?tag=eloabder-20&linkCode=osi&th=1&psc=1"><img src="https://m.media-amazon.com/images/I/51J4bxAVK3L._SL500_.jpg" alt="Product Image"></a><p>Caydo [400 pcs] - 300 Pieces 1 Inch Assorted Pompoms with 100pieces Wiggle Eyes Multicolor Arts and Crafts Pom Poms Balls for Kids DIY Art Creative Crafts Decorations</p><p> -15% 0FF </p><p>$7.64</p><a href="https://www.amazon.com/dp/B07FFM3DPB?tag=eloabder-20&linkCode=osi&th=1&psc=1">View Product</a></div><div class="product"><a href="https://www.amazon.com/dp/B000F8XACW?tag=eloabder-20&linkCode=osi&th=1&psc=1"><img src="https://m.media-amazon.com/images/I/41g1iHmB5ML._SL500_.jpg" alt="Product Image"></a><p>Creativity Street Cotton Decorated Craft Fluff Ball, Pink, Pack of 100,4 oz</p><p> -14% 0FF </p><p>$9.91</p><a href="https://www.amazon.com/dp/B000F8XACW?tag=eloabder-20&linkCode=osi&th=1&psc=1">View Product</a></div><div class="product"><a href="https://www.amazon.com/dp/B01MTOWHJH?tag=eloabder-20&linkCode=osi&th=1&psc=1"><img src="https://m.media-amazon.com/images/I/513R8zmLclL._SL500_.jpg" alt="Product Image"></a><p>HEHALI 1000pcs Multicolor Pom Pom Balls, Assorted Sizes & Colors Pompoms for Arts and Craft Making Decorations</p><p> -25% 0FF </p><p>$8.99</p><a href="https://www.amazon.com/dp/B01MTOWHJH?tag=eloabder-20&linkCode=osi&th=1&psc=1">View Product</a></div><div class="product"><a href="https://www.amazon.com/dp/B0BHSYPBH1?tag=eloabder-20&linkCode=osi&th=1&psc=1"><img src="https://m.media-amazon.com/images/I/51RUOSHbY5L._SL500_.jpg" alt="Product Image"></a><p>Iooleem Multi-Color Pom Poms, 1200pcs Assorted Size & Color, Pom Poms for Arts and Crafts, Pom Pom Balls with Wiggle Eyes in jar, Glitter Pom Poms, Craft Supplies.</p><p> -15% 0FF </p><p>$6.76</p><a href="https://www.amazon.com/dp/B0BHSYPBH1?tag=eloabder-20&linkCode=osi&th=1&psc=1">View Product</a></div>
<div class="product"><a href="https://www.amazon.com/dp/B0B1J8TYT1?tag=eloabder-20&linkCode=osi&th=1&psc=1"><img src="https://m.media-amazon.com/images/I/41NdyrANVlL._SL500_.jpg" alt="Product Image"></a><p>HOTGODEN Medium Weight 100% Cotton Muslin Fabric: 63 inch x 2,5,10 Yards Unbleached Muslin Linen Fabric Material for Sewing Material Apparel Cloth</p><p> -19% 0FF </p><p>$12.99</p><a href="https://www.amazon.com/dp/B0B1J8TYT1?tag=eloabder-20&linkCode=osi&th=1&psc=1">View Product</a></div><div class="product"><a href="https://www.amazon.com/dp/B08GJHYMGN?tag=eloabder-20&linkCode=osi&th=1&psc=1"><img src="https://m.media-amazon.com/images/I/51wD1FT1eeL._SL500_.jpg" alt="Product Image"></a><p>50pcs 8 x 8 inches Multicolor Cotton Fabric Bundle Squares for Quilting Sewing, Precut Fabric Squares for Craft Patchwork</p><p> -14% 0FF </p><p>$13.77</p><a href="https://www.amazon.com/dp/B08GJHYMGN?tag=eloabder-20&linkCode=osi&th=1&psc=1">View Product</a></div><div class="product"><a href="https://www.amazon.com/dp/B0CRBH5FZT?tag=eloabder-20&linkCode=osi&th=1&psc=1"><img src="https://m.media-amazon.com/images/I/41v-8KZCA5L._SL500_.jpg" alt="Product Image"></a><p>Singer Fabric, 100% Cotton, Pink Purple Sunset Solid 5Pc Bundle</p><p> -24% 0FF </p><p>$8.02 ($1.60 / Count)</p><a href="https://www.amazon.com/dp/B0CRBH5FZT?tag=eloabder-20&linkCode=osi&th=1&psc=1">View Product</a></div>
<div class="product"><a href="https://www.amazon.com/dp/B08GCSLV5T?tag=eloabder-20&linkCode=osi&th=1&psc=1"><img src="https://m.media-amazon.com/images/I/51qmNvhzRUS._SL500_.jpg" alt="Product Image"></a><p>Macrame Cord 4mm x 328Yards(984Feet),Natural Cotton Macrame Rope - 3 Strands Twisted Macrame Cotton Cord for Wall Hanging, Plant Hangers, Crafts, Gift Wrapping and Wedding Decorations</p><p> -15% 0FF </p><p>$16.99 ($0.02 / Foot)</p><a href="https://www.amazon.com/dp/B08GCSLV5T?tag=eloabder-20&linkCode=osi&th=1&psc=1">View Product</a></div><div class="product"><a href="https://www.amazon.com/dp/B07XFYVM62?tag=eloabder-20&linkCode=osi&th=1&psc=1"><img src="https://m.media-amazon.com/images/I/51u2PPpSoOL._SL500_.jpg" alt="Product Image"></a><p>Tenn Well 8mm Macrame Cord, 59 Feet 3Ply Twisted Craft Cotton Rope Thick Nautical Rope for Crafts, Wall Hangings, Plant Hangers, Knotting, Rope Basket Making (Beige)</p><p> -33% 0FF </p><p>$9.99 ($0.17 / Foot)</p><a href="https://www.amazon.com/dp/B07XFYVM62?tag=eloabder-20&linkCode=osi&th=1&psc=1">View Product</a></div><div class="product"><a href="https://www.amazon.com/dp/B07GX8B3PC?tag=eloabder-20&linkCode=osi&th=1&psc=1"><img src="https://m.media-amazon.com/images/I/416oClGC4ZL._SL500_.jpg" alt="Product Image"></a><p>Tenn Well 5mm Macrame Cord, 165Feet Braided Cotton Rope Thick Craft Twine for Macrame Plant Hangers, Wall Hangings, Drawstrings, Clothes Lines, DIY Crafts (Beige)</p><p> -31% 0FF </p><p>$8.99 ($0.05 / Foot)</p><a href="https://www.amazon.com/dp/B07GX8B3PC?tag=eloabder-20&linkCode=osi&th=1&psc=1">View Product</a></div>

<div class="product"><a href="https://www.amazon.com/dp/B00178KLEY?tag=eloabder-20&linkCode=osi&th=1&psc=1"><img src="https://m.media-amazon.com/images/I/31wcgL5xRkL._SL500_.jpg" alt="Product Image"></a><p>Aleene's All Purpose Tacky Glue, 8-Ounce</p><p> -30% 0FF </p><p>$2.44 ($0.30 / Fl Oz)</p><a href="https://www.amazon.com/dp/B00178KLEY?tag=eloabder-20&linkCode=osi&th=1&psc=1">View Product</a></div><div class="product"><a href="https://www.amazon.com/dp/B088NN5GD8?tag=eloabder-20&linkCode=osi&th=1&psc=1"><img src="https://m.media-amazon.com/images/I/417dgxV3dfL._SL500_.jpg" alt="Product Image"></a><p>Bearly Art Precision Craft Glue - The Mini - 2fl oz with Tip Kit - Acid Free Archival - Strong Hold Adhesive - Ideal for Fine Paper Crafting Scrapbooking and Card Making - Made in USA</p><p> -13% 0FF </p><p>$12.99 ($6.50 / Fl Oz)</p><a href="https://www.amazon.com/dp/B088NN5GD8?tag=eloabder-20&linkCode=osi&th=1&psc=1">View Product</a></div><div class="product"><a href="https://www.amazon.com/dp/B09BW3G5FY?tag=eloabder-20&linkCode=osi&th=1&psc=1"><img src="https://m.media-amazon.com/images/I/51nUSHqdX-L._SL500_.jpg" alt="Product Image"></a><p>Adtech 05603 Glue Runner Permanent 35 Yards Total - Pack of 3 (4 each), Blue</p><p> -9% 0FF </p><p>$19.96</p><a href="https://www.amazon.com/dp/B09BW3G5FY?tag=eloabder-20&linkCode=osi&th=1&psc=1">View Product</a></div><div class="product"><a href="https://www.amazon.com/dp/B0948WG3KV?tag=eloabder-20&linkCode=osi&th=1&psc=1"><img src="https://m.media-amazon.com/images/I/41Y1CQR-TqL._SL500_.jpg" alt="Product Image"></a><p>ALLFUN 1000 Pieces Clear Glue Points Dots Double Sided Adhesive Removable for Balloons Craft Sticky</p><p> -32% 0FF </p><p>$6.79 ($0.01 / Count)</p><a href="https://www.amazon.com/dp/B0948WG3KV?tag=eloabder-20&linkCode=osi&th=1&psc=1">View Product</a></div>
<div class="product"><a href="https://www.amazon.com/dp/B0CRDH745H?tag=eloabder-20&linkCode=osi&th=1&psc=1"><img src="https://m.media-amazon.com/images/I/4145DgxWb+L._SL500_.jpg" alt="Product Image"></a><p>Gift Bags 8.25"X5.9 "X3.15" 100pcs Brown Paper Bags with Handles,Kraft Paper Bags for Small Business Christmas Bulk Bags, Wedding Party Favor Bags,Shopping Lunch Bags, Halloween Trick-or-Treat (Brown)</p><p> -8% 0FF </p><p>$16.99</p><a href="https://www.amazon.com/dp/B0CRDH745H?tag=eloabder-20&linkCode=osi&th=1&psc=1">View Product</a></div><div class="product"><a href="https://www.amazon.com/dp/B07MLMXNH1?tag=eloabder-20&linkCode=osi&th=1&psc=1"><img src="https://m.media-amazon.com/images/I/31j9z9qZ3mL._SL500_.jpg" alt="Product Image"></a><p>Qutuus Kraft Paper Gift Bags with Handles - 8x4.5x10 25Pcs Brown Shopping Bags for Parties, Favors, Businesses</p><p> -10% 0FF </p><p>$8.99 ($0.36 / Count)</p><a href="https://www.amazon.com/dp/B07MLMXNH1?tag=eloabder-20&linkCode=osi&th=1&psc=1">View Product</a></div><div class="product"><a href="https://www.amazon.com/dp/B07L63T76G?tag=eloabder-20&linkCode=osi&th=1&psc=1"><img src="https://m.media-amazon.com/images/I/412nJkSNUXL._SL500_.jpg" alt="Product Image"></a><p>Juvale 50-Pack Small Brown Gift Bags with Handles - Small Kraft Paper Bags for Birthday, Retail, Crafts (3.5x2.4x7 In)</p><p> -18% 0FF </p><p>$13.99</p><a href="https://www.amazon.com/dp/B07L63T76G?tag=eloabder-20&linkCode=osi&th=1&psc=1">View Product</a></div><div class="product"><a href="https://www.amazon.com/dp/B09Z2N3QKT?tag=eloabder-20&linkCode=osi&th=1&psc=1"><img src="https://m.media-amazon.com/images/I/416VQ3Ke3PL._SL500_.jpg" alt="Product Image"></a><p>Moretoes 40pcs Brown Paper Bags with Handles Assorted Size Gift Bags, Kraft Paper Bags, Paper Shopping Bags, Craft Bags, Merchandise Bags</p><p> -8% 0FF </p><p>$22.99</p><a href="https://www.amazon.com/dp/B09Z2N3QKT?tag=eloabder-20&linkCode=osi&th=1&psc=1">View Product</a></div>
<div class="product"><a href="https://www.amazon.com/dp/B09Z7NYVG9?tag=eloabder-20&linkCode=osi&th=1&psc=1"><img src="https://m.media-amazon.com/images/I/51XjAkleH5L._SL500_.jpg" alt="Product Image"></a><p>Gxueshan 1000 Pcs Acrylic 9 Color Pony Beads 6x9mm Bulk Glow in The Dark for Necklace Friendship Bracelet Making Hair Beads for Braids Kandi Beads</p><p> -36% 0FF </p><p>$6.99</p><a href="https://www.amazon.com/dp/B09Z7NYVG9?tag=eloabder-20&linkCode=osi&th=1&psc=1">View Product</a></div>
<div class="product"><a href="https://www.amazon.com/dp/B000PD0DSG?tag=eloabder-20&linkCode=osi&th=1&psc=1"><img src="https://m.media-amazon.com/images/I/41bsxH8ol7L._SL500_.jpg" alt="Product Image"></a><p>Fiskars 12x18 Inch Cutting Mat (12-83707097J) , Gray</p><p> -54% 0FF </p><p>$10.97</p><a href="https://www.amazon.com/dp/B000PD0DSG?tag=eloabder-20&linkCode=osi&th=1&psc=1">View Product</a></div><div class="product"><a href="https://www.amazon.com/dp/B0C6TGHYC7?tag=eloabder-20&linkCode=osi&th=1&psc=1"><img src="https://m.media-amazon.com/images/I/41FpOZ2suaL._SL500_.jpg" alt="Product Image"></a><p>DIYDEC 12 Pack Basswood Sheets 12 x 8 x 1/13 Inch Thin Plywood Wood Sheets Unfinished Wood Squares Boards Balsa Wood Sheets for Crafts Architectural Models Laser Cutting Wood Burning and Drawing</p><p> -8% 0FF </p><p>$11.99</p><a href="https://www.amazon.com/dp/B0C6TGHYC7?tag=eloabder-20&linkCode=osi&th=1&psc=1">View Product</a></div>
<div class="product"><a href="https://www.amazon.com/dp/1594745250?tag=eloabder-20&linkCode=osi&th=1&psc=1"><img src="https://m.media-amazon.com/images/I/51m6tJZw-uL._SL500_.jpg" alt="Product Image"></a><p>Crafting with Cat Hair: Cute Handicrafts to Make with Your Cat</p><p> -47% 0FF </p><p>$8.01</p><a href="https://www.amazon.com/dp/1594745250?tag=eloabder-20&linkCode=osi&th=1&psc=1">View Product</a></div><div class="product"><a href="https://www.amazon.com/dp/B0BW876C87?tag=eloabder-20&linkCode=osi&th=1&psc=1"><img src="https://m.media-amazon.com/images/I/41J2NOgeokL._SL500_.jpg" alt="Product Image"></a><p>Popotop Photo Album Self Adhesive Scrapbook Album for 4x6 5x7 8x10 Pictures DIY Photo Book,Birthday Gifts for Women Mom,Wedding Baby Family Travel</p><p> -58% 0FF </p><p>$9.98</p><a href="https://www.amazon.com/dp/B0BW876C87?tag=eloabder-20&linkCode=osi&th=1&psc=1">View Product</a></div><div class="product"><a href="https://www.amazon.com/dp/1574215051?tag=eloabder-20&linkCode=osi&th=1&psc=1"><img src="https://m.media-amazon.com/images/I/51vVL4Vf6vL._SL500_.jpg" alt="Product Image"></a><p>Pyrography Basics: Techniques and Exercises for Beginners (Design Originals) Patterns for Woodburning with Skill-Building Step-by-Step Instructions and Advice from Lora Irish on Texture and Layering</p><p> -45% 0FF </p><p>$5.49</p><a href="https://www.amazon.com/dp/1574215051?tag=eloabder-20&linkCode=osi&th=1&psc=1">View Product</a></div>
<div class="product"><a href="https://www.amazon.com/dp/B01CUI384E?tag=eloabder-20&linkCode=osi&th=1&psc=1"><img src="https://m.media-amazon.com/images/I/41rizh5PQFL._SL500_.jpg" alt="Product Image"></a><p>ArtBin 6918AH Twin Top 17 inch Supply Box, Portable Art & Craft Supply Organizer with Handle, [1] Plastic Storage Case, Translucent</p><p> -51% 0FF </p><p>$15.32</p><a href="https://www.amazon.com/dp/B01CUI384E?tag=eloabder-20&linkCode=osi&th=1&psc=1">View Product</a></div><div class="product"><a href="https://www.amazon.com/dp/B08YBYBVX6?tag=eloabder-20&linkCode=osi&th=1&psc=1"><img src="https://m.media-amazon.com/images/I/41G5mV07PnL._SL500_.jpg" alt="Product Image"></a><p>Logix 12535 Translucent Craft Organizer, Art Supply Organizer and Storage, Lockable School Supplies Organization, Moisture Resistant, Made in USA</p><p> -19% 0FF </p><p>$4.98</p><a href="https://www.amazon.com/dp/B08YBYBVX6?tag=eloabder-20&linkCode=osi&th=1&psc=1">View Product</a></div><div class="product"><a href="https://www.amazon.com/dp/B01BPEX7YA?tag=eloabder-20&linkCode=osi&th=1&psc=1"><img src="https://m.media-amazon.com/images/I/31dTR7w0DXL._SL500_.jpg" alt="Product Image"></a><p>ArtBin 6937AG Essentials Lift-Out Tray Box, Portable Art & Craft Organizer with Handle and Tray, Clear/Aqua</p><p> -33% 0FF </p><p>$9.44</p><a href="https://www.amazon.com/dp/B01BPEX7YA?tag=eloabder-20&linkCode=osi&th=1&psc=1">View Product</a></div><div class="product"><a href="https://www.amazon.com/dp/B08DKT4WSY?tag=eloabder-20&linkCode=osi&th=1&psc=1"><img src="https://m.media-amazon.com/images/I/316yo4e1UuL._SL500_.jpg" alt="Product Image"></a><p>BTSKY 2 Layer Stack & Carry Box, Plastic Multipurpose Portable Storage Container Box Handled Organizer Storage Box for Organizing Stationery, Sewing, Art Craft, Jewelry and Beauty Supplies Blue</p><p> -11% 0FF </p><p>$24.99</p><a href="https://www.amazon.com/dp/B08DKT4WSY?tag=eloabder-20&linkCode=osi&th=1&psc=1">View Product</a></div>
<div class="product"><a href="https://www.amazon.com/dp/B08WX1ZVQD?tag=eloabder-20&linkCode=osi&th=1&psc=1"><img src="https://m.media-amazon.com/images/I/51U7X2OJFAL._SL500_.jpg" alt="Product Image"></a><p>Premium 100 Pcs Resin Sewing Buttons, Eco-Friendly 4-Hole Craft Buttons, 5 Sizes of Black Round Mixed Buttons Suitable for Sewing, DIY and Holiday Decoration</p><p> -54% 0FF </p><p>$5.98</p><a href="https://www.amazon.com/dp/B08WX1ZVQD?tag=eloabder-20&linkCode=osi&th=1&psc=1">View Product</a></div>
<div class="product"><a href="https://www.amazon.com/dp/B075NYWF5P?tag=eloabder-20&linkCode=osi&th=1&psc=1"><img src="https://m.media-amazon.com/images/I/51IoM9rBW1L._SL500_.jpg" alt="Product Image"></a><p>Firbon A4 Paper Cutter 12 Inch Titanium Paper Trimmer Scrapbooking Tool with Automatic Security Safeguard and Side Ruler for Craft Paper, Coupon, Label and Cardstock (Black)</p><p> -39% 0FF </p><p>$10.99</p><a href="https://www.amazon.com/dp/B075NYWF5P?tag=eloabder-20&linkCode=osi&th=1&psc=1">View Product</a></div><div class="product"><a href="https://www.amazon.com/dp/B07BKYH2G5?tag=eloabder-20&linkCode=osi&th=1&psc=1"><img src="https://m.media-amazon.com/images/I/31emK9wKwhL._SL500_.jpg" alt="Product Image"></a><p>45mm Rotary Cutter with 5pcs Extra Blades, Ergonomic Handle Rolling Cutter with Safety Lock for Fabric, Leather, Crafting, Sewing, Quilting, Fabric Rotary Cutter Perfect for Left & Right Hand(Pink)</p><p> -41% 0FF </p><p>$9.99</p><a href="https://www.amazon.com/dp/B07BKYH2G5?tag=eloabder-20&linkCode=osi&th=1&psc=1">View Product</a></div><div class="product"><a href="https://www.amazon.com/dp/B0C8BRB3RH?tag=eloabder-20&linkCode=osi&th=1&psc=1"><img src="https://m.media-amazon.com/images/I/41IwAR4t6FL._SL500_.jpg" alt="Product Image"></a><p>Fiskars 45mm Rotary Cutter for Fabric - Premium Stick Rotary Cutter - Craft Supplies - Crafts, Sewing, and Quilting Projects - White</p><p> -48% 0FF </p><p>$10.98</p><a href="https://www.amazon.com/dp/B0C8BRB3RH?tag=eloabder-20&linkCode=osi&th=1&psc=1">View Product</a></div>
<div class="product"><a href="https://www.amazon.com/dp/B0D7J5HNXQ?tag=eloabder-20&linkCode=osi&th=1&psc=1"><img src="https://m.media-amazon.com/images/I/51kM77Z-7-L._SL500_.jpg" alt="Product Image"></a><p>Tinyspool & Co. Jelly Roll Fabric Strips for Quilting, Crafting, and Sewing, 40 Strip Assorted Bundle, Soft Cotton for Blanket, Rug, Upholstery, Home Decor, and Purse Making, Fall is Here</p><p> -20% 0FF </p><p>$27.99</p><a href="https://www.amazon.com/dp/B0D7J5HNXQ?tag=eloabder-20&linkCode=osi&th=1&psc=1">View Product</a></div>
<div class="product"><a href="https://www.amazon.com/dp/B0BXJB2NTY?tag=eloabder-20&linkCode=osi&th=1&psc=1"><img src="https://m.media-amazon.com/images/I/51z2B9dVEnL._SL500_.jpg" alt="Product Image"></a><p>Soarer Colorful Craft Rooster Feathers - 300pcs 3-5inch Colored Feathers Bulk for Kindergarten DIY Crafts,Wedding Home Party Decorations,Dream Catcher Supplies(Rooster Colorful)</p><p> -22% 0FF </p><p>$6.99</p><a href="https://www.amazon.com/dp/B0BXJB2NTY?tag=eloabder-20&linkCode=osi&th=1&psc=1">View Product</a></div><div class="product"><a href="https://www.amazon.com/dp/B06VWKVZH1?tag=eloabder-20&linkCode=osi&th=1&psc=1"><img src="https://m.media-amazon.com/images/I/51u4jX7ycdL._SL500_.jpg" alt="Product Image"></a><p>Coceca 300pcs Colorful Feathers 3-5 Inches Bulk Feathers Assorted Colors for Crafts DIY, Art Projects, Party Decorations, Dream Catchers</p><p> -36% 0FF </p><p>$6.99 ($0.02 / Count)</p><a href="https://www.amazon.com/dp/B06VWKVZH1?tag=eloabder-20&linkCode=osi&th=1&psc=1">View Product</a></div>
<div class="product"><a href="https://www.amazon.com/dp/B089DPDYKV?tag=eloabder-20&linkCode=osi&th=1&psc=1"><img src="https://m.media-amazon.com/images/I/51L58by1dXL._SL500_.jpg" alt="Product Image"></a><p>Better Office Products 100 Pack EVA Foam Sheets, 5.5 x 8.5 Inch, Assorted Colors (20 Colors), 2mm Thick, for Arts and Crafts, 100 Sheets</p><p> -22% 0FF </p><p>$13.99 ($0.14 / Count)</p><a href="https://www.amazon.com/dp/B089DPDYKV?tag=eloabder-20&linkCode=osi&th=1&psc=1">View Product</a></div><div class="product"><a href="https://www.amazon.com/dp/B08YXYN327?tag=eloabder-20&linkCode=osi&th=1&psc=1"><img src="https://m.media-amazon.com/images/I/41VfV+-ZFTL._SL500_.jpg" alt="Product Image"></a><p>EVA Foam Cosplay - 2mm (1mm to 10mm) - Black or White - 14" x 39" Sheet - Ultra High Density Craft Foam 85 kg/m3 - by The Foamory</p><p> -17% 0FF </p><p>$14.99</p><a href="https://www.amazon.com/dp/B08YXYN327?tag=eloabder-20&linkCode=osi&th=1&psc=1">View Product</a></div><div class="product"><a href="https://www.amazon.com/dp/B07BPRHWL5?tag=eloabder-20&linkCode=osi&th=1&psc=1"><img src="https://m.media-amazon.com/images/I/317FYGugGnL._SL500_.jpg" alt="Product Image"></a><p>6 Pack 12x12-Inch Round Foam Circles for Crafts, 1" Thick, for DIY Projects, Decorations (White)</p><p> -12% 0FF </p><p>$22.99</p><a href="https://www.amazon.com/dp/B07BPRHWL5?tag=eloabder-20&linkCode=osi&th=1&psc=1">View Product</a></div>
<div class="product"><a href="https://www.amazon.com/dp/B001683NAO?tag=eloabder-20&linkCode=osi&th=1&psc=1"><img src="https://m.media-amazon.com/images/I/31cwr-m138L._SL500_.jpg" alt="Product Image"></a><p>BEACON 3-in-1 Advanced Craft Glue - Fast-Drying, Crystal Clear Adhesive for Wood, Ceramics, Fabrics, and More, 4-Ounce</p><p> -18% 0FF </p><p>$8.99 ($2.25 / Fl Oz)</p><a href="https://www.amazon.com/dp/B001683NAO?tag=eloabder-20&linkCode=osi&th=1&psc=1">View Product</a></div><div class="product"><a href="https://www.amazon.com/dp/B000HWY6EM?tag=eloabder-20&linkCode=osi&th=1&psc=1"><img src="https://m.media-amazon.com/images/I/41-SNkQTUaL._SL500_.jpg" alt="Product Image"></a><p>Mod Podge Matte Sealer, Glue & Finish: All-in-One Craft Solution- Quick Dry, Easy Clean, for Wood, Paper, Fabric & More. Non-Toxic - Craft with Confidence, Made in USA, 8 oz., Pack of 1</p><p> -35% 0FF </p><p>$3.98 ($0.50 / Fl Oz)</p><a href="https://www.amazon.com/dp/B000HWY6EM?tag=eloabder-20&linkCode=osi&th=1&psc=1">View Product</a></div><div class="product"><a href="https://www.amazon.com/dp/B07X1SJPSZ?tag=eloabder-20&linkCode=osi&th=1&psc=1"><img src="https://m.media-amazon.com/images/I/61EOLdPbKxL._SL500_.jpg" alt="Product Image"></a><p>E6000 237032 Craft Adhesive, 2 fl oz Clear, 2 Pack</p><p> -49% 0FF </p><p>$8.58 ($2.14 / Fl Oz)</p><a href="https://www.amazon.com/dp/B07X1SJPSZ?tag=eloabder-20&linkCode=osi&th=1&psc=1">View Product</a></div><div class="product"><a href="https://www.amazon.com/dp/B000LNR27U?tag=eloabder-20&linkCode=osi&th=1&psc=1"><img src="https://m.media-amazon.com/images/I/41SoXYVTzvL._SL500_.jpg" alt="Product Image"></a><p>Elmer's Craft Bond Tacky Glue, 4 oz, Clear</p><p> -20% 0FF </p><p>$6.49 ($1.62 / Fl Oz)</p><a href="https://www.amazon.com/dp/B000LNR27U?tag=eloabder-20&linkCode=osi&th=1&psc=1">View Product</a></div>
<div class="product"><a href="https://www.amazon.com/dp/B0BWMPGFVL?tag=eloabder-20&linkCode=osi&th=1&psc=1"><img src="https://m.media-amazon.com/images/I/61gMu32RzEL._SL500_.jpg" alt="Product Image"></a><p>Dowsabel Clay Beads Bracelet Making Kit for Beginner, 5000 Pcs Preppy Polymer Clay Beads with Charms Kit for Jewelry Making, DIY Arts and Crafts Birthday Gifts Toys for Kids Age 6-13</p><p> -65% 0FF </p><p>$6.98 ($0.00 / Count)</p><a href="https://www.amazon.com/dp/B0BWMPGFVL?tag=eloabder-20&linkCode=osi&th=1&psc=1">View Product</a></div><div class="product"><a href="https://www.amazon.com/dp/B09X1YX59W?tag=eloabder-20&linkCode=osi&th=1&psc=1"><img src="https://m.media-amazon.com/images/I/61Cr68venIL._SL500_.jpg" alt="Product Image"></a><p>Hula Home Stained Glass Mandala Art Kit - DIY Window Clings with Markers, 10 Suncatchers - Perfect Hobby for Adults, Kids, Teens & Seniors - Ideal Gift for Beginners, Women & Elderly</p><p> -36% 0FF </p><p>$15.99</p><a href="https://www.amazon.com/dp/B09X1YX59W?tag=eloabder-20&linkCode=osi&th=1&psc=1">View Product</a></div><div class="product"><a href="https://www.amazon.com/dp/B09KGBWF4M?tag=eloabder-20&linkCode=osi&th=1&psc=1"><img src="https://m.media-amazon.com/images/I/615WTC7aH4L._SL500_.jpg" alt="Product Image"></a><p>Craft Culture Beginners Wood Burning Kit for Kids and Teenage Boys & Girls Cool Gifts for Boy or Girl Craft Projects Gift Idea for Older Children Teen Woodburning DIY Hobby Kits Art Crafts Activities</p><p> -20% 0FF </p><p>$39.99</p><a href="https://www.amazon.com/dp/B09KGBWF4M?tag=eloabder-20&linkCode=osi&th=1&psc=1">View Product</a></div><div class="product"><a href="https://www.amazon.com/dp/B0BK35RMN4?tag=eloabder-20&linkCode=osi&th=1&psc=1"><img src="https://m.media-amazon.com/images/I/513JTylDEHL._SL500_.jpg" alt="Product Image"></a><p>WATHFKCU 4 Sets DIY Glass Mosaic Tiles for Crafts,Mixed Color Mosaic Kits with Wooden Coaster for Adults,Mosaic Crafts Materials Package for Coaster Handmade Home Decor Gifts</p><p> -15% 0FF </p><p>$22.99</p><a href="https://www.amazon.com/dp/B0BK35RMN4?tag=eloabder-20&linkCode=osi&th=1&psc=1">View Product</a></div><div class="product"><a href="https://www.amazon.com/dp/B0CGD74KX7?tag=eloabder-20&linkCode=osi&th=1&psc=1"><img src="https://m.media-amazon.com/images/I/51rNpMlv3wL._SL500_.jpg" alt="Product Image"></a><p>Shimmer Markers Outline Double Line: 12 Colors Metallic Glitter Pens Set Sparkle Kid Age 4 8 10 14 Year Old Gift Present Doodle Drawing Supplies Art Craft Tween Teen Girl Christmas Stocking Stuffers</p><p> -17% 0FF </p><p>$9.99</p><a href="https://www.amazon.com/dp/B0CGD74KX7?tag=eloabder-20&linkCode=osi&th=1&psc=1">View Product</a></div><div class="product"><a href="https://www.amazon.com/dp/B09LVDT4QK?tag=eloabder-20&linkCode=osi&th=1&psc=1"><img src="https://m.media-amazon.com/images/I/41CaNa9XKLL._SL500_.jpg" alt="Product Image"></a><p>DOODLE HOG Polymer Clay Earring Making Kit, Gift for Teens and Adults, Make 12 Earrings, Jewelry Making Supplies for Kids and Adults - Arts and Crafts for Kids Ages 12+ Girls</p><p> -35% 0FF </p><p>$12.99</p><a href="https://www.amazon.com/dp/B09LVDT4QK?tag=eloabder-20&linkCode=osi&th=1&psc=1">View Product</a></div><div class="product"><a href="https://www.amazon.com/dp/B0BS4BVG3M?tag=eloabder-20&linkCode=osi&th=1&psc=1"><img src="https://m.media-amazon.com/images/I/61r89vPgOtL._SL500_.jpg" alt="Product Image"></a><p>2774pcs Gem Stickers Jewels for Crafts - Self Adhesive Rhinestone Jewel Stickers, Stick on Gems Rhinestones for Crafts, Acrylic Bling Heart Stickers, Craft Supplies for Kids</p><p> -29% 0FF </p><p>$8.97</p><a href="https://www.amazon.com/dp/B0BS4BVG3M?tag=eloabder-20&linkCode=osi&th=1&psc=1">View Product</a></div>
<div class="product"><a href="https://www.amazon.com/dp/B001A42CTW?tag=eloabder-20&linkCode=osi&th=1&psc=1"><img src="https://m.media-amazon.com/images/I/31TZjc3LZUL._SL500_.jpg" alt="Product Image"></a><p>Fiskars SoftGrip Detail Craft Knife - 8" Exacto Knife for Crafting - Multi-Use Exacto Blade Included with Protective Cover</p><p> -25% 0FF </p><p>$5.97</p><a href="https://www.amazon.com/dp/B001A42CTW?tag=eloabder-20&linkCode=osi&th=1&psc=1">View Product</a></div><div class="product"><a href="https://www.amazon.com/dp/B07G9PKH9H?tag=eloabder-20&linkCode=osi&th=1&psc=1"><img src="https://m.media-amazon.com/images/I/31f5z1IyHaL._SL500_.jpg" alt="Product Image"></a><p>Cricut TrueControl Knife Kit - For Use As a Precision Knife, Craft knife, Carving Knife and Hobby Knife - For Art, Scrapbooking, Stencils, and DIY Projects - Comes With 5 Spare Blades - [Blue]</p><p> -50% 0FF </p><p>$9.49 ($9.49 / Count)</p><a href="https://www.amazon.com/dp/B07G9PKH9H?tag=eloabder-20&linkCode=osi&th=1&psc=1">View Product</a></div>
<div class="product"><a href="https://www.amazon.com/dp/B07M6CDS77?tag=eloabder-20&linkCode=osi&th=1&psc=1"><img src="https://m.media-amazon.com/images/I/51Om2onDSZL._SL500_.jpg" alt="Product Image"></a><p>COO&KOO Charm Bracelet Making Kit, A Unicorn Girls Toy That Inspires Creativity and Imagination, Crafts for Ages 8-12 with Jewelry Making & Art Kit Perfect Gifts, Self-Expression!</p><p> -43% 0FF </p><p>$16.99</p><a href="https://www.amazon.com/dp/B07M6CDS77?tag=eloabder-20&linkCode=osi&th=1&psc=1">View Product</a></div><div class="product"><a href="https://www.amazon.com/dp/B0932TB3Z6?tag=eloabder-20&linkCode=osi&th=1&psc=1"><img src="https://m.media-amazon.com/images/I/617ElT9g-7L._SL500_.jpg" alt="Product Image"></a><p>Made By Me Ultimate Bead Pets by Horizon Group USA, Bead Pets Crafts for Kids, Includes Over 1400 Beads, Cording, Keychains & Carabiner Clips, Design Templates, Storage Cases & More</p><p> -5% 0FF </p><p>$20.81</p><a href="https://www.amazon.com/dp/B0932TB3Z6?tag=eloabder-20&linkCode=osi&th=1&psc=1">View Product</a></div><div class="product"><a href="https://www.amazon.com/dp/B0BZHX7HP9?tag=eloabder-20&linkCode=osi&th=1&psc=1"><img src="https://m.media-amazon.com/images/I/61qd1GFIZiL._SL500_.jpg" alt="Product Image"></a><p>Paodey 20,000 Pcs Clay Beads Bracelet Making Kit, 120 Colors 6 Boxes Polymer Beads Spacer Heishi Beads & Jewelry Kit with Pendant Charms Elastic Strings, Crafts Gift for Kids Adults</p><p> -33% 0FF </p><p>$19.99</p><a href="https://www.amazon.com/dp/B0BZHX7HP9?tag=eloabder-20&linkCode=osi&th=1&psc=1">View Product</a></div><div class="product"><a href="https://www.amazon.com/dp/B0895MW2C9?tag=eloabder-20&linkCode=osi&th=1&psc=1"><img src="https://m.media-amazon.com/images/I/61SQh61RDwL._SL500_.jpg" alt="Product Image"></a><p>Charm Bracelet Making Kit,Jewelry Making Supplies Beads,Unicorn/Mermaid Crafts Gifts Set for Girls Teens Age 6-12</p><p> -43% 0FF </p><p>$16.96</p><a href="https://www.amazon.com/dp/B0895MW2C9?tag=eloabder-20&linkCode=osi&th=1&psc=1">View Product</a></div><div class="product"><a href="https://www.amazon.com/dp/0545703190?tag=eloabder-20&linkCode=osi&th=1&psc=1"><img src="https://m.media-amazon.com/images/I/51TP-RXeg0L._SL500_.jpg" alt="Product Image"></a><p>Klutz Mini Pom-Pom Pets 8" Length x 1.25" Width x 9" Height</p><p> -10% 0FF </p><p>$17.99</p><a href="https://www.amazon.com/dp/0545703190?tag=eloabder-20&linkCode=osi&th=1&psc=1">View Product</a></div><div class="product"><a href="https://www.amazon.com/dp/B07TBJSZFH?tag=eloabder-20&linkCode=osi&th=1&psc=1"><img src="https://m.media-amazon.com/images/I/51NVC4bdfvL._SL500_.jpg" alt="Product Image"></a><p>FUNZBO Arts and Crafts Supplies for Kids - Craft Kit with Glitter Glue Stick, Pipe Cleaners Craft & Craft Tools, DIY School Supplies Kit, Girls Toys, Gifts for Girls and Boys Age 4+</p><p> -20% 0FF </p><p>$15.98</p><a href="https://www.amazon.com/dp/B07TBJSZFH?tag=eloabder-20&linkCode=osi&th=1&psc=1">View Product</a></div>
<div class="product"><a href="https://www.amazon.com/dp/B0116VGHLW?tag=eloabder-20&linkCode=osi&th=1&psc=1"><img src="https://m.media-amazon.com/images/I/41sV-drwy7L._SL500_.jpg" alt="Product Image"></a><p>G2PLUS Kraft Paper Gift Tags with String,100PCS Blank Gift Tags,Christmas Gift Tags,Holiday Hangtags for Art&Craft,Gift Wrapping,Halloween(2'' x 4'')</p><p> -29% 0FF </p><p>$4.99 ($0.05 / Count)</p><a href="https://www.amazon.com/dp/B0116VGHLW?tag=eloabder-20&linkCode=osi&th=1&psc=1">View Product</a></div><div class="product"><a href="https://www.amazon.com/dp/B076CL8JMB?tag=eloabder-20&linkCode=osi&th=1&psc=1"><img src="https://m.media-amazon.com/images/I/41rBOccjjXL._SL500_.jpg" alt="Product Image"></a><p>SallyFashion 200pcs Kraft Paper Gift Tags with Free 200 Root Natural Jute Twine, Blank Gift Bags Tags Price Tags（Brown Water Ripple）</p><p> -9% 0FF </p><p>$4.99 ($0.02 / Count)</p><a href="https://www.amazon.com/dp/B076CL8JMB?tag=eloabder-20&linkCode=osi&th=1&psc=1">View Product</a></div>
<div class="product"><a href="https://www.amazon.com/dp/B07XDC7FP9?tag=eloabder-20&linkCode=osi&th=1&psc=1"><img src="https://m.media-amazon.com/images/I/41JKgogWT9L._SL500_.jpg" alt="Product Image"></a><p>Magnetic Dots - Self Adhesive Magnet Dots (0.8" x 0.8") - Classroom Must Have Peel & Stick Magnetic Circles - Flexible Sticky Magnets - Sheets is Alternative, Stickers, Strip, Magnetic Tape (120 Pcs)</p><p> -13% 0FF </p><p>$13.99</p><a href="https://www.amazon.com/dp/B07XDC7FP9?tag=eloabder-20&linkCode=osi&th=1&psc=1">View Product</a></div><div class="product"><a href="https://www.amazon.com/dp/B09BBHBZMG?tag=eloabder-20&linkCode=osi&th=1&psc=1"><img src="https://m.media-amazon.com/images/I/51kT5DaZIPL._SL500_.jpg" alt="Product Image"></a><p>Mr. Pen- Adhesive Magnetic Sheets, 4" x 6", 10 Pack, with Adhesive Backing, Flexible Picture Magnets, Cuttable Magnetic Sheets.</p><p> -41% 0FF </p><p>$5.85</p><a href="https://www.amazon.com/dp/B09BBHBZMG?tag=eloabder-20&linkCode=osi&th=1&psc=1">View Product</a></div><div class="product"><a href="https://www.amazon.com/dp/B09WCXS3NV?tag=eloabder-20&linkCode=osi&th=1&psc=1"><img src="https://m.media-amazon.com/images/I/51jUQGCcMPL._SL500_.jpg" alt="Product Image"></a><p>DIYMAG Magnetic Adhesive Sheets, |4" x 6"|, 10 Pack Cuttable, Flexible magnet sheets with adhesive for Crafts, Photos, Easy Peel and Stick</p><p> -10% 0FF </p><p>$5.38 ($0.54 / Count)</p><a href="https://www.amazon.com/dp/B09WCXS3NV?tag=eloabder-20&linkCode=osi&th=1&psc=1">View Product</a></div><div class="product"><a href="https://www.amazon.com/dp/B07V4STWPV?tag=eloabder-20&linkCode=osi&th=1&psc=1"><img src="https://m.media-amazon.com/images/I/51g56RBuH8L._SL500_.jpg" alt="Product Image"></a><p>Magnetic Sheets with Adhesive Backing - Each 4" x 6" - Flexible Magnetic Paper with Strong Self Adhesive - Sticky Magnet Sheets for Photo and Picture Magnets, Stickers and Other Craft Magnets</p><p> -33% 0FF </p><p>$5.99</p><a href="https://www.amazon.com/dp/B07V4STWPV?tag=eloabder-20&linkCode=osi&th=1&psc=1">View Product</a></div><div class="product"><a href="https://www.amazon.com/dp/B0D6R56J5T?tag=eloabder-20&linkCode=osi&th=1&psc=1"><img src="https://m.media-amazon.com/images/I/51tODUxLo4L._SL500_.jpg" alt="Product Image"></a><p>96pcs Craft Magnets Glass w Adhesive Backing and Transparent Clear Glass Cabochons DIY Craft Fridge Magnets for Whiteboard Refrigerator(Round, 48 Sets,1-Inch)</p><p> -17% 0FF </p><p>$9.99 ($0.10 / Count)</p><a href="https://www.amazon.com/dp/B0D6R56J5T?tag=eloabder-20&linkCode=osi&th=1&psc=1">View Product</a></div><div class="product"><a href="https://www.amazon.com/dp/B07V3SRKFW?tag=eloabder-20&linkCode=osi&th=1&psc=1"><img src="https://m.media-amazon.com/images/I/51HyHWF+PVL._SL500_.jpg" alt="Product Image"></a><p>Magnetic Sheets with Adhesive Backing - Each 4" x 6" - Flexible Magnetic Paper with Strong Self Adhesive - Sticky Magnet Sheets for Photo and Picture Magnets, Stickers and Other Craft Magnets</p><p> -38% 0FF </p><p>$4.99</p><a href="https://www.amazon.com/dp/B07V3SRKFW?tag=eloabder-20&linkCode=osi&th=1&psc=1">View Product</a></div>
<div class="product"><a href="https://www.amazon.com/dp/B0CP48JPCH?tag=eloabder-20&linkCode=osi&th=1&psc=1"><img src="https://m.media-amazon.com/images/I/51-IkKBja0L._SL500_.jpg" alt="Product Image"></a><p>ARTISTRO Acrylic Paint Pens, Acrylic Paint Markers, Fabric Markers for Textile, Canvas, Rock, Glass, Wood, Paper, DIY, Paint Markers for Kids and Adults (Dual Tip Dot + Fine, 24)</p><p> -50% 0FF </p><p>$9.99 ($0.42 / Count)</p><a href="https://www.amazon.com/dp/B0CP48JPCH?tag=eloabder-20&linkCode=osi&th=1&psc=1">View Product</a></div><div class="product"><a href="https://www.amazon.com/dp/B0891WKPN3?tag=eloabder-20&linkCode=osi&th=1&psc=1"><img src="https://m.media-amazon.com/images/I/51qPnBJt4QL._SL500_.jpg" alt="Product Image"></a><p>Caliart 34 Double Tip Brush Pens Art Markers, Aesthetic Cute Preppy Stuff School Supplies, Artist Fine & Brush Pen Coloring Markers for Kids Adult Book Cards Drawing Craft Kit Teacher Office Supplies</p><p> -33% 0FF </p><p>$9.99</p><a href="https://www.amazon.com/dp/B0891WKPN3?tag=eloabder-20&linkCode=osi&th=1&psc=1">View Product</a></div><div class="product"><a href="https://www.amazon.com/dp/B073XHP9N2?tag=eloabder-20&linkCode=osi&th=1&psc=1"><img src="https://m.media-amazon.com/images/I/519tKwqmbtL._SL500_.jpg" alt="Product Image"></a><p>Shuttle Art 51 Colors Dual Tip Alcohol Based Art Markers, 50 Colors plus 1 Blender Permanent Marker Pens Highlighters with Case Perfect for Illustration Adult Coloring Sketching and Card Making…</p><p> -28% 0FF </p><p>$25.99</p><a href="https://www.amazon.com/dp/B073XHP9N2?tag=eloabder-20&linkCode=osi&th=1&psc=1">View Product</a></div><div class="product"><a href="https://www.amazon.com/dp/B0BXPTLMRW?tag=eloabder-20&linkCode=osi&th=1&psc=1"><img src="https://m.media-amazon.com/images/I/51NWNk2VHnL._SL500_.jpg" alt="Product Image"></a><p>Peablce Art Markers Brush Pen, 32 Colored Pens Fine Point Highlighter Pen & Brush for Adult Kids Coloring Journaling Note Taking Planner</p><p> -36% 0FF </p><p>$6.39</p><a href="https://www.amazon.com/dp/B0BXPTLMRW?tag=eloabder-20&linkCode=osi&th=1&psc=1">View Product</a></div><div class="product"><a href="https://www.amazon.com/dp/B0CPMFV2ZF?tag=eloabder-20&linkCode=osi&th=1&psc=1"><img src="https://m.media-amazon.com/images/I/51rnUOzj7oL._SL500_.jpg" alt="Product Image"></a><p>Sharpie Acrylic Creative Markers, Bullet Tip, Vibrant Assorted Colors, Non-Bleeding Water-Based Ink, Pack of 12</p><p> -19% 0FF </p><p>$14.90</p><a href="https://www.amazon.com/dp/B0CPMFV2ZF?tag=eloabder-20&linkCode=osi&th=1&psc=1">View Product</a></div>
<div class="product"><a href="https://www.amazon.com/dp/B07XFJ5YKN?tag=eloabder-20&linkCode=osi&th=1&psc=1"><img src="https://m.media-amazon.com/images/I/31IiXY7q0uL._SL500_.jpg" alt="Product Image"></a><p>3 Pack Silicone mat Large Silicone Sheets for Crafts, Liquid, Resin Jewelry Casting Molds Mat, Silicone Placemat 15.7” x 11.8” (Blue & Rose Red & Green)</p><p> -33% 0FF </p><p>$7.99 ($2.66 / Count)</p><a href="https://www.amazon.com/dp/B07XFJ5YKN?tag=eloabder-20&linkCode=osi&th=1&psc=1">View Product</a></div>
<div class="product"><a href="https://www.amazon.com/dp/B0CYZC3TCM?tag=eloabder-20&linkCode=osi&th=1&psc=1"><img src="https://m.media-amazon.com/images/I/41vBPX7IX9L._SL500_.jpg" alt="Product Image"></a><p>Vanhench 36"x 2520" (210') Brown Kraft Paper Roll, Craft Paper, Wrapping Paper for Bulletin Board Paper Roll Art Craft Bouquet Flower Table Covering Poster Packing Shipping Moving Supplies 70GSM 55LB</p><p> -17% 0FF </p><p>$29.98 ($0.05 / Sq Ft)</p><a href="https://www.amazon.com/dp/B0CYZC3TCM?tag=eloabder-20&linkCode=osi&th=1&psc=1">View Product</a></div><div class="product"><a href="https://www.amazon.com/dp/B01HZMQJ8C?tag=eloabder-20&linkCode=osi&th=1&psc=1"><img src="https://m.media-amazon.com/images/I/41CQa4BxU7L._SL500_.jpg" alt="Product Image"></a><p>Colorations Art Paper, 9" x 12" Painting & Craft Paper, Finger Paints, Watercolor, Tempera, Drawing, Art Room & Homeschool Crafts 100 sheets</p><p> -6% 0FF </p><p>$14.99 ($0.15 / Count)</p><a href="https://www.amazon.com/dp/B01HZMQJ8C?tag=eloabder-20&linkCode=osi&th=1&psc=1">View Product</a></div>
<div class="product"><a href="https://www.amazon.com/dp/B08WHP8FX1?tag=eloabder-20&linkCode=osi&th=1&psc=1"><img src="https://m.media-amazon.com/images/I/51G7adQRmcL._SL500_.jpg" alt="Product Image"></a><p>Apple Barrel Acrylic Craft Paint Set, Matte Finish, Set of 8, 8 Fl Oz (Pack of 8), Assorted</p><p> -17% 0FF </p><p>$22.39 ($0.35 / Fl Oz)</p><a href="https://www.amazon.com/dp/B08WHP8FX1?tag=eloabder-20&linkCode=osi&th=1&psc=1">View Product</a></div><div class="product"><a href="https://www.amazon.com/dp/B08RYRW7SP?tag=eloabder-20&linkCode=osi&th=1&psc=1"><img src="https://m.media-amazon.com/images/I/51NgwH3pVpL._SL500_.jpg" alt="Product Image"></a><p>Shuttle Art Acrylic Paint Set, 25 Vintage Colours Acrylic Paints, 2oz/60ml Bottles, Rich Pigmented, Premium Acrylic Paints for Artists, Beginners and Kids on Rocks Crafts Canvas Wood Ceramic</p><p> -20% 0FF </p><p>$19.99 ($0.40 / Fl Oz)</p><a href="https://www.amazon.com/dp/B08RYRW7SP?tag=eloabder-20&linkCode=osi&th=1&psc=1">View Product</a></div>
<div class="product"><a href="https://www.amazon.com/dp/B08C5LKG4L?tag=eloabder-20&linkCode=osi&th=1&psc=1"><img src="https://m.media-amazon.com/images/I/510He-DL-US._SL500_.jpg" alt="Product Image"></a><p>12pcs Craft Hole Punch Shapes Set,Small Paper Puncher for Kids,Single Crafting Scrapbook Punches,Star,Butterfly,Leaf,Christmas Tree.Heart,Tag stamp Cards Mini Cutter Nail Arts crafts Punchers Supplies</p><p> -41% 0FF </p><p>$9.99</p><a href="https://www.amazon.com/dp/B08C5LKG4L?tag=eloabder-20&linkCode=osi&th=1&psc=1">View Product</a></div><div class="product"><a href="https://www.amazon.com/dp/B08VHGLBPT?tag=eloabder-20&linkCode=osi&th=1&psc=1"><img src="https://m.media-amazon.com/images/I/31UvXlbVq7L._SL500_.jpg" alt="Product Image"></a><p>QIQQIKIN Paper Corner Rounder 3 in 1 （R4mm+R7mm+R10mm）， Punches for Crafts， Cutter ，Envelope Punch Board ，Hole Puncher， Laminate, DIY Projects, Photo Cutter,Card Making Scrapbooking and Journaling</p><p> -54% 0FF </p><p>$5.99</p><a href="https://www.amazon.com/dp/B08VHGLBPT?tag=eloabder-20&linkCode=osi&th=1&psc=1">View Product</a></div>
<div class="product"><a href="https://www.amazon.com/dp/B08722TFPH?tag=eloabder-20&linkCode=osi&th=1&psc=1"><img src="https://m.media-amazon.com/images/I/51DqPIU5lcL._SL500_.jpg" alt="Product Image"></a><p>LIUYAXI 20 Colors 100 Yard Satin Ribbon Fabric Ribbon Silk Ribbon Assorted Colors Rolls, 2/5" Wide 5 Yard/Roll, Ribbons Perfect for Gift Wrapping,Crafts, Hair Bows, Wedding Party Decoration and More</p><p> -20% 0FF </p><p>$6.39 ($0.02 / Foot)</p><a href="https://www.amazon.com/dp/B08722TFPH?tag=eloabder-20&linkCode=osi&th=1&psc=1">View Product</a></div><div class="product"><a href="https://www.amazon.com/dp/B09VD664SF?tag=eloabder-20&linkCode=osi&th=1&psc=1"><img src="https://m.media-amazon.com/images/I/416ujI6fREL._SL500_.jpg" alt="Product Image"></a><p>YASEO 1 Inch Champaign Gold Solid Satin Ribbon, 50 Yards Craft Fabric Ribbon for Gift Wrapping Floral Bouquets Wedding Party Decoration</p><p> -15% 0FF </p><p>$6.79 ($0.05 / Foot)</p><a href="https://www.amazon.com/dp/B09VD664SF?tag=eloabder-20&linkCode=osi&th=1&psc=1">View Product</a></div><div class="product"><a href="https://www.amazon.com/dp/B0999BWTRD?tag=eloabder-20&linkCode=osi&th=1&psc=1"><img src="https://m.media-amazon.com/images/I/31y0rlK1bIL._SL500_.jpg" alt="Product Image"></a><p>Vitalizart Handmade Chiffon Silk Ribbon Fringe Green & Cream 1.5" x 21 Yd Frayed Edges Ribbons for Wedding Invitations Bridal Bouquets Gifts Wrapping Crafts Holiday Party Decorations</p><p> -21% 0FF </p><p>$14.99 ($0.24 / Foot)</p><a href="https://www.amazon.com/dp/B0999BWTRD?tag=eloabder-20&linkCode=osi&th=1&psc=1">View Product</a></div><div class="product"><a href="https://www.amazon.com/dp/B0CS59KQ52?tag=eloabder-20&linkCode=osi&th=1&psc=1"><img src="https://m.media-amazon.com/images/I/41JGsqqFc0L._SL500_.jpg" alt="Product Image"></a><p>Ribbli Pink Satin Ribbon 3/8 Inch x 4 Rolls Total 40 Yards- White/Light Pink/Pink/Hot Pink Ribbon for Gift Wrapping Craft Wedding Decoration</p><p> -29% 0FF </p><p>$9.99 ($0.08 / Foot)</p><a href="https://www.amazon.com/dp/B0CS59KQ52?tag=eloabder-20&linkCode=osi&th=1&psc=1">View Product</a></div>
<div class="product"><a href="https://www.amazon.com/dp/B07FDV6NN3?tag=eloabder-20&linkCode=osi&th=1&psc=1"><img src="https://m.media-amazon.com/images/I/41cwit3vbXL._SL500_.jpg" alt="Product Image"></a><p>Juvale Wooden Rings for Crafts, Macrame, Crochet, Jewelry Making, Natural Unfinished 3 Inch Wood Rings (75mm, 30 Pack)</p><p> -13% 0FF </p><p>$16.49</p><a href="https://www.amazon.com/dp/B07FDV6NN3?tag=eloabder-20&linkCode=osi&th=1&psc=1">View Product</a></div><div class="product"><a href="https://www.amazon.com/dp/B0CLXW96T8?tag=eloabder-20&linkCode=osi&th=1&psc=1"><img src="https://m.media-amazon.com/images/I/41U4yOgr+XL._SL500_.jpg" alt="Product Image"></a><p>50 PCS 50mm Unfinished Wooden Rings for Craft, Nature Solid Wood Rings for DIY Crafts Without Paint, Macrame Wooden Rings for Ring Pendant and Connectors Jewelry Making</p><p> -50% 0FF </p><p>$4.49</p><a href="https://www.amazon.com/dp/B0CLXW96T8?tag=eloabder-20&linkCode=osi&th=1&psc=1">View Product</a></div><div class="product"><a href="https://www.amazon.com/dp/B09BLCGGQH?tag=eloabder-20&linkCode=osi&th=1&psc=1"><img src="https://m.media-amazon.com/images/I/41khWby2u3L._SL500_.jpg" alt="Product Image"></a><p>Mr. Pen- Wooden Rings, 2.7", 10 Pack, Wooden Rings for Crafts, Wood Rings, Macrame Rings, Wood Rings for Crafts, Wooden Ring, Wooden Rings for Macrame, Craft Rings, Wood Ring, Wood Teething Ring</p><p> -30% 0FF </p><p>$6.95</p><a href="https://www.amazon.com/dp/B09BLCGGQH?tag=eloabder-20&linkCode=osi&th=1&psc=1">View Product</a></div>
<div class="product"><a href="https://www.amazon.com/dp/B072RV8SC7?tag=eloabder-20&linkCode=osi&th=1&psc=1"><img src="https://m.media-amazon.com/images/I/31dSkcEq21L._SL500_.jpg" alt="Product Image"></a><p>Westcott 5" Micro-Tip Craft Scissors with Titanium-Bonded Blades for Crafting, Sewing & More</p><p> -53% 0FF </p><p>$7.50</p><a href="https://www.amazon.com/dp/B072RV8SC7?tag=eloabder-20&linkCode=osi&th=1&psc=1">View Product</a></div><div class="product"><a href="https://www.amazon.com/dp/B07H4N8DL9?tag=eloabder-20&linkCode=osi&th=1&psc=1"><img src="https://m.media-amazon.com/images/I/41qf77NvDqL._SL500_.jpg" alt="Product Image"></a><p>Scissors Bulk Set of 5-Pack, Niutop 8" Multipurpose Sharp Sewing Craft Fabric Scissors for Office Home High/Middle School Student Office Teacher Art Supplies, Soft Comfort-Grip Right/Left Handles</p><p> -31% 0FF </p><p>$6.89 ($1.38 / Count)</p><a href="https://www.amazon.com/dp/B07H4N8DL9?tag=eloabder-20&linkCode=osi&th=1&psc=1">View Product</a></div><div class="product"><a href="https://www.amazon.com/dp/B0CFJNX6DR?tag=eloabder-20&linkCode=osi&th=1&psc=1"><img src="https://m.media-amazon.com/images/I/41MtlRnWlwL._SL500_.jpg" alt="Product Image"></a><p>Mr. Pen- Craft Scissors Decorative Edge, 6 Pack, Craft Scissors, Zig Zag Scissors, Decorative Scissors, Scrapbooking Scissors, Fancy Scissors, Scissors for Crafting, Pattern Scissors, Design Scissors</p><p> -21% 0FF </p><p>$7.85</p><a href="https://www.amazon.com/dp/B0CFJNX6DR?tag=eloabder-20&linkCode=osi&th=1&psc=1">View Product</a></div><div class="product"><a href="https://www.amazon.com/dp/B079L16LN6?tag=eloabder-20&linkCode=osi&th=1&psc=1"><img src="https://m.media-amazon.com/images/I/31XwkWsWIrS._SL500_.jpg" alt="Product Image"></a><p>LIVINGO Premium Tailor Scissors Heavy Duty Multi-Purpose Titanium Coating Forged Stainless Steel Sewing Fabric Leather Dressmaking Comfort Grip Shears Professional Crafting (9.5 INCH)</p><p> -30% 0FF </p><p>$13.99</p><a href="https://www.amazon.com/dp/B079L16LN6?tag=eloabder-20&linkCode=osi&th=1&psc=1">View Product</a></div><div class="product"><a href="https://www.amazon.com/dp/B001KYQP22?tag=eloabder-20&linkCode=osi&th=1&psc=1"><img src="https://m.media-amazon.com/images/I/31Cg9f0+hkL._SL500_.jpg" alt="Product Image"></a><p>Scotch 6" Precision Scissors, Great for Everyday Use (1446)</p><p> -21% 0FF </p><p>$4.94</p><a href="https://www.amazon.com/dp/B001KYQP22?tag=eloabder-20&linkCode=osi&th=1&psc=1">View Product</a></div><div class="product"><a href="https://www.amazon.com/dp/B07H4LTQ1D?tag=eloabder-20&linkCode=osi&th=1&psc=1"><img src="https://m.media-amazon.com/images/I/41Nhiysl2XL._SL500_.jpg" alt="Product Image"></a><p>LIVINGO 2 Pack 8" Titanium Non-Stick Scissors, Professional Stainless Steel Comfort Grip, All-Purpose, Straight Office Craft Scissors for DIY(Red/Black)</p><p> -50% 0FF </p><p>$9.99</p><a href="https://www.amazon.com/dp/B07H4LTQ1D?tag=eloabder-20&linkCode=osi&th=1&psc=1">View Product</a></div>
<div class="product"><a href="https://www.amazon.com/dp/B072JW6NQT?tag=eloabder-20&linkCode=osi&th=1&psc=1"><img src="https://m.media-amazon.com/images/I/61uY6781clL._SL500_.jpg" alt="Product Image"></a><p>260 Pieces Colorful Glitter Foam Stickers Self Adhesive Stars Mini Heart Shapes Glitter Stickers, Kid's Arts Craft Supplies Greeting Cards Home Decoration Stars&Heart Shapes</p><p> -33% 0FF </p><p>$6.74 ($0.03 / Count)</p><a href="https://www.amazon.com/dp/B072JW6NQT?tag=eloabder-20&linkCode=osi&th=1&psc=1">View Product</a></div><div class="product"><a href="https://www.amazon.com/dp/B00290N4NY?tag=eloabder-20&linkCode=osi&th=1&psc=1"><img src="https://m.media-amazon.com/images/I/41hejL-+6qL._SL500_.jpg" alt="Product Image"></a><p>Creative Arts by Charles Leonard Foam Shapes, Assorted Colors, 264 Pieces/Bag (70526)</p><p> -7% 0FF </p><p>$7.10</p><a href="https://www.amazon.com/dp/B00290N4NY?tag=eloabder-20&linkCode=osi&th=1&psc=1">View Product</a></div><div class="product"><a href="https://www.amazon.com/dp/B09KG4RZ6J?tag=eloabder-20&linkCode=osi&th=1&psc=1"><img src="https://m.media-amazon.com/images/I/415lhoEhZ4L._SL500_.jpg" alt="Product Image"></a><p>100PCS Unfinished Blank Wood Pieces, 4 x 4 Inch Natural Wooden Slices Star & Heart Shape Cutouts for DIY Crafts Pyrograph Painting Staining Burning Engraving Carving Coasters</p><p> -50% 0FF </p><p>$9.49</p><a href="https://www.amazon.com/dp/B09KG4RZ6J?tag=eloabder-20&linkCode=osi&th=1&psc=1">View Product</a></div><div class="product"><a href="https://www.amazon.com/dp/B000F8V6BY?tag=eloabder-20&linkCode=osi&th=1&psc=1"><img src="https://m.media-amazon.com/images/I/41pWKfVnCpL._SL500_.jpg" alt="Product Image"></a><p>Creativity Street Natural Wood Shapes - 1000 Piece Assortment</p><p> -48% 0FF </p><p>$19.99</p><a href="https://www.amazon.com/dp/B000F8V6BY?tag=eloabder-20&linkCode=osi&th=1&psc=1">View Product</a></div>
<div class="product"><a href="https://www.amazon.com/dp/B0C8T7G5PX?tag=eloabder-20&linkCode=osi&th=1&psc=1"><img src="https://m.media-amazon.com/images/I/61Uk3mYLt1L._SL500_.jpg" alt="Product Image"></a><p>120Pcs Vintage Stickers, Waterproof Scrapbook Aesthetic Sticker, Daily Planner, Water Bottles, Handbook Junk Diary Stickers Teens Adults, Scrapbooking Supplies for DIY Paper Crafts</p><p> -44% 0FF </p><p>$4.49 ($0.04 / Count)</p><a href="https://www.amazon.com/dp/B0C8T7G5PX?tag=eloabder-20&linkCode=osi&th=1&psc=1">View Product</a></div><div class="product"><a href="https://www.amazon.com/dp/B09C8HTDWP?tag=eloabder-20&linkCode=osi&th=1&psc=1"><img src="https://m.media-amazon.com/images/I/61CXW4fAMYL._SL500_.jpg" alt="Product Image"></a><p>Knaid Vintage Scrapbook Supplies Pack (200 Pieces) for Junk Journal Bullet Journals Planners Botanical Paper Stickers Craft Kits Aesthetic Cottagecore Collage Album (Nature)</p><p> -38% 0FF </p><p>$7.99 ($0.04 / Count)</p><a href="https://www.amazon.com/dp/B09C8HTDWP?tag=eloabder-20&linkCode=osi&th=1&psc=1">View Product</a></div><div class="product"><a href="https://www.amazon.com/dp/B07C3C55WD?tag=eloabder-20&linkCode=osi&th=1&psc=1"><img src="https://m.media-amazon.com/images/I/415xE6CNe-L._SL500_.jpg" alt="Product Image"></a><p>Lependor Black White Eye Stickers Labels -2000 Pcs Per Roll</p><p> -14% 0FF </p><p>$5.98</p><a href="https://www.amazon.com/dp/B07C3C55WD?tag=eloabder-20&linkCode=osi&th=1&psc=1">View Product</a></div>
<div class="product"><a href="https://www.amazon.com/dp/B07C8YSWDR?tag=eloabder-20&linkCode=osi&th=1&psc=1"><img src="https://m.media-amazon.com/images/I/21NSnmeygVL._SL500_.jpg" alt="Product Image"></a><p>novelinks Transparent 4" x 6" Photo Cases and Clear Craft Keeper with Handle - 16 Inner Cases Plastic Storage Container Box (Clear)</p><p> -31% 0FF </p><p>$24.99</p><a href="https://www.amazon.com/dp/B07C8YSWDR?tag=eloabder-20&linkCode=osi&th=1&psc=1">View Product</a></div><div class="product"><a href="https://www.amazon.com/dp/B00FZVPWO8?tag=eloabder-20&linkCode=osi&th=1&psc=1"><img src="https://m.media-amazon.com/images/I/41RO8A3v88L._SL500_.jpg" alt="Product Image"></a><p>IRIS USA Plastic Pencil Case Box Craft Hobby Art School Supply Storage Organizer Container with Latching Lid, 10-Pack, for Bead Pens Ribbons Wahi Tape Sticker Yarn Ornaments, Stackable, Clear, Small</p><p> -9% 0FF </p><p>$14.63 ($1.46 / Count)</p><a href="https://www.amazon.com/dp/B00FZVPWO8?tag=eloabder-20&linkCode=osi&th=1&psc=1">View Product</a></div><div class="product"><a href="https://www.amazon.com/dp/B0C8RXPQH5?tag=eloabder-20&linkCode=osi&th=1&psc=1"><img src="https://m.media-amazon.com/images/I/417+DSY9kaL._SL500_.jpg" alt="Product Image"></a><p>IRIS USA Plastic Storage Bins with Removable Tray for Organizing 9.4 Qt. Craft Organizers and Storage with Handle, Art Supply Storage Organizer, Arts and Crafts Organizer, Clear/Violet</p><p> -10% 0FF </p><p>$17.99</p><a href="https://www.amazon.com/dp/B0C8RXPQH5?tag=eloabder-20&linkCode=osi&th=1&psc=1">View Product</a></div><div class="product"><a href="https://www.amazon.com/dp/B07PW3Z5K6?tag=eloabder-20&linkCode=osi&th=1&psc=1"><img src="https://m.media-amazon.com/images/I/41-0CvaNdfL._SL500_.jpg" alt="Product Image"></a><p>OUTUXED 2pack 36 Grids Clear Plastic Organizer Box Container Craft Storage with Adjustable Dividers for Beads Organizer Art DIY Crafts Jewelry Fishing Tackles with 5 Sheets Label Stickers</p><p> -22% 0FF </p><p>$13.99 ($7.00 / Count)</p><a href="https://www.amazon.com/dp/B07PW3Z5K6?tag=eloabder-20&linkCode=osi&th=1&psc=1">View Product</a></div>
<div class="product"><a href="https://www.amazon.com/dp/B0C77HVR5G?tag=eloabder-20&linkCode=osi&th=1&psc=1"><img src="https://m.media-amazon.com/images/I/61ObPp2RlRL._SL500_.jpg" alt="Product Image"></a><p>Selizo 12 Rolls Nylon String for Bracelets, Chinese Knotting Nylon Cord for Jewelry Making, Nylon Beading Thread for Kumihimo, Braided Bracelets, Necklaces, Macrame Craft, Wind Chime</p><p> -7% 0FF </p><p>$12.99 ($0.02 / Foot)</p><a href="https://www.amazon.com/dp/B0C77HVR5G?tag=eloabder-20&linkCode=osi&th=1&psc=1">View Product</a></div><div class="product"><a href="https://www.amazon.com/dp/B0CJT9N6NY?tag=eloabder-20&linkCode=osi&th=1&psc=1"><img src="https://m.media-amazon.com/images/I/51FnHCLGgzL._SL500_.jpg" alt="Product Image"></a><p>50 Skeins Embroidery Floss Rainbow Color Per Pack Cross Stitch Threads Friendship Bracelets Floss Crafts Floss (50)</p><p> -50% 0FF </p><p>$4.99</p><a href="https://www.amazon.com/dp/B0CJT9N6NY?tag=eloabder-20&linkCode=osi&th=1&psc=1">View Product</a></div>
<div class="product"><a href="https://www.amazon.com/dp/B089T7PX27?tag=eloabder-20&linkCode=osi&th=1&psc=1"><img src="https://m.media-amazon.com/images/I/41aDJyks7kL._SL500_.jpg" alt="Product Image"></a><p>Crayola Air Dry Clay (5lbs), Natural White Modeling Clay for Kids, Sculpting Material, Bulk Craft Supplies for School Classrooms [Amazon Exclusive]</p><p> -18% 0FF </p><p>$10.62</p><a href="https://www.amazon.com/dp/B089T7PX27?tag=eloabder-20&linkCode=osi&th=1&psc=1">View Product</a></div><div class="product"><a href="https://www.amazon.com/dp/B09HBVBSMS?tag=eloabder-20&linkCode=osi&th=1&psc=1"><img src="https://m.media-amazon.com/images/I/51jD0QyqmfL._SL500_.jpg" alt="Product Image"></a><p>445 PCS Vintage Scrapbook Paper Journaling Scrapbooking Supplies Kit Aesthetic Decorative Craft Paper include 40 Sheet Flowers Stickers for Planner, Bullet Journaling, Junk Journal, Retro Crafts</p><p> -16% 0FF </p><p>$10.07 ($10.07 / Count)</p><a href="https://www.amazon.com/dp/B09HBVBSMS?tag=eloabder-20&linkCode=osi&th=1&psc=1">View Product</a></div><div class="product"><a href="https://www.amazon.com/dp/B092CMPBPW?tag=eloabder-20&linkCode=osi&th=1&psc=1"><img src="https://m.media-amazon.com/images/I/41bjib63eGL._SL500_.jpg" alt="Product Image"></a><p>KTOJOY 100Pcs Jumbo Wooden Craft Sticks Popsicle Stick 6” Long x 3/4”Wide Treat Ice Pop for DIY Crafts，Home Art Projects, Classroom Supplies</p><p> -29% 0FF </p><p>$4.99</p><a href="https://www.amazon.com/dp/B092CMPBPW?tag=eloabder-20&linkCode=osi&th=1&psc=1">View Product</a></div><div class="product"><a href="https://www.amazon.com/dp/B01LWIYJH3?tag=eloabder-20&linkCode=osi&th=1&psc=1"><img src="https://m.media-amazon.com/images/I/51YUb9W2RZL._SL500_.jpg" alt="Product Image"></a><p>DECORA 500 Pieces 6mm -12mm Black Wiggle Googly Eyes with Self-Adhesive Backs for DIY Crafts Doll Making Sewing Supplies</p><p> -50% 0FF </p><p>$4.99</p><a href="https://www.amazon.com/dp/B01LWIYJH3?tag=eloabder-20&linkCode=osi&th=1&psc=1">View Product</a></div>
<div class="product"><a href="https://www.amazon.com/dp/B0BM4YBN63?tag=eloabder-20&linkCode=osi&th=1&psc=1"><img src="https://m.media-amazon.com/images/I/418RLJhy9mL._SL500_.jpg" alt="Product Image"></a><p>Best Choice Products Large Folding Sewing Table, Multipurpose Portable Craft Station & Side Desk w/Compact Design, Caster Wheels, Storage Shelves, 2 Storage Trays, Magnetic Doors - White</p><p> -24% 0FF </p><p>$144.98</p><a href="https://www.amazon.com/dp/B0BM4YBN63?tag=eloabder-20&linkCode=osi&th=1&psc=1">View Product</a></div><div class="product"><a href="https://www.amazon.com/dp/B0B96X3JT2?tag=eloabder-20&linkCode=osi&th=1&psc=1"><img src="https://m.media-amazon.com/images/I/31BtnYvgAuL._SL500_.jpg" alt="Product Image"></a><p>MELLCOM Height Adjustable Craft Table with Storage Shelves, Mobile Folding Cutting Table for Large Fabric, Foldable Table for Home Office Sewing Room Craft Room</p><p> -13% 0FF </p><p>$147.14</p><a href="https://www.amazon.com/dp/B0B96X3JT2?tag=eloabder-20&linkCode=osi&th=1&psc=1">View Product</a></div><div class="product"><a href="https://www.amazon.com/dp/B08GHGQP6T?tag=eloabder-20&linkCode=osi&th=1&psc=1"><img src="https://m.media-amazon.com/images/I/41vrF5yi4VL._SL500_.jpg" alt="Product Image"></a><p>Best Choice Products Folding Sewing Table Multipurpose Craft Station & Side Desk with Compact Design, Wheels, Shelves, Storage Trays, Pegs, Magnetic Doors, Metal Doorknobs - White</p><p> -8% 0FF </p><p>$109.99</p><a href="https://www.amazon.com/dp/B08GHGQP6T?tag=eloabder-20&linkCode=osi&th=1&psc=1">View Product</a></div><div class="product"><a href="https://www.amazon.com/dp/B0B6CNQQ5R?tag=eloabder-20&linkCode=osi&th=1&psc=1"><img src="https://m.media-amazon.com/images/I/41OGnJvFoBL._SL500_.jpg" alt="Product Image"></a><p>Giantex Craft Table with Storage, Artwork Sewing Table with 10 Large & Small Storage Compartments, 2 Sliding Drawer and 2 Shelves, 53inch Craft Drafting Writing Sewing Station Desk, White</p><p> -17% 0FF </p><p>$199.99</p><a href="https://www.amazon.com/dp/B0B6CNQQ5R?tag=eloabder-20&linkCode=osi&th=1&psc=1">View Product</a></div>
<div class="product"><a href="https://www.amazon.com/dp/B091FD53S7?tag=eloabder-20&linkCode=osi&th=1&psc=1"><img src="https://m.media-amazon.com/images/I/31tC6uNvagL._SL500_.jpg" alt="Product Image"></a><p>Craftzilla Colored Masking Tape - 11 Roll Multi-Pack, 825 Ft x 1 in Colorful Craft Tape – Vibrant Rainbow Colored Painters Tape – Great for Arts & Crafts, Labeling and Color-Coding</p><p> -23% 0FF </p><p>$21.44 ($1.95 / Count)</p><a href="https://www.amazon.com/dp/B091FD53S7?tag=eloabder-20&linkCode=osi&th=1&psc=1">View Product</a></div><div class="product"><a href="https://www.amazon.com/dp/B08L5PB8N6?tag=eloabder-20&linkCode=osi&th=1&psc=1"><img src="https://m.media-amazon.com/images/I/51GHDoUpNYL._SL500_.jpg" alt="Product Image"></a><p>Mr. Pen- Washi Tape Set, 21 Rolls, Decorative Cute Floral Washi Tape for Bible Journaling, Bullet Journal Supplies</p><p> -36% 0FF </p><p>$6.99</p><a href="https://www.amazon.com/dp/B08L5PB8N6?tag=eloabder-20&linkCode=osi&th=1&psc=1">View Product</a></div><div class="product"><a href="https://www.amazon.com/dp/B07G5TRF4R?tag=eloabder-20&linkCode=osi&th=1&psc=1"><img src="https://m.media-amazon.com/images/I/411vF809PnL._SL500_.jpg" alt="Product Image"></a><p>JONYEE Colored Masking Tape, Colored Painters Tape for Arts & Crafts, Labeling or Coding - Art Supplies for Kids - 6 Different Color Rolls - Masking Tape 1 Inch x 13 Yards (2.4cm X 12m)</p><p> -42% 0FF </p><p>$7.59 ($0.03 / Foot)</p><a href="https://www.amazon.com/dp/B07G5TRF4R?tag=eloabder-20&linkCode=osi&th=1&psc=1">View Product</a></div>
<div class="product"><a href="https://www.amazon.com/dp/B09XR1XBWG?tag=eloabder-20&linkCode=osi&th=1&psc=1"><img src="https://m.media-amazon.com/images/I/31h+RS-Nv6L._SL500_.jpg" alt="Product Image"></a><p>10PCS 7mil Blank Mylar Stencil Sheets,12X12 inch Milky Translucent PET Blank Stencils Sheets,Template Material for Cutting Machines, Laser Cutting, Food-Safe Craft Plastic</p><p> -11% 0FF </p><p>$7.99</p><a href="https://www.amazon.com/dp/B09XR1XBWG?tag=eloabder-20&linkCode=osi&th=1&psc=1">View Product</a></div><div class="product"><a href="https://www.amazon.com/dp/B08VF9WZ5V?tag=eloabder-20&linkCode=osi&th=1&psc=1"><img src="https://m.media-amazon.com/images/I/514BzvTuTAL._SL500_.jpg" alt="Product Image"></a><p>Boutique Calligraphy Stencil Template Kit - 45 Reusable Pieces Includes Lettering Upper and Lowercase both Large Small, Numbers, Punctuation, Laurels Flowers For Arts Crafts Painting Wood</p><p> -23% 0FF </p><p>$22.99</p><a href="https://www.amazon.com/dp/B08VF9WZ5V?tag=eloabder-20&linkCode=osi&th=1&psc=1">View Product</a></div><div class="product"><a href="https://www.amazon.com/dp/B0BYCQ7L8Y?tag=eloabder-20&linkCode=osi&th=1&psc=1"><img src="https://m.media-amazon.com/images/I/41ZW6Pj+rUL._SL500_.jpg" alt="Product Image"></a><p>Tamaki Circle Template Circle Round Stencil Templates for Drafting for Office and School Building Formwork Drawings Templates, Large and Small Size, 3 Pack</p><p> -22% 0FF </p><p>$6.99</p><a href="https://www.amazon.com/dp/B0BYCQ7L8Y?tag=eloabder-20&linkCode=osi&th=1&psc=1">View Product</a></div>
<div class="product"><a href="https://www.amazon.com/dp/B001AH5EXK?tag=eloabder-20&linkCode=osi&th=1&psc=1"><img src="https://m.media-amazon.com/images/I/417030sMkFL._SL500_.jpg" alt="Product Image"></a><p>Surebonder Cordless Hot Glue Gun, High Temperature, Full Size, 60W, 50% More Power - Sturdily Bonds Metal, Wood, Ceramics, Leather & Other Strong Materials (Specialty Series CL-800F)</p><p> -46% 0FF </p><p>$12.40</p><a href="https://www.amazon.com/dp/B001AH5EXK?tag=eloabder-20&linkCode=osi&th=1&psc=1">View Product</a></div><div class="product"><a href="https://www.amazon.com/dp/B08H528HCX?tag=eloabder-20&linkCode=osi&th=1&psc=1"><img src="https://m.media-amazon.com/images/I/51DP2NKuq1L._SL500_.jpg" alt="Product Image"></a><p>Jewelry Pliers, Acejoz 6pcs Jewelry Making Tools Kit Includs Needle Round Nose Pliers, Wire Cutters, Crimping Pliers, Bent Nose Pliers, End Nippers for Beading Craft</p><p> -6% 0FF </p><p>$16.99</p><a href="https://www.amazon.com/dp/B08H528HCX?tag=eloabder-20&linkCode=osi&th=1&psc=1">View Product</a></div>

<div class="product"><a href="https://www.amazon.com/dp/B0BLV5S1HV?tag=eloabder-20&linkCode=osi&th=1&psc=1"><img src="https://m.media-amazon.com/images/I/51fXn6Tp3wL._SL500_.jpg" alt="Product Image"></a><p>30 Pack Basswood Sheets 12"x12"x1/8", 3mm Basswood for Laser Cutting, Thin Plywood Board Unfinished Wood for Crafts, DIY Architectural Models Making, Wood Engraving, Wood Burning Product.</p><p> -18% 0FF </p><p>$32.89</p><a href="https://www.amazon.com/dp/B0BLV5S1HV?tag=eloabder-20&linkCode=osi&th=1&psc=1">View Product</a></div><div class="product"><a href="https://www.amazon.com/dp/B083TT4XVN?tag=eloabder-20&linkCode=osi&th=1&psc=1"><img src="https://m.media-amazon.com/images/I/41QMxzlQglL._SL500_.jpg" alt="Product Image"></a><p>6" Jumbo Wood Craft Sticks - Pack of 1,000</p><p> -8% 0FF </p><p>$15.61 ($0.02 / Count)</p><a href="https://www.amazon.com/dp/B083TT4XVN?tag=eloabder-20&linkCode=osi&th=1&psc=1">View Product</a></div>
<div class="product"><a href="https://www.amazon.com/dp/B08QZ69GJM?tag=eloabder-20&linkCode=osi&th=1&psc=1"><img src="https://m.media-amazon.com/images/I/51zjX4hictL._SL500_.jpg" alt="Product Image"></a><p>Polymer Clay 50 Colors, Modeling Clay for Kids DIY Starter Kits, Oven Baked Model Clay, Non-Sticky Molding Clay with Sculpting Tools, Gift for Children and Artists (50 Colors A)</p><p> -27% 0FF </p><p>$21.99</p><a href="https://www.amazon.com/dp/B08QZ69GJM?tag=eloabder-20&linkCode=osi&th=1&psc=1">View Product</a></div><div class="product"><a href="https://www.amazon.com/dp/B093P5QK9B?tag=eloabder-20&linkCode=osi&th=1&psc=1"><img src="https://m.media-amazon.com/images/I/51N0pYvtv-L._SL500_.jpg" alt="Product Image"></a><p>FlyFlag Air Dry Clay Kit - 36 Colors, Soft & Ultra Light, Modeling Clay for Kids with Accessories, Tools and Tutorials</p><p> -29% 0FF </p><p>$16.98</p><a href="https://www.amazon.com/dp/B093P5QK9B?tag=eloabder-20&linkCode=osi&th=1&psc=1">View Product</a></div><div class="product"><a href="https://www.amazon.com/dp/B0CRD3HNHT?tag=eloabder-20&linkCode=osi&th=1&psc=1"><img src="https://m.media-amazon.com/images/I/51THopNyk-L._SL500_.jpg" alt="Product Image"></a><p>CiaraQ Polymer Clay 51 Colors, Modeling Clay for Kids, Oven Bake Clay with Sculpting Tools, Non Toxic, Ideal for Sculpture, Crafting, DIY Projects. (Assorted Colors, 0.7oz/Colors)</p><p> -44% 0FF </p><p>$16.79</p><a href="https://www.amazon.com/dp/B0CRD3HNHT?tag=eloabder-20&linkCode=osi&th=1&psc=1">View Product</a></div>
<div class="product"><a href="https://www.amazon.com/dp/B07ZGFK411?tag=eloabder-20&linkCode=osi&th=1&psc=1"><img src="https://m.media-amazon.com/images/I/41e3h9sXdtL._SL500_.jpg" alt="Product Image"></a><p>Shynek Jewelry Pliers, 3pcs, Tools with Needle/Chain Nose Pliers, Round Nose Pliers and Wire Cutter for Jewelry Repair, Wire Wrapping, Crafts, Jewelry Making Supplies</p><p> -11% 0FF </p><p>$7.99</p><a href="https://www.amazon.com/dp/B07ZGFK411?tag=eloabder-20&linkCode=osi&th=1&psc=1">View Product</a></div><div class="product"><a href="https://www.amazon.com/dp/B0B8QBVXXR?tag=eloabder-20&linkCode=osi&th=1&psc=1"><img src="https://m.media-amazon.com/images/I/31SXtqvQA8L._SL500_.jpg" alt="Product Image"></a><p>WORKPRO Jewelry Pliers Set, 3 Pack Jewelry Making Tool Kit Includes Mini Needle Nose Pliers/Chain Nose Pliers, Round Nose Pliers and Wire Cutter for Jewelry Repair, DIY Crafts, Jewelry Making Supplies</p><p> -31% 0FF </p><p>$8.99</p><a href="https://www.amazon.com/dp/B0B8QBVXXR?tag=eloabder-20&linkCode=osi&th=1&psc=1">View Product</a></div><div class="product"><a href="https://www.amazon.com/dp/B0CYPCD5KS?tag=eloabder-20&linkCode=osi&th=1&psc=1"><img src="https://m.media-amazon.com/images/I/41ojIhg30DL._SL500_.jpg" alt="Product Image"></a><p>4 Pack Jewelry Making Pliers Tools Set, Jewelry Pliers with Needle Nose Pliers, Round Nose Pliers, Bent Nose Pliers, Wire Jewelry Pliers for Jewelry Craft Making Repair Supplies</p><p> -11% 0FF </p><p>$7.88</p><a href="https://www.amazon.com/dp/B0CYPCD5KS?tag=eloabder-20&linkCode=osi&th=1&psc=1">View Product</a></div>
<div class="product"><a href="https://www.amazon.com/dp/B08NY4HWVH?tag=eloabder-20&linkCode=osi&th=1&psc=1"><img src="https://m.media-amazon.com/images/I/41qHSFWo+AL._SL500_.jpg" alt="Product Image"></a><p>Fansunta 100pcs 15.7x0.35 Inch Strong Natural Bamboo Sticks, Wooden Craft Sticks, Extra Long Sticks, Wood Strips for Craft Projects</p><p> -13% 0FF </p><p>$11.99</p><a href="https://www.amazon.com/dp/B08NY4HWVH?tag=eloabder-20&linkCode=osi&th=1&psc=1">View Product</a></div><div class="product"><a href="https://www.amazon.com/dp/B00W68CVEW?tag=eloabder-20&linkCode=osi&th=1&psc=1"><img src="https://m.media-amazon.com/images/I/41EtWBlJWXL._SL500_.jpg" alt="Product Image"></a><p>KOLE IMPORTS Skinny Natural Wood Craft Sticks</p><p> -12% 0FF </p><p>$4.38</p><a href="https://www.amazon.com/dp/B00W68CVEW?tag=eloabder-20&linkCode=osi&th=1&psc=1">View Product</a></div><div class="product"><a href="https://www.amazon.com/dp/B08XQQ69WD?tag=eloabder-20&linkCode=osi&th=1&psc=1"><img src="https://m.media-amazon.com/images/I/51yd67LjFaS._SL500_.jpg" alt="Product Image"></a><p>HOPELF 25PCS Dowel Rods Wood Sticks Wooden Dowel Rods - 1/4 x 12 Inch Bamboo Sticks - for Crafts，Hardwood Dowel Rod Assortment，Wooden Rod Sticks Doweling Rods， Cake Dowels and DIYers.</p><p> -9% 0FF </p><p>$4.99</p><a href="https://www.amazon.com/dp/B08XQQ69WD?tag=eloabder-20&linkCode=osi&th=1&psc=1">View Product</a></div><div class="product"><a href="https://www.amazon.com/dp/B081R25K4S?tag=eloabder-20&linkCode=osi&th=1&psc=1"><img src="https://m.media-amazon.com/images/I/41vxFW4BIvL._SL500_.jpg" alt="Product Image"></a><p>Perfect Stix - PS-114st-1,000 4.5" Craft Sticks/ Ice Cream Sticks/ Natural Wood - Box of 1,000ct</p><p> -6% 0FF </p><p>$13.15</p><a href="https://www.amazon.com/dp/B081R25K4S?tag=eloabder-20&linkCode=osi&th=1&psc=1">View Product</a></div><div class="product"><a href="https://www.amazon.com/dp/B0BLYTVS2T?tag=eloabder-20&linkCode=osi&th=1&psc=1"><img src="https://m.media-amazon.com/images/I/51+kkj4MnOL._SL500_.jpg" alt="Product Image"></a><p>150 Pcs Dowel Rods, 1/8 x 12 Inch Wooden Dowels Craft Wood Sticks Unfinished Natural Bamboo Sticks for Flower Bouquet Crafts and DIYers</p><p> -11% 0FF </p><p>$7.99</p><a href="https://www.amazon.com/dp/B0BLYTVS2T?tag=eloabder-20&linkCode=osi&th=1&psc=1">View Product</a></div>

<div class="product"><a href="https://www.amazon.com/dp/B09QXCP828?tag=eloabder-20&linkCode=osi&th=1&psc=1"><img src="https://m.media-amazon.com/images/I/61SVk6IlsmL._SL500_.jpg" alt="Product Image"></a><p>66 Pcs Small Stencils for Painting on Wood 3 Inch Reusable Fall Stencils Flower Animal Deer Bear Butterfly Bird Mountain Themed DIY Craft Template Paint Stencils for Wall Home Decor</p><p> -17% 0FF </p><p>$9.99</p><a href="https://www.amazon.com/dp/B09QXCP828?tag=eloabder-20&linkCode=osi&th=1&psc=1">View Product</a></div>
<div class="product"><a href="https://www.amazon.com/dp/B0019NBZQK?tag=eloabder-20&linkCode=osi&th=1&psc=1"><img src="https://m.media-amazon.com/images/I/41+u+qzqb3L._SL500_.jpg" alt="Product Image"></a><p>Excel Blades 44283 Craftsman Hobby Knife Set, Precision Cutting Tool Set, Craft Knife Set Includes Assortment of Light Duty to Heavy Duty Handles and 13 Blades</p><p> -16% 0FF </p><p>$23.37</p><a href="https://www.amazon.com/dp/B0019NBZQK?tag=eloabder-20&linkCode=osi&th=1&psc=1">View Product</a></div>
<div class="product"><a href="https://www.amazon.com/dp/B00FX9G28C?tag=eloabder-20&linkCode=osi&th=1&psc=1"><img src="https://m.media-amazon.com/images/I/41kEiPT3HRL._SL500_.jpg" alt="Product Image"></a><p>Crayola Classic Color Pack Crayons, 24 Count, (Pack of 4)</p><p> -31% 0FF </p><p>$6.36</p><a href="https://www.amazon.com/dp/B00FX9G28C?tag=eloabder-20&linkCode=osi&th=1&psc=1">View Product</a></div><div class="product"><a href="https://www.amazon.com/dp/B002OF2C50?tag=eloabder-20&linkCode=osi&th=1&psc=1"><img src="https://m.media-amazon.com/images/I/51Z+wK6C2VL._SL500_.jpg" alt="Product Image"></a><p>Crayola Crayons 8 in a Box (Pack of 12) 96 Crayons Total</p><p> -34% 0FF </p><p>$14.41</p><a href="https://www.amazon.com/dp/B002OF2C50?tag=eloabder-20&linkCode=osi&th=1&psc=1">View Product</a></div><div class="product"><a href="https://www.amazon.com/dp/B06XDJJ6D1?tag=eloabder-20&linkCode=osi&th=1&psc=1"><img src="https://m.media-amazon.com/images/I/516tOQjdgIL._SL500_.jpg" alt="Product Image"></a><p>Color Swell Bulk Crayon Packs - 36 Boxes of 24 Vibrant Colored Durable Bulk Crayons of Teacher Quality for Classroom and Home</p><p> -13% 0FF </p><p>$35.75</p><a href="https://www.amazon.com/dp/B06XDJJ6D1?tag=eloabder-20&linkCode=osi&th=1&psc=1">View Product</a></div>
<div class="product"><a href="https://www.amazon.com/dp/B07JPL5NYX?tag=eloabder-20&linkCode=osi&th=1&psc=1"><img src="https://m.media-amazon.com/images/I/31B4rKplkML._SL500_.jpg" alt="Product Image"></a><p>Similane 6 Pieces Aida Cloth 14 Count Cross Stitch Fabric, White, 12 by 18-Inch</p><p> -20% 0FF </p><p>$7.99 ($1.33 / Count)</p><a href="https://www.amazon.com/dp/B07JPL5NYX?tag=eloabder-20&linkCode=osi&th=1&psc=1">View Product</a></div><div class="product"><a href="https://www.amazon.com/dp/B002PNZJWO?tag=eloabder-20&linkCode=osi&th=1&psc=1"><img src="https://m.media-amazon.com/images/I/21LQQ7uAHaL._SL500_.jpg" alt="Product Image"></a><p>DMC TC8836-6750 Silver Label Aida Count with Soft Tube, White, 15 by 18-Inch, 18-Pack</p><p> -9% 0FF </p><p>$6.22</p><a href="https://www.amazon.com/dp/B002PNZJWO?tag=eloabder-20&linkCode=osi&th=1&psc=1">View Product</a></div>
<div class="product"><a href="https://www.amazon.com/dp/B0747JY5Q2?tag=eloabder-20&linkCode=osi&th=1&psc=1"><img src="https://m.media-amazon.com/images/I/61lazF8OahL._SL500_.jpg" alt="Product Image"></a><p>Paxcoo 124 Skeins Embroidery Floss Cross Stitch Thread with Needles</p><p> -38% 0FF </p><p>$9.99 ($0.00 / Foot)</p><a href="https://www.amazon.com/dp/B0747JY5Q2?tag=eloabder-20&linkCode=osi&th=1&psc=1">View Product</a></div><div class="product"><a href="https://www.amazon.com/dp/B0CCY9RYWJ?tag=eloabder-20&linkCode=osi&th=1&psc=1"><img src="https://m.media-amazon.com/images/I/51cdtuPMMzL._SL500_.jpg" alt="Product Image"></a><p>Sukh 100 Colour Embroidery Thread - Rainbow Embroidery Floss Bulk Hand Embroidery Thread Variegated Embroidery Floss Cross Stitch Thread Crewel Embroidery Floss for DIY Sewing Embroidery Crafts Making</p><p> -30% 0FF </p><p>$6.99 ($6.99 / Foot)</p><a href="https://www.amazon.com/dp/B0CCY9RYWJ?tag=eloabder-20&linkCode=osi&th=1&psc=1">View Product</a></div><div class="product"><a href="https://www.amazon.com/dp/B07TF4W6FW?tag=eloabder-20&linkCode=osi&th=1&psc=1"><img src="https://m.media-amazon.com/images/I/6185yuapSeS._SL500_.jpg" alt="Product Image"></a><p>LOVIMAG Premium Rainbow Color Embroidery Floss 140 Skeins Per Pack with Cotton for Cross Stitch Threads, Bracelet Yarn, Craft Floss, Aroic Embroidery Floss Set</p><p> -17% 0FF </p><p>$9.99</p><a href="https://www.amazon.com/dp/B07TF4W6FW?tag=eloabder-20&linkCode=osi&th=1&psc=1">View Product</a></div><div class="product"><a href="https://www.amazon.com/dp/B07VCK2L9J?tag=eloabder-20&linkCode=osi&th=1&psc=1"><img src="https://m.media-amazon.com/images/I/31Xrh3bNBML._SL500_.jpg" alt="Product Image"></a><p>Embroidery Floss Bobbins, 128 Pcs Embroidery Floss Organizer, Plastic Embroidery Thread Cards for Cross Stitch Thread Holder Sewing Storage(White)</p><p> -45% 0FF </p><p>$5.99 ($0.05 / Count)</p><a href="https://www.amazon.com/dp/B07VCK2L9J?tag=eloabder-20&linkCode=osi&th=1&psc=1">View Product</a></div>
<div class="product"><a href="https://www.amazon.com/dp/B07HCGVVTM?tag=eloabder-20&linkCode=osi&th=1&psc=1"><img src="https://m.media-amazon.com/images/I/51fHLo2KTbL._SL500_.jpg" alt="Product Image"></a><p>Caydo 6 Pieces Embroidery Hoop Set Circle Cross Stitch Hoop Ring 4 inch to 10 inch for Embroidery and Cross Stitch</p><p> -11% 0FF </p><p>$7.99</p><a href="https://www.amazon.com/dp/B07HCGVVTM?tag=eloabder-20&linkCode=osi&th=1&psc=1">View Product</a></div><div class="product"><a href="https://www.amazon.com/dp/B07TXQH7M2?tag=eloabder-20&linkCode=osi&th=1&psc=1"><img src="https://m.media-amazon.com/images/I/517d5A8-q8L._SL500_.jpg" alt="Product Image"></a><p>Caydo 6 Pieces Embroidery Hoops and 15 Needles, Plastic Circle Cross Stitch Hoop Ring Embroidery Circle Set, 3.4 inch to 10.4 inch (Multicolor)</p><p> -20% 0FF </p><p>$7.99</p><a href="https://www.amazon.com/dp/B07TXQH7M2?tag=eloabder-20&linkCode=osi&th=1&psc=1">View Product</a></div>
<div class="product"><a href="https://www.amazon.com/dp/B08JQ47WV1?tag=eloabder-20&linkCode=osi&th=1&psc=1"><img src="https://m.media-amazon.com/images/I/519CRDDfB4L._SL500_.jpg" alt="Product Image"></a><p>Uphome 3 Pack Embroidery Starter Kit for Beginners Stamped Cross Stitch Kits with Cute Flowers and Plants Patterns with 1 Embroidery Hoop and Color Threads for Adults Kids</p><p> -6% 0FF </p><p>$14.99</p><a href="https://www.amazon.com/dp/B08JQ47WV1?tag=eloabder-20&linkCode=osi&th=1&psc=1">View Product</a></div><div class="product"><a href="https://www.amazon.com/dp/B09F9YBHRN?tag=eloabder-20&linkCode=osi&th=1&psc=1"><img src="https://m.media-amazon.com/images/I/51tXfPB7qyL._SL500_.jpg" alt="Product Image"></a><p>Cross Stitch Kits for Beginners (Flower Theme - 6.75 Inch - 4 Pack 1 x Embroidery Hoop) DIY Embroidery Needlepoint Patterns for Adults, Includes Poppy, Rose, Sunflower and Pansy. Complete Set Included</p><p> -10% 0FF </p><p>$8.99</p><a href="https://www.amazon.com/dp/B09F9YBHRN?tag=eloabder-20&linkCode=osi&th=1&psc=1">View Product</a></div><div class="product"><a href="https://www.amazon.com/dp/B0BK1X8CNZ?tag=eloabder-20&linkCode=osi&th=1&psc=1"><img src="https://m.media-amazon.com/images/I/51gdjGEDDZL._SL500_.jpg" alt="Product Image"></a><p>Dimensions Nighttime Camping Adventure Cross Stitch Kit for Beginners, 5" x 7", 14 Cnt. Navy Aida, 4pcs</p><p> -18% 0FF </p><p>$9.82</p><a href="https://www.amazon.com/dp/B0BK1X8CNZ?tag=eloabder-20&linkCode=osi&th=1&psc=1">View Product</a></div><div class="product"><a href="https://www.amazon.com/dp/B005IDB6ZM?tag=eloabder-20&linkCode=osi&th=1&psc=1"><img src="https://m.media-amazon.com/images/I/61C0cz-Z29L._SL500_.jpg" alt="Product Image"></a><p>Janlynn 50222 Counted Cross Stitch Kit 7.75"X11.25", Joy in The Journey (14 Count), Blue</p><p> -7% 0FF </p><p>$15.83</p><a href="https://www.amazon.com/dp/B005IDB6ZM?tag=eloabder-20&linkCode=osi&th=1&psc=1">View Product</a></div>
<div class="product"><a href="https://www.amazon.com/dp/B004QRUNIW?tag=eloabder-20&linkCode=osi&th=1&psc=1"><img src="https://m.media-amazon.com/images/I/41pq4l1iyqL._SL500_.jpg" alt="Product Image"></a><p>DMC Size 24 Cross Stitch Needles</p><p> -11% 0FF </p><p>$4.63</p><a href="https://www.amazon.com/dp/B004QRUNIW?tag=eloabder-20&linkCode=osi&th=1&psc=1">View Product</a></div><div class="product"><a href="https://www.amazon.com/dp/B000XZTOOA?tag=eloabder-20&linkCode=osi&th=1&psc=1"><img src="https://m.media-amazon.com/images/I/313-rt10fSS._SL500_.jpg" alt="Product Image"></a><p>DMC 1767-24 Tapestry Hand Needles, 6-Pack, Size 24</p><p> -87% 0FF </p><p>$1.15</p><a href="https://www.amazon.com/dp/B000XZTOOA?tag=eloabder-20&linkCode=osi&th=1&psc=1">View Product</a></div><div class="product"><a href="https://www.amazon.com/dp/B081B5W2M4?tag=eloabder-20&linkCode=osi&th=1&psc=1"><img src="https://m.media-amazon.com/images/I/41b8dWe+4IL._SL500_.jpg" alt="Product Image"></a><p>DMC 3 Pack Size 22-24-26 (One Pack Each)-Cross Stitch Needles - Total 18 Needles - New Package</p><p> -14% 0FF </p><p>$8.00</p><a href="https://www.amazon.com/dp/B081B5W2M4?tag=eloabder-20&linkCode=osi&th=1&psc=1">View Product</a></div><div class="product"><a href="https://www.amazon.com/dp/B07D23QZP6?tag=eloabder-20&linkCode=osi&th=1&psc=1"><img src="https://m.media-amazon.com/images/I/41-e-zzpwJL._SL500_.jpg" alt="Product Image"></a><p>3 Pack DMC Size 26 Cross Stitch Needles (Total 18 Needles) - New Package</p><p> -8% 0FF </p><p>$6.80</p><a href="https://www.amazon.com/dp/B07D23QZP6?tag=eloabder-20&linkCode=osi&th=1&psc=1">View Product</a></div>
<div class="product"><a href="https://www.amazon.com/dp/B00FRH24AK?tag=eloabder-20&linkCode=osi&th=1&psc=1"><img src="https://m.media-amazon.com/images/I/413pdt9daNL._SL500_.jpg" alt="Product Image"></a><p>Dimensions Mason Jar Counted Cross Stitch Kit, 14 Count White Aida, 18'' x 7''.</p><p> -48% 0FF </p><p>$17.63</p><a href="https://www.amazon.com/dp/B00FRH24AK?tag=eloabder-20&linkCode=osi&th=1&psc=1">View Product</a></div><div class="product"><a href="https://www.amazon.com/dp/B005IDB37I?tag=eloabder-20&linkCode=osi&th=1&psc=1"><img src="https://m.media-amazon.com/images/I/51tVdGtvvQL._SL500_.jpg" alt="Product Image"></a><p>Janlynn Counted Cross Stitch Kit, The Lord's Prayer, Blue, By the yard</p><p> -29% 0FF </p><p>$10.00</p><a href="https://www.amazon.com/dp/B005IDB37I?tag=eloabder-20&linkCode=osi&th=1&psc=1">View Product</a></div>
<div class="product"><a href="https://www.amazon.com/dp/B0C65K1RLJ?tag=eloabder-20&linkCode=osi&th=1&psc=1"><img src="https://m.media-amazon.com/images/I/61Rq55Q-b-L._SL500_.jpg" alt="Product Image"></a><p>ATDAWN Rainbow Color Embroidery, Cross Stitch Threads, Bracelets, Crafts Floss, 50 Count</p><p> -17% 0FF </p><p>$4.99</p><a href="https://www.amazon.com/dp/B0C65K1RLJ?tag=eloabder-20&linkCode=osi&th=1&psc=1">View Product</a></div>
<div class="product"><a href="https://www.amazon.com/dp/B000YZASYO?tag=eloabder-20&linkCode=osi&th=1&psc=1"><img src="https://m.media-amazon.com/images/I/41Qm59P+WnL._SL500_.jpg" alt="Product Image"></a><p>Fiskars Self Healing Cutting Mat with Grid for Sewing, Quilting, and Crafts - 24" x 36” Grid - Gray</p><p> -50% 0FF </p><p>$32.46</p><a href="https://www.amazon.com/dp/B000YZASYO?tag=eloabder-20&linkCode=osi&th=1&psc=1">View Product</a></div><div class="product"><a href="https://www.amazon.com/dp/B0BB27B3FB?tag=eloabder-20&linkCode=osi&th=1&psc=1"><img src="https://m.media-amazon.com/images/I/31URROrDo1L._SL500_.jpg" alt="Product Image"></a><p>Paper Cutter, Paper Trimmer with Safety Guard, 12" Cut Length Paper Slicer with 16 Sheet Capacity Paper Cutting Board,Guillotine Paper Cutters and Trimmers for Cardstock Cardboard Vinyl (Gray)</p><p> -27% 0FF </p><p>$18.99</p><a href="https://www.amazon.com/dp/B0BB27B3FB?tag=eloabder-20&linkCode=osi&th=1&psc=1">View Product</a></div><div class="product"><a href="https://www.amazon.com/dp/B08DHMBSKB?tag=eloabder-20&linkCode=osi&th=1&psc=1"><img src="https://m.media-amazon.com/images/I/51UuiPNgxYL._SL500_.jpg" alt="Product Image"></a><p>Headley Tools 18"x12" Thickened Self Healing Cutting Mat, A3 Rotary Cutting Sewing Mat for Crafts, Double Sided 5-Ply Table Cutting Board for Fabric Quilting Art Hobby Project, Pink/Purple</p><p> -41% 0FF </p><p>$9.98</p><a href="https://www.amazon.com/dp/B08DHMBSKB?tag=eloabder-20&linkCode=osi&th=1&psc=1">View Product</a></div>

<div class="product"><a href="https://www.amazon.com/dp/B09YY3SVKS?tag=eloabder-20&linkCode=osi&th=1&psc=1"><img src="https://m.media-amazon.com/images/I/41f730BkCAL._SL500_.jpg" alt="Product Image"></a><p>Oythiem Knife Pen Craft Cutting Tools - Precision Paper Cutter Pen with Refillable Tungsten Steel Cutter Head Refill, 6 PACK</p><p> -13% 0FF </p><p>$6.99 ($1.16 / Count)</p><a href="https://www.amazon.com/dp/B09YY3SVKS?tag=eloabder-20&linkCode=osi&th=1&psc=1">View Product</a></div><div class="product"><a href="https://www.amazon.com/dp/B07QQBCBBL?tag=eloabder-20&linkCode=osi&th=1&psc=1"><img src="https://m.media-amazon.com/images/I/51jpKBKj85L._SL500_.jpg" alt="Product Image"></a><p>Anezus Craft Knife Precision Cutter and Self Healing Cutting Craft Mat Hobby Knife Set with 30 PCS Knife for Art Hobby Craft Scrapbooking Stencil</p><p> -47% 0FF </p><p>$8.99 ($0.28 / Count)</p><a href="https://www.amazon.com/dp/B07QQBCBBL?tag=eloabder-20&linkCode=osi&th=1&psc=1">View Product</a></div><div class="product"><a href="https://www.amazon.com/dp/B0B8J1LQY5?tag=eloabder-20&linkCode=osi&th=1&psc=1"><img src="https://m.media-amazon.com/images/I/41gjtckliVL._SL500_.jpg" alt="Product Image"></a><p>SnapFresh Cordless Electric Scissors, 4V Electric Mini Cutter, Carpet & Cardboard Cutter Tool with a Replacement Blade/Charger, Rotary Cutter for Cardboard Packages Leather Plastic （Green）</p><p> -28% 0FF </p><p>$35.99</p><a href="https://www.amazon.com/dp/B0B8J1LQY5?tag=eloabder-20&linkCode=osi&th=1&psc=1">View Product</a></div>
<div class="product"><a href="https://www.amazon.com/dp/B007UT6BDE?tag=eloabder-20&linkCode=osi&th=1&psc=1"><img src="https://m.media-amazon.com/images/I/618FCl1rVUL._SL500_.jpg" alt="Product Image"></a><p>Roylco Decorative Hues Paper, 8-1/2 X 5-1/2 in, Pack of 192 - 1435530</p><p> -12% 0FF </p><p>$19.99 ($0.10 / Count)</p><a href="https://www.amazon.com/dp/B007UT6BDE?tag=eloabder-20&linkCode=osi&th=1&psc=1">View Product</a></div><div class="product"><a href="https://www.amazon.com/dp/B0B4WM4T2V?tag=eloabder-20&linkCode=osi&th=1&psc=1"><img src="https://m.media-amazon.com/images/I/41PvWu7mXhL._SL500_.jpg" alt="Product Image"></a><p>Outuxed 400 Sheets Tissue Paper Bulk for Gift Bags, 40 Multicolor Tissue Paper for Gift Wrapping, 11.5” x 8” Rainbow Tissue Paper for Decorative Art Crafts Festival Decorations DIY Flower Pom Pom</p><p> -30% 0FF </p><p>$6.99 ($0.02 / Count)</p><a href="https://www.amazon.com/dp/B0B4WM4T2V?tag=eloabder-20&linkCode=osi&th=1&psc=1">View Product</a></div>
<div class="product"><a href="https://www.amazon.com/dp/B00B7E0JGS?tag=eloabder-20&linkCode=osi&th=1&psc=1"><img src="https://m.media-amazon.com/images/I/31XF-LedlPL._SL500_.jpg" alt="Product Image"></a><p>EK Success Tools Edge Punch, Large, Diamond Flowers</p><p> -8% 0FF </p><p>$16.99</p><a href="https://www.amazon.com/dp/B00B7E0JGS?tag=eloabder-20&linkCode=osi&th=1&psc=1">View Product</a></div><div class="product"><a href="https://www.amazon.com/dp/B09H6VJJHX?tag=eloabder-20&linkCode=osi&th=1&psc=1"><img src="https://m.media-amazon.com/images/I/41RFYDqpw8L._SL500_.jpg" alt="Product Image"></a><p>2 Pieces Heart and Star Handheld Hole Paper Punch Metal Single Hole Paper Punch Punchers with Soft-Handled Tags for Clothing Ticket DIY Craft Tags Scrapbook Tool, 1/4 inch</p><p> -9% 0FF </p><p>$9.99</p><a href="https://www.amazon.com/dp/B09H6VJJHX?tag=eloabder-20&linkCode=osi&th=1&psc=1">View Product</a></div><div class="product"><a href="https://www.amazon.com/dp/B0BCVKG3PM?tag=eloabder-20&linkCode=osi&th=1&psc=1"><img src="https://m.media-amazon.com/images/I/411GAS9weBL._SL500_.jpg" alt="Product Image"></a><p>MIAO JIN 2PCS Craft Punch Hemming Punch Big Tool Edge Paper Punch Hand Scrapbooking Edge Punch Fancy Border Punch Fancy Hole Punch DIY Art scrapbooks, Gift Cards, Wedding Cards, Decorations</p><p> -6% 0FF </p><p>$16.99</p><a href="https://www.amazon.com/dp/B0BCVKG3PM?tag=eloabder-20&linkCode=osi&th=1&psc=1">View Product</a></div>
<div class="product"><a href="https://www.amazon.com/dp/B06ZZ5K124?tag=eloabder-20&linkCode=osi&th=1&psc=1"><img src="https://m.media-amazon.com/images/I/61XFkBFxYXL._SL500_.jpg" alt="Product Image"></a><p>Agutape 30 Rolls Washi Masking Tape Set,Decorative Craft Tape Collection for DIY and Gift Wrapping with Colorful Designs and Patterns</p><p> -22% 0FF </p><p>$6.99 ($0.02 / Foot)</p><a href="https://www.amazon.com/dp/B06ZZ5K124?tag=eloabder-20&linkCode=osi&th=1&psc=1">View Product</a></div>
<div class="product"><a href="https://www.amazon.com/dp/B00R50G1I8?tag=eloabder-20&linkCode=osi&th=1&psc=1"><img src="https://m.media-amazon.com/images/I/31XgMDb7tOL._SL500_.jpg" alt="Product Image"></a><p>Sizzix 660200 Big Shot Manual Die, 6 Inches</p><p> -31% 0FF </p><p>$94.78</p><a href="https://www.amazon.com/dp/B00R50G1I8?tag=eloabder-20&linkCode=osi&th=1&psc=1">View Product</a></div><div class="product"><a href="https://www.amazon.com/dp/B0746FQR66?tag=eloabder-20&linkCode=osi&th=1&psc=1"><img src="https://m.media-amazon.com/images/I/41cvyr3S4bL._SL500_.jpg" alt="Product Image"></a><p>Sizzix Sidekick Starter Kit 661770 Portable Manual Die Cutting & Embossing Machine for Arts & Crafts, Scrapbooking & Cardmaking, 6.35 cm Opening, 2.5" Opening, White</p><p> -36% 0FF </p><p>$36.96</p><a href="https://www.amazon.com/dp/B0746FQR66?tag=eloabder-20&linkCode=osi&th=1&psc=1">View Product</a></div><div class="product"><a href="https://www.amazon.com/dp/B084PWDN97?tag=eloabder-20&linkCode=osi&th=1&psc=1"><img src="https://m.media-amazon.com/images/I/31oXNnohDrL._SL500_.jpg" alt="Product Image"></a><p>Sizzix Big Shot Switch Plus Starter Kit (White), Electric Die Cutting & Embossing Machine For Arts & Crafts, Card Making, Scrapbooking & Papercraft (9-inch Opening)</p><p> -27% 0FF </p><p>$238.55</p><a href="https://www.amazon.com/dp/B084PWDN97?tag=eloabder-20&linkCode=osi&th=1&psc=1">View Product</a></div><div class="product"><a href="https://www.amazon.com/dp/B0B1DJF6C1?tag=eloabder-20&linkCode=osi&th=1&psc=1"><img src="https://m.media-amazon.com/images/I/413RKYc57PL._SL500_.jpg" alt="Product Image"></a><p>Mini Die Cutting and Embossing Machine for DIY Crafts 3.5" Feed Slot for 3" Paper and Other Materials</p><p> -15% 0FF </p><p>$34.19</p><a href="https://www.amazon.com/dp/B0B1DJF6C1?tag=eloabder-20&linkCode=osi&th=1&psc=1">View Product</a></div><div class="product"><a href="https://www.amazon.com/dp/B07YB8XV3Z?tag=eloabder-20&linkCode=osi&th=1&psc=1"><img src="https://m.media-amazon.com/images/I/31ijkd8Lb7L._SL500_.jpg" alt="Product Image"></a><p>Crafter's Companion - Gemini - Mini Manual Die Cutting and Embossing Machine, White</p><p> -29% 0FF </p><p>$31.75</p><a href="https://www.amazon.com/dp/B07YB8XV3Z?tag=eloabder-20&linkCode=osi&th=1&psc=1">View Product</a></div>
<div class="product"><a href="https://www.amazon.com/dp/B07KGH6VVB?tag=eloabder-20&linkCode=osi&th=1&psc=1"><img src="https://m.media-amazon.com/images/I/61UMbNlb4ML._SL500_.jpg" alt="Product Image"></a><p>Cutting Dies Stencil Triangle Square Rectangle Round Ellipse Metal Mould for DIY Scrapbook Album Paper Card</p><p> -10% 0FF </p><p>$14.39</p><a href="https://www.amazon.com/dp/B07KGH6VVB?tag=eloabder-20&linkCode=osi&th=1&psc=1">View Product</a></div><div class="product"><a href="https://www.amazon.com/dp/B0CYLGRC6H?tag=eloabder-20&linkCode=osi&th=1&psc=1"><img src="https://m.media-amazon.com/images/I/51SinekXt0L._SL500_.jpg" alt="Product Image"></a><p>Hexagonal Picture Frame Scrapbooking Die-Cuts,DIY Art Cutting Dies,Metal Cutting Dies for Crafts,Cut Dies for Card Making Suitable for Party,Wedding,Holiday…</p><p> -20% 0FF </p><p>$7.20</p><a href="https://www.amazon.com/dp/B0CYLGRC6H?tag=eloabder-20&linkCode=osi&th=1&psc=1">View Product</a></div><div class="product"><a href="https://www.amazon.com/dp/B006MLJIVI?tag=eloabder-20&linkCode=osi&th=1&psc=1"><img src="https://m.media-amazon.com/images/I/41JNYtODCOL._SL500_.jpg" alt="Product Image"></a><p>Ellison SureCut Die 16677-LG, Holiday, 10 Pack, 5 7/8" x 4 7/8" x 1"</p><p> -8% 0FF </p><p>$139.73</p><a href="https://www.amazon.com/dp/B006MLJIVI?tag=eloabder-20&linkCode=osi&th=1&psc=1">View Product</a></div>
<div class="product"><a href="https://www.amazon.com/dp/B0BJGRH85F?tag=eloabder-20&linkCode=osi&th=1&psc=1"><img src="https://m.media-amazon.com/images/I/41A84YvFpCL._SL500_.jpg" alt="Product Image"></a><p>Cricut Joy Machine & Digital Content Library Bundle - Includes 30 images in Design Space App - Portable DIY Smart Machine for creating customized cards, crafts, & labels</p><p> -34% 0FF </p><p>$99.00</p><a href="https://www.amazon.com/dp/B0BJGRH85F?tag=eloabder-20&linkCode=osi&th=1&psc=1">View Product</a></div>
<div class="product"><a href="https://www.amazon.com/dp/B07TJNPV76?tag=eloabder-20&linkCode=osi&th=1&psc=1"><img src="https://m.media-amazon.com/images/I/516RCtPt8FL._SL500_.jpg" alt="Product Image"></a><p>BARWA 57 Pack Doll Clothes and Accessories 5 Fashion Dresses 4 Tops 4 Pants Outfits 3 Wedding Gown Dresses 3 Swimsuits Bikini 5 Mini Dresses, 10 Hangers 15 Shoes Computer Cosmetic for 11.5 inch Doll</p><p> -14% 0FF </p><p>$18.99</p><a href="https://www.amazon.com/dp/B07TJNPV76?tag=eloabder-20&linkCode=osi&th=1&psc=1">View Product</a></div><div class="product"><a href="https://www.amazon.com/dp/B09YTWSKBH?tag=eloabder-20&linkCode=osi&th=1&psc=1"><img src="https://m.media-amazon.com/images/I/51l3VgeMGeL._SL500_.jpg" alt="Product Image"></a><p>Mayboos Needle Felting Kit,12 Pieces Doll Making Wool Needle Felting Starter Kit with Instruction,Felting Foam Mat and DIY Needle Felting Supply for DIY Craft Animal Home Decoration Birthday Gift</p><p> -35% 0FF </p><p>$22.09</p><a href="https://www.amazon.com/dp/B09YTWSKBH?tag=eloabder-20&linkCode=osi&th=1&psc=1">View Product</a></div><div class="product"><a href="https://www.amazon.com/dp/B0749W9PJ5?tag=eloabder-20&linkCode=osi&th=1&psc=1"><img src="https://m.media-amazon.com/images/I/518ANTzhqBL._SL500_.jpg" alt="Product Image"></a><p>Craft-tastic Learn to Sew Kit – 7 Fun Projects and Reusable Materials to Teach Basic Sewing Stitches, Embroidery & More--Ages 7+</p><p> -10% 0FF </p><p>$17.95</p><a href="https://www.amazon.com/dp/B0749W9PJ5?tag=eloabder-20&linkCode=osi&th=1&psc=1">View Product</a></div><div class="product"><a href="https://www.amazon.com/dp/B0CBVF4CD5?tag=eloabder-20&linkCode=osi&th=1&psc=1"><img src="https://m.media-amazon.com/images/I/51bR1o0kePL._SL500_.jpg" alt="Product Image"></a><p>Fedmut Needle Felting Kit, Animal Needle Felting Kit for Beginner Adult with Felting Wool, Felting Foam Mat, Felting Needles and Video Instructions, Complete Start Kit for Craft DIY Needle Felting</p><p> -15% 0FF </p><p>$6.79</p><a href="https://www.amazon.com/dp/B0CBVF4CD5?tag=eloabder-20&linkCode=osi&th=1&psc=1">View Product</a></div>
<div class="product"><a href="https://www.amazon.com/dp/B0027A397C?tag=eloabder-20&linkCode=osi&th=1&psc=1"><img src="https://m.media-amazon.com/images/I/517I9iGWpQL._SL500_.jpg" alt="Product Image"></a><p>Strathmore 200 Series Sketch Pad, 8.5x11 inch, 100 Sheets, Side Wire - Artist Sketchbook for Drawing, Illustration, Art Class Students</p><p> -26% 0FF </p><p>$7.99</p><a href="https://www.amazon.com/dp/B0027A397C?tag=eloabder-20&linkCode=osi&th=1&psc=1">View Product</a></div><div class="product"><a href="https://www.amazon.com/dp/B07T3NGD8B?tag=eloabder-20&linkCode=osi&th=1&psc=1"><img src="https://m.media-amazon.com/images/I/41hwTCl5LCL._SL500_.jpg" alt="Product Image"></a><p>UCreate Poly Cover Sketch Book, Heavyweight, 9" x 12", Black, 75 Sheets</p><p> -24% 0FF </p><p>$7.29</p><a href="https://www.amazon.com/dp/B07T3NGD8B?tag=eloabder-20&linkCode=osi&th=1&psc=1">View Product</a></div><div class="product"><a href="https://www.amazon.com/dp/B0B7N2Q1NQ?tag=eloabder-20&linkCode=osi&th=1&psc=1"><img src="https://m.media-amazon.com/images/I/51E78AJyMrL._SL500_.jpg" alt="Product Image"></a><p>Caliart 176PCS Art Supplies Sketching Kit with 100 Sheets 3-Color Sketch Book, Graphite Colored Charcoal Watercolor & Metallic Pencils, School Supplies Gifts for Artists Adults Teens Girls Boys Kids</p><p> -31% 0FF </p><p>$24.99</p><a href="https://www.amazon.com/dp/B0B7N2Q1NQ?tag=eloabder-20&linkCode=osi&th=1&psc=1">View Product</a></div>
<div class="product"><a href="https://www.amazon.com/dp/B0012NCOJY?tag=eloabder-20&linkCode=osi&th=1&psc=1"><img src="https://m.media-amazon.com/images/I/41b+WM+NthL._SL500_.jpg" alt="Product Image"></a><p>Pacon 4746 Art1st Sketch Pad, 60 lbs. Heavyweight Drawing Paper. 9 x 12, 50 Sheets</p><p> -51% 0FF </p><p>$3.96 ($0.08 / Count)</p><a href="https://www.amazon.com/dp/B0012NCOJY?tag=eloabder-20&linkCode=osi&th=1&psc=1">View Product</a></div><div class="product"><a href="https://www.amazon.com/dp/B001B0F3J6?tag=eloabder-20&linkCode=osi&th=1&psc=1"><img src="https://m.media-amazon.com/images/I/31xSYmcOmIL._SL500_.jpg" alt="Product Image"></a><p>Pacon Drawing Paper, White, Standard Weight, 9" x 12", 500 Sheets</p><p> -20% 0FF </p><p>$16.91</p><a href="https://www.amazon.com/dp/B001B0F3J6?tag=eloabder-20&linkCode=osi&th=1&psc=1">View Product</a></div><div class="product"><a href="https://www.amazon.com/dp/B000A7OPAO?tag=eloabder-20&linkCode=osi&th=1&psc=1"><img src="https://m.media-amazon.com/images/I/51tDMDAC+oL._SL500_.jpg" alt="Product Image"></a><p>Strathmore Medium Drawing Spiral Paper Pad 11"X14"-24 Sheets -400500</p><p> -33% 0FF </p><p>$6.49</p><a href="https://www.amazon.com/dp/B000A7OPAO?tag=eloabder-20&linkCode=osi&th=1&psc=1">View Product</a></div><div class="product"><a href="https://www.amazon.com/dp/B00246YOY6?tag=eloabder-20&linkCode=osi&th=1&psc=1"><img src="https://m.media-amazon.com/images/I/51JQCBpAcoL._SL500_.jpg" alt="Product Image"></a><p>Strathmore 300 Series Drawing Paper Pad, Top Wire Bound, 9x12 inches, 50 Sheets (70lb/114g) - Artist Paper for Adults and Students - Charcoal, Colored Pencil, Ink, Pastel, Marker</p><p> -18% 0FF </p><p>$9.99</p><a href="https://www.amazon.com/dp/B00246YOY6?tag=eloabder-20&linkCode=osi&th=1&psc=1">View Product</a></div>
<div class="product"><a href="https://www.amazon.com/dp/B0BNDN87NX?tag=eloabder-20&linkCode=osi&th=1&psc=1"><img src="https://m.media-amazon.com/images/I/51NywOCibJL._SL500_.jpg" alt="Product Image"></a><p>Micro Fineliner Drawing Art Pens: 12 Black Fine Line Waterproof Ink Set Artist Supplies Archival Inking Markers Liner Professional Sketch Outline Anime Sketching Watercolor Zentangle Gift Stuff</p><p> -17% 0FF </p><p>$9.99</p><a href="https://www.amazon.com/dp/B0BNDN87NX?tag=eloabder-20&linkCode=osi&th=1&psc=1">View Product</a></div><div class="product"><a href="https://www.amazon.com/dp/B088B9ZNXC?tag=eloabder-20&linkCode=osi&th=1&psc=1"><img src="https://m.media-amazon.com/images/I/512tY3nGvHL._SL500_.jpg" alt="Product Image"></a><p>TWOHANDS Art Pens,Fineliner Ink Pens,Set of 12 Technical Drawing pen,Pigment Pen,Fine Point,Black,Waterproof,for Art Watercolor,Sketching,Anime,Manga, 902188</p><p> -38% 0FF </p><p>$9.99</p><a href="https://www.amazon.com/dp/B088B9ZNXC?tag=eloabder-20&linkCode=osi&th=1&psc=1">View Product</a></div><div class="product"><a href="https://www.amazon.com/dp/B08BZYK2NY?tag=eloabder-20&linkCode=osi&th=1&psc=1"><img src="https://m.media-amazon.com/images/I/41FCRf7Bf9L._SL500_.jpg" alt="Product Image"></a><p>Mr. Pen- Drawing Pens for Artists, 8 Pack Black Multiliner/Fineliner Micro Anime/Sketch Pens, Line Art/Inking Pens, Fine Point Bible Journaling Pens</p><p> -33% 0FF </p><p>$7.99</p><a href="https://www.amazon.com/dp/B08BZYK2NY?tag=eloabder-20&linkCode=osi&th=1&psc=1">View Product</a></div><div class="product"><a href="https://www.amazon.com/dp/B000TKEZDO?tag=eloabder-20&linkCode=osi&th=1&psc=1"><img src="https://m.media-amazon.com/images/I/31pwtogn53L._SL500_.jpg" alt="Product Image"></a><p>Faber-Castell Art & Graphic Pitt Artist Pen India Ink Pen, Black, Wallet Of 4, For Art, Craft, Drawing, Sketching, Home, School, University, Colouring</p><p> -43% 0FF </p><p>$7.50 ($1.88 / Count)</p><a href="https://www.amazon.com/dp/B000TKEZDO?tag=eloabder-20&linkCode=osi&th=1&psc=1">View Product</a></div><div class="product"><a href="https://www.amazon.com/dp/B01M71S9DU?tag=eloabder-20&linkCode=osi&th=1&psc=1"><img src="https://m.media-amazon.com/images/I/41prZ6JB6AL._SL500_.jpg" alt="Product Image"></a><p>Tombow 62038 Fudenosuke Brush Pen, 2-Pack. Soft and Hard Tip Fudenosuke Brush Pens for Calligraphy and Art Drawings</p><p> -18% 0FF </p><p>$5.87</p><a href="https://www.amazon.com/dp/B01M71S9DU?tag=eloabder-20&linkCode=osi&th=1&psc=1">View Product</a></div>
<div class="product"><a href="https://www.amazon.com/dp/B08FHMRW4L?tag=eloabder-20&linkCode=osi&th=1&psc=1"><img src="https://m.media-amazon.com/images/I/51Pmn5gjyzL._SL500_.jpg" alt="Product Image"></a><p>Mr. Pen- Sketch Pencils for Drawing, 14 Pack, Drawing Pencils, Art Pencils, Graphite Pencils, Graphite Pencils for Drawing, Art Pencils for Drawing and Shading</p><p> -45% 0FF </p><p>$5.99</p><a href="https://www.amazon.com/dp/B08FHMRW4L?tag=eloabder-20&linkCode=osi&th=1&psc=1">View Product</a></div><div class="product"><a href="https://www.amazon.com/dp/B09H278RXT?tag=eloabder-20&linkCode=osi&th=1&psc=1"><img src="https://m.media-amazon.com/images/I/51RJXKELRPL._SL500_.jpg" alt="Product Image"></a><p>Drawing Pencils Set of 14 (B - 12B) Sketching Pencils for Drawing, Shading & Doodling | Professional Sketch Pencils Graphite Grades for Artists & Beginners</p><p> -29% 0FF </p><p>$4.97</p><a href="https://www.amazon.com/dp/B09H278RXT?tag=eloabder-20&linkCode=osi&th=1&psc=1">View Product</a></div><div class="product"><a href="https://www.amazon.com/dp/B00006RVSK?tag=eloabder-20&linkCode=osi&th=1&psc=1"><img src="https://m.media-amazon.com/images/I/31CY7jj4YQL._SL500_.jpg" alt="Product Image"></a><p>Prismacolor Ebony Graphite Drawing Pencils, Black, Adult Coloring, Box Of 12</p><p> -38% 0FF </p><p>$7.30</p><a href="https://www.amazon.com/dp/B00006RVSK?tag=eloabder-20&linkCode=osi&th=1&psc=1">View Product</a></div>
<div class="product"><a href="https://www.amazon.com/dp/B095WXRNCM?tag=eloabder-20&linkCode=osi&th=1&psc=1"><img src="https://m.media-amazon.com/images/I/61iX6E0qmVL._SL500_.jpg" alt="Product Image"></a><p>Soucolor 73 Art Supplies for Adults Kids, Art Kit Drawing Supplies Sketching Pencils Coloring Set with Sketchbook, Coloring Book, Charcoal Metallic Graphite for Shading Blending, Gifts for Teen</p><p> -15% 0FF </p><p>$16.99</p><a href="https://www.amazon.com/dp/B095WXRNCM?tag=eloabder-20&linkCode=osi&th=1&psc=1">View Product</a></div>
<div class="product"><a href="https://www.amazon.com/dp/B09SG2T299?tag=eloabder-20&linkCode=osi&th=1&psc=1"><img src="https://m.media-amazon.com/images/I/61BtYbHF-BL._SL500_.jpg" alt="Product Image"></a><p>LAVEVE Dried Flowers, 21 Bags 100% Natural Dried Flowers Herbs Kit for Soap Making, DIY Candle, Bath, Resin Jewelry Making - Include Lavender, Don't Forget Me, Lily, Rose Petals, Jasmine and More</p><p> -17% 0FF </p><p>$11.99</p><a href="https://www.amazon.com/dp/B09SG2T299?tag=eloabder-20&linkCode=osi&th=1&psc=1">View Product</a></div><div class="product"><a href="https://www.amazon.com/dp/B08L1K1RNV?tag=eloabder-20&linkCode=osi&th=1&psc=1"><img src="https://m.media-amazon.com/images/I/61byW5PthAL._SL500_.jpg" alt="Product Image"></a><p>9 Bags Dried Flowers,100% Natural Dried Flowers Herbs Kit for Soap Making, DIY Candle Making,Bath - Include Rose Petals,Lavender,Don't Forget Me,Lilium,Jasmine,Rosebudsand More</p><p> -17% 0FF </p><p>$7.49</p><a href="https://www.amazon.com/dp/B08L1K1RNV?tag=eloabder-20&linkCode=osi&th=1&psc=1">View Product</a></div><div class="product"><a href="https://www.amazon.com/dp/B09TS8KZ3T?tag=eloabder-20&linkCode=osi&th=1&psc=1"><img src="https://m.media-amazon.com/images/I/61uRBe-uccL._SL500_.jpg" alt="Product Image"></a><p>SACATR Dried Flowers, 50 Bags 100% Natural Dried Herbs Kit for Soap Making, Candle, Resin Jewelry Making, Bath, Nail - Include Rose Petals, Rosebuds, Lilium, Jasmine, Don't Forget Me and More</p><p> -9% 0FF </p><p>$29.99 ($0.60 / Count)</p><a href="https://www.amazon.com/dp/B09TS8KZ3T?tag=eloabder-20&linkCode=osi&th=1&psc=1">View Product</a></div><div class="product"><a href="https://www.amazon.com/dp/B08DCN3B4Q?tag=eloabder-20&linkCode=osi&th=1&psc=1"><img src="https://m.media-amazon.com/images/I/613OohyofUL._SL500_.jpg" alt="Product Image"></a><p>Vignee Real Dried Pressed Leaf Flowers-Multiple Colorful Pressed Flowers Daisies for Craft Resin Jewelry Making Art Craft DIY（Violet）</p><p> -29% 0FF </p><p>$9.98</p><a href="https://www.amazon.com/dp/B08DCN3B4Q?tag=eloabder-20&linkCode=osi&th=1&psc=1">View Product</a></div>

<div class="product"><a href="https://www.amazon.com/dp/B09TT6964Q?tag=eloabder-20&linkCode=osi&th=1&psc=1"><img src="https://m.media-amazon.com/images/I/41zwxyx8wzL._SL500_.jpg" alt="Product Image"></a><p>Pin Vise Hand Drill for Jewelry Making - Craft911 Manual Craft Drill Sharp HSS Micro Mini Twist Drill Bits Set, Small Rotary Tools for Wood, Plastic, Miniature - Blue</p><p> -38% 0FF </p><p>$9.99</p><a href="https://www.amazon.com/dp/B09TT6964Q?tag=eloabder-20&linkCode=osi&th=1&psc=1">View Product</a></div><div class="product"><a href="https://www.amazon.com/dp/B01LX208SY?tag=eloabder-20&linkCode=osi&th=1&psc=1"><img src="https://m.media-amazon.com/images/I/41c5iHU7GAL._SL500_.jpg" alt="Product Image"></a><p>Tamiya - 74041 - Accessory for Model - Mini Electric Drill</p><p> -12% 0FF </p><p>$28.00</p><a href="https://www.amazon.com/dp/B01LX208SY?tag=eloabder-20&linkCode=osi&th=1&psc=1">View Product</a></div><div class="product"><a href="https://www.amazon.com/dp/B00470PNBK?tag=eloabder-20&linkCode=osi&th=1&psc=1"><img src="https://m.media-amazon.com/images/I/51nCqbTfr0L._SL500_.jpg" alt="Product Image"></a><p>3" Metal Cutting Wheels W/ 1/4" Mandrel, 5Pc #80210</p><p> -8% 0FF </p><p>$12.85</p><a href="https://www.amazon.com/dp/B00470PNBK?tag=eloabder-20&linkCode=osi&th=1&psc=1">View Product</a></div><div class="product"><a href="https://www.amazon.com/dp/B07PVPC8G5?tag=eloabder-20&linkCode=osi&th=1&psc=1"><img src="https://m.media-amazon.com/images/I/416MxAcnl2L._SL500_.jpg" alt="Product Image"></a><p>WSOOX Square Hole Drill Bits for Wood, Woodworking Hole Saw Mortising Chisel Drill Bits (Size: 1/4 inch, 5/16 inch, 3/8 inch, 1/2 inch)</p><p> -15% 0FF </p><p>$22.99</p><a href="https://www.amazon.com/dp/B07PVPC8G5?tag=eloabder-20&linkCode=osi&th=1&psc=1">View Product</a></div>
<div class="product"><a href="https://www.amazon.com/dp/B00AQ72LF4?tag=eloabder-20&linkCode=osi&th=1&psc=1"><img src="https://m.media-amazon.com/images/I/41w7DkJ50YL._SL500_.jpg" alt="Product Image"></a><p>Rit Purpose Liquid Dye, 8 Oz, Royal Blue</p><p> -45% 0FF </p><p>$3.49</p><a href="https://www.amazon.com/dp/B00AQ72LF4?tag=eloabder-20&linkCode=osi&th=1&psc=1">View Product</a></div><div class="product"><a href="https://www.amazon.com/dp/B001JGNPM4?tag=eloabder-20&linkCode=osi&th=1&psc=1"><img src="https://m.media-amazon.com/images/I/41AmSK-Cv5L._SL500_.jpg" alt="Product Image"></a><p>Rit Dye RIT COLORSTAY, 8 fl oz, Clear</p><p> -30% 0FF </p><p>$3.49 ($0.44 / Fl Oz)</p><a href="https://www.amazon.com/dp/B001JGNPM4?tag=eloabder-20&linkCode=osi&th=1&psc=1">View Product</a></div><div class="product"><a href="https://www.amazon.com/dp/B00UL9GRJI?tag=eloabder-20&linkCode=osi&th=1&psc=1"><img src="https://m.media-amazon.com/images/I/412cjSJpuKL._SL500_.jpg" alt="Product Image"></a><p>Rit DyeMore Liquid Dye, Chocolate Brown 7-Ounce</p><p> -59% 0FF </p><p>$4.47</p><a href="https://www.amazon.com/dp/B00UL9GRJI?tag=eloabder-20&linkCode=osi&th=1&psc=1">View Product</a></div><div class="product"><a href="https://www.amazon.com/dp/B0BSGFBS77?tag=eloabder-20&linkCode=osi&th=1&psc=1"><img src="https://m.media-amazon.com/images/I/51sB3k7QpOL._SL500_.jpg" alt="Product Image"></a><p>YRYM HT Epoxy Resin Pigment - 16 Colors Non-Toxic Epoxy Resin Color Pigment for Resin Coloring, Concentrated Resin Dye for Jewelry Making, Art, Paint, Crafts - 0.35oz/10ml Each</p><p> -9% 0FF </p><p>$9.99</p><a href="https://www.amazon.com/dp/B0BSGFBS77?tag=eloabder-20&linkCode=osi&th=1&psc=1">View Product</a></div>
<div class="product"><a href="https://www.amazon.com/dp/B097SKG9VM?tag=eloabder-20&linkCode=osi&th=1&psc=1"><img src="https://m.media-amazon.com/images/I/410hj1m+piL._SL500_.jpg" alt="Product Image"></a><p>Artify Easel for Painting, Double-Tier Easel Stand, Adjustable Height from 22-66 Inches, Tripod for Painting and Display with Carrying Bag, 66 Inches, Black</p><p> -23% 0FF </p><p>$19.99</p><a href="https://www.amazon.com/dp/B097SKG9VM?tag=eloabder-20&linkCode=osi&th=1&psc=1">View Product</a></div><div class="product"><a href="https://www.amazon.com/dp/B0B1Z93G2C?tag=eloabder-20&linkCode=osi&th=1&psc=1"><img src="https://m.media-amazon.com/images/I/41clhL8HDkL._SL500_.jpg" alt="Product Image"></a><p>JNZYB Easel Stand for Display Wedding Sign & Poster - 63 Inches Tall Easle for Display Holder - Portable Collapsable Poster Easel - Floor Adjustable Metal Painting Easels Tripod Black</p><p> -14% 0FF </p><p>$17.99</p><a href="https://www.amazon.com/dp/B0B1Z93G2C?tag=eloabder-20&linkCode=osi&th=1&psc=1">View Product</a></div><div class="product"><a href="https://www.amazon.com/dp/B07Z5BTQR3?tag=eloabder-20&linkCode=osi&th=1&psc=1"><img src="https://m.media-amazon.com/images/I/41-YRD77X0L._SL500_.jpg" alt="Product Image"></a><p>Nicpro Folding Easels for Display, 2 Pack 63 Inch Metal Floor Easel Stand Tripod Black Portable for Artist Poster Wedding with Carry Bag</p><p> -12% 0FF </p><p>$26.49</p><a href="https://www.amazon.com/dp/B07Z5BTQR3?tag=eloabder-20&linkCode=osi&th=1&psc=1">View Product</a></div>
<div class="product"><a href="https://www.amazon.com/dp/B0BXKFPHG5?tag=eloabder-20&linkCode=osi&th=1&psc=1"><img src="https://m.media-amazon.com/images/I/511hcLWwsjL._SL500_.jpg" alt="Product Image"></a><p>NACHLYNN 12000 Pcs Flat Back Pearl 8 Sizes Flatback Pearl Beads Half Pearl Bead Half Round Pearls for Crafts Embellishment Shoes DIY Phone Case Making</p><p> -14% 0FF </p><p>$8.59 ($1.22 / Ounce)</p><a href="https://www.amazon.com/dp/B0BXKFPHG5?tag=eloabder-20&linkCode=osi&th=1&psc=1">View Product</a></div><div class="product"><a href="https://www.amazon.com/dp/B07TC687GQ?tag=eloabder-20&linkCode=osi&th=1&psc=1"><img src="https://m.media-amazon.com/images/I/61k7NI1MJTL._SL500_.jpg" alt="Product Image"></a><p>125 PCS Vintage Skeleton Key Set Charms, JIALEEY Mixed Antique Style Bronze Brass for Pendant DIY Jewelry Making Wedding Party Favors</p><p> -42% 0FF </p><p>$6.99</p><a href="https://www.amazon.com/dp/B07TC687GQ?tag=eloabder-20&linkCode=osi&th=1&psc=1">View Product</a></div><div class="product"><a href="https://www.amazon.com/dp/B06XWWH3SR?tag=eloabder-20&linkCode=osi&th=1&psc=1"><img src="https://m.media-amazon.com/images/I/61f1Q0IyVcL._SL500_.jpg" alt="Product Image"></a><p>JPSOR 600pcs Gems Jewels for Crafts, Acrylic Flatback Rhinestones for Halloween Pirate Party Decorations, Crafting Embellishments Gemstone (6 Shapes, 6-13mm)</p><p> -32% 0FF </p><p>$6.29</p><a href="https://www.amazon.com/dp/B06XWWH3SR?tag=eloabder-20&linkCode=osi&th=1&psc=1">View Product</a></div>
<div class="product"><a href="https://www.amazon.com/dp/B0B3CNZR5K?tag=eloabder-20&linkCode=osi&th=1&psc=1"><img src="https://m.media-amazon.com/images/I/41YsiLVF9bL._SL500_.jpg" alt="Product Image"></a><p>SPELLBINDERS PAPERCRAFTS, INC 3D Embossing Folder Beau Bloom, Opaque</p><p> -22% 0FF </p><p>$11.64</p><a href="https://www.amazon.com/dp/B0B3CNZR5K?tag=eloabder-20&linkCode=osi&th=1&psc=1">View Product</a></div><div class="product"><a href="https://www.amazon.com/dp/B06Y2J6NS2?tag=eloabder-20&linkCode=osi&th=1&psc=1"><img src="https://m.media-amazon.com/images/I/51pgkVjniuL._SL500_.jpg" alt="Product Image"></a><p>Sizzix, Multi Color, One Size Embossing Folder 661824, Lace</p><p> -43% 0FF </p><p>$7.37</p><a href="https://www.amazon.com/dp/B06Y2J6NS2?tag=eloabder-20&linkCode=osi&th=1&psc=1">View Product</a></div>
<div class="product"><a href="https://www.amazon.com/dp/B00J39I2F4?tag=eloabder-20&linkCode=osi&th=1&psc=1"><img src="https://m.media-amazon.com/images/I/5135vUrjueL._SL500_.jpg" alt="Product Image"></a><p>Ranger Embossing Powder, .56 Ounce Jar, Super Fine Black</p><p> -8% 0FF </p><p>$6.80</p><a href="https://www.amazon.com/dp/B00J39I2F4?tag=eloabder-20&linkCode=osi&th=1&psc=1">View Product</a></div><div class="product"><a href="https://www.amazon.com/dp/B0013JROB0?tag=eloabder-20&linkCode=osi&th=1&psc=1"><img src="https://m.media-amazon.com/images/I/41uM-s9fN6L._SL500_.jpg" alt="Product Image"></a><p>Ranger Ultra Thick Embossing Powder 6-ounce, Clear</p><p> -9% 0FF </p><p>$16.35 ($2.72 / Ounce)</p><a href="https://www.amazon.com/dp/B0013JROB0?tag=eloabder-20&linkCode=osi&th=1&psc=1">View Product</a></div>
<div class="product"><a href="https://www.amazon.com/dp/B07QFRD6SQ?tag=eloabder-20&linkCode=osi&th=1&psc=1"><img src="https://m.media-amazon.com/images/I/41tmpE54CvL._SL500_.jpg" alt="Product Image"></a><p>ABenkle 10Pcs Dotting Tools Ball Styluses for Rock Painting, Pottery Clay Modeling Embossing Art Mandala</p><p> -14% 0FF </p><p>$5.99 ($0.60 / Count)</p><a href="https://www.amazon.com/dp/B07QFRD6SQ?tag=eloabder-20&linkCode=osi&th=1&psc=1">View Product</a></div><div class="product"><a href="https://www.amazon.com/dp/B07SSCN6V1?tag=eloabder-20&linkCode=osi&th=1&psc=1"><img src="https://m.media-amazon.com/images/I/311dLXgZYOL._SL500_.jpg" alt="Product Image"></a><p>Sizzix Heat Tool , Dual Speed, US Version for Shrink Plastic, Moulding, Embossing, Scrapbooking, Cardmaking, Papercraft & DIY, Multi Color, One Size, Multicolour</p><p> -34% 0FF </p><p>$21.19</p><a href="https://www.amazon.com/dp/B07SSCN6V1?tag=eloabder-20&linkCode=osi&th=1&psc=1">View Product</a></div>
<div class="product"><a href="https://www.amazon.com/dp/B077Z5VJHN?tag=eloabder-20&linkCode=osi&th=1&psc=1"><img src="https://m.media-amazon.com/images/I/513G8qFSDiL._SL500_.jpg" alt="Product Image"></a><p>New brothread 40 Brother Colors Polyester Embroidery Machine Thread Kit 500M (550Y) Each Spool for Brother Babylock Janome Singer Pfaff Husqvarna Bernina Sewing Machines</p><p> -30% 0FF </p><p>$25.99 ($0.00 / Foot)</p><a href="https://www.amazon.com/dp/B077Z5VJHN?tag=eloabder-20&linkCode=osi&th=1&psc=1">View Product</a></div>
<div class="product"><a href="https://www.amazon.com/dp/B09TNBFF73?tag=eloabder-20&linkCode=osi&th=1&psc=1"><img src="https://m.media-amazon.com/images/I/51NHCkApGGL._SL500_.jpg" alt="Product Image"></a><p>Beech Wood Tapestry Scroll Embroidery Frames, Needlepoint Cross Stitch Holder, Quilting Frames, Needlepoint Holder, Stitching Frame for Sewing, Cross Stitch, Embroidery Projects</p><p> -7% 0FF </p><p>$25.99</p><a href="https://www.amazon.com/dp/B09TNBFF73?tag=eloabder-20&linkCode=osi&th=1&psc=1">View Product</a></div>
<div class="product"><a href="https://www.amazon.com/dp/B07K9HHRW9?tag=eloabder-20&linkCode=osi&th=1&psc=1"><img src="https://m.media-amazon.com/images/I/51Ywxes9hYL._SL500_.jpg" alt="Product Image"></a><p>Caydo 12 Pieces 6 Inch Embroidery Hoops Set Bulk Circle Cross Stitch Hoop Round Ring</p><p> -42% 0FF </p><p>$17.99</p><a href="https://www.amazon.com/dp/B07K9HHRW9?tag=eloabder-20&linkCode=osi&th=1&psc=1">View Product</a></div>
<div class="product"><a href="https://www.amazon.com/dp/B084T4PTN7?tag=eloabder-20&linkCode=osi&th=1&psc=1"><img src="https://m.media-amazon.com/images/I/51CvRgFO-nL._SL500_.jpg" alt="Product Image"></a><p>53 Pieces Cross Stitch Tool Embroidery Starter Kit, includes Bamboo Circle Cross Stitch Hoop Ring, Vintage Sewing Scissors, Needle-Threading Tools, Thimbles, Floss Bobbins, Seam Ripper and Embroidery</p><p> -6% 0FF </p><p>$14.99</p><a href="https://www.amazon.com/dp/B084T4PTN7?tag=eloabder-20&linkCode=osi&th=1&psc=1">View Product</a></div><div class="product"><a href="https://www.amazon.com/dp/B0BZP6ZGN8?tag=eloabder-20&linkCode=osi&th=1&psc=1"><img src="https://m.media-amazon.com/images/I/51mlLtsppFL._SL500_.jpg" alt="Product Image"></a><p>Picoey Modern Flower Heart Embroidery Kit for Beginners with Pattern and Instructions,4 Pack Cross Stitch Kits,2 Wooden Embroidery Hoops,Threads and Needles,Needlepoint Kit for Adults</p><p> -20% 0FF </p><p>$14.39</p><a href="https://www.amazon.com/dp/B0BZP6ZGN8?tag=eloabder-20&linkCode=osi&th=1&psc=1">View Product</a></div>
<div class="product"><a href="https://www.amazon.com/dp/B0893412R4?tag=eloabder-20&linkCode=osi&th=1&psc=1"><img src="https://m.media-amazon.com/images/I/51UQ3vEfiIL._SL500_.jpg" alt="Product Image"></a><p>23 PCS Large Eye Sewing Needles, 2.36in Sewing Sharp Needles, Leather Needle Embroidery Thread Needle, Stainless Steel Yarn Knitting Needles with a 3.3in Plastic Bottle</p><p> -26% 0FF </p><p>$3.99</p><a href="https://www.amazon.com/dp/B0893412R4?tag=eloabder-20&linkCode=osi&th=1&psc=1">View Product</a></div><div class="product"><a href="https://www.amazon.com/dp/B0CR16V8LH?tag=eloabder-20&linkCode=osi&th=1&psc=1"><img src="https://m.media-amazon.com/images/I/51seXBZrmSL._SL500_.jpg" alt="Product Image"></a><p>FIVEIZERO 30-Count Premium Hand Sewing Needles, 6 Sizes Embroidery Needles Kit with Threaders for Hand Sewing Crafts,Large Eye Sewing Needle Kit for Art and Craft Projects</p><p> -33% 0FF </p><p>$3.99</p><a href="https://www.amazon.com/dp/B0CR16V8LH?tag=eloabder-20&linkCode=osi&th=1&psc=1">View Product</a></div><div class="product"><a href="https://www.amazon.com/dp/B0C52SWHNY?tag=eloabder-20&linkCode=osi&th=1&psc=1"><img src="https://m.media-amazon.com/images/I/51PTOYvxsuL._SL500_.jpg" alt="Product Image"></a><p>FIVEIZERO 80/40 PCS Large Eye Sewing Needles, 7 Sizes Sewing Sharp Needles, Leather Needle Embroidery Thread Needle, Stainless Steel Yarn Knitting Needles with Threaders for Handsewing Art Crafts CJ</p><p> -29% 0FF </p><p>$4.99</p><a href="https://www.amazon.com/dp/B0C52SWHNY?tag=eloabder-20&linkCode=osi&th=1&psc=1">View Product</a></div><div class="product"><a href="https://www.amazon.com/dp/B000YQEVYQ?tag=eloabder-20&linkCode=osi&th=1&psc=1"><img src="https://m.media-amazon.com/images/I/31ofpWcLFnL._SL500_.jpg" alt="Product Image"></a><p>Clover Gold Eye Embroidery Needles Size 3-9 - 16 Pack</p><p> -34% 0FF </p><p>$4.72 ($0.30 / Count)</p><a href="https://www.amazon.com/dp/B000YQEVYQ?tag=eloabder-20&linkCode=osi&th=1&psc=1">View Product</a></div><div class="product"><a href="https://www.amazon.com/dp/B08FG2SW2J?tag=eloabder-20&linkCode=osi&th=1&psc=1"><img src="https://m.media-amazon.com/images/I/51NLNzyOQiL._SL500_.jpg" alt="Product Image"></a><p>KYUEWRT 25 Large Eye Embroidery Needles-5 Sizes Big Eye Hand Sewing Needles in Aluminum Storage Tube</p><p> -9% 0FF </p><p>$4.99</p><a href="https://www.amazon.com/dp/B08FG2SW2J?tag=eloabder-20&linkCode=osi&th=1&psc=1">View Product</a></div>
<div class="product"><a href="https://www.amazon.com/dp/B007X6YQO0?tag=eloabder-20&linkCode=osi&th=1&psc=1"><img src="https://m.media-amazon.com/images/I/51zNbVKMfBL._SL500_.jpg" alt="Product Image"></a><p>Aunt Martha's 402 Flowers and Butterflies Embroidery Transfer Pattern Book, Over 25 Iron On Patterns</p><p> -9% 0FF </p><p>$5.31 ($0.21 / Count)</p><a href="https://www.amazon.com/dp/B007X6YQO0?tag=eloabder-20&linkCode=osi&th=1&psc=1">View Product</a></div><div class="product"><a href="https://www.amazon.com/dp/B0C53Y6RT5?tag=eloabder-20&linkCode=osi&th=1&psc=1"><img src="https://m.media-amazon.com/images/I/51V0SAIOO-L._SL500_.jpg" alt="Product Image"></a><p>Patemby 50Pcs Water Soluble Embroidery Stabilizers, Stick and Stitch Embroidery Paper with Pre-Printed Flowers and Leaves Pattern Transfers for Hand Sewing Lover Beginners (Flower)</p><p> -40% 0FF </p><p>$5.99</p><a href="https://www.amazon.com/dp/B0C53Y6RT5?tag=eloabder-20&linkCode=osi&th=1&psc=1">View Product</a></div>
<div class="product"><a href="https://www.amazon.com/dp/B08TBFJL83?tag=eloabder-20&linkCode=osi&th=1&psc=1"><img src="https://m.media-amazon.com/images/I/41TUv5gIsaL._SL500_.jpg" alt="Product Image"></a><p>Hisuper Sewing scissors sharp Embroidery Crafting Threading Scissors with Leather Scissors Cover for Needlework Craft Art Work Manual Handicraft DIY Tool</p><p> -30% 0FF </p><p>$6.99</p><a href="https://www.amazon.com/dp/B08TBFJL83?tag=eloabder-20&linkCode=osi&th=1&psc=1">View Product</a></div>

<div class="product"><a href="https://www.amazon.com/dp/B00YTF1GEQ?tag=eloabder-20&linkCode=osi&th=1&psc=1"><img src="https://m.media-amazon.com/images/I/31MocDOlO8L._SL500_.jpg" alt="Product Image"></a><p>We R Memory Keepers 123 Punch Board, Create Custom Envelopes, Boxes, and Bows, All-in-on Punch Board, Use with Cardstock or Favorite Paper, Gift Boxes, Birthdays, Holidays, Wedding Showers, Parties</p><p> -13% 0FF </p><p>$34.99</p><a href="https://www.amazon.com/dp/B00YTF1GEQ?tag=eloabder-20&linkCode=osi&th=1&psc=1">View Product</a></div><div class="product"><a href="https://www.amazon.com/dp/B01N3SGEJK?tag=eloabder-20&linkCode=osi&th=1&psc=1"><img src="https://m.media-amazon.com/images/I/51pcQCzILiL._SL500_.jpg" alt="Product Image"></a><p>Fiskars Crafts 119310 Gifting Board, Box</p><p> -44% 0FF </p><p>$25.73</p><a href="https://www.amazon.com/dp/B01N3SGEJK?tag=eloabder-20&linkCode=osi&th=1&psc=1">View Product</a></div><div class="product"><a href="https://www.amazon.com/dp/B07JQRP21Z?tag=eloabder-20&linkCode=osi&th=1&psc=1"><img src="https://m.media-amazon.com/images/I/31KO1DEz5-L._SL500_.jpg" alt="Product Image"></a><p>We R Memory Keepers Pocket Maker Punch Board, 6-Piece, Create Pockets to Store Keepsakes Over 100 Pocket Sizes, for Journaling, Scrapbooking, & More</p><p> -17% 0FF </p><p>$19.99</p><a href="https://www.amazon.com/dp/B07JQRP21Z?tag=eloabder-20&linkCode=osi&th=1&psc=1">View Product</a></div>
<div class="product"><a href="https://www.amazon.com/dp/B09QH6XVZ4?tag=eloabder-20&linkCode=osi&th=1&psc=1"><img src="https://m.media-amazon.com/images/I/51yWxODJn-L._SL500_.jpg" alt="Product Image"></a><p>Beast Bond Epoxy Resin - Ultra-Gloss 1 Gallon Kit, Crystal Clear, Self-Leveling, UV & Impact Resistant Resin Kit for Art, Jewelry, Tables & Countertops, Easy 1:1 Mix, DIY Crafts</p><p> -30% 0FF </p><p>$59.99 ($0.47 / Fl Oz)</p><a href="https://www.amazon.com/dp/B09QH6XVZ4?tag=eloabder-20&linkCode=osi&th=1&psc=1">View Product</a></div><div class="product"><a href="https://www.amazon.com/dp/B0CQHB3Q7L?tag=eloabder-20&linkCode=osi&th=1&psc=1"><img src="https://m.media-amazon.com/images/I/41jKVM9F+gL._SL500_.jpg" alt="Product Image"></a><p>DR. RESIN Crystal Clear 1 Gallon Epoxy Resin, No Yellowing, Self-Leveling, Bubble Free Resin Kit for Jewelry Tabletop Tumbler DIY Craft</p><p> -32% 0FF </p><p>$33.99 ($0.27 / Fl Oz)</p><a href="https://www.amazon.com/dp/B0CQHB3Q7L?tag=eloabder-20&linkCode=osi&th=1&psc=1">View Product</a></div>
<div class="product"><a href="https://www.amazon.com/dp/B00178QSE6?tag=eloabder-20&linkCode=osi&th=1&psc=1"><img src="https://m.media-amazon.com/images/I/41TpXXoryLL._SL500_.jpg" alt="Product Image"></a><p>Aleene's 23473 Fabric Fusion Permanent Fabric Adhesive ,Clear,4oz</p><p> -29% 0FF </p><p>$6.36</p><a href="https://www.amazon.com/dp/B00178QSE6?tag=eloabder-20&linkCode=osi&th=1&psc=1">View Product</a></div><div class="product"><a href="https://www.amazon.com/dp/B0018NA0F8?tag=eloabder-20&linkCode=osi&th=1&psc=1"><img src="https://m.media-amazon.com/images/I/317ioF63wNS._SL500_.jpg" alt="Product Image"></a><p>Dritz Original Liquid Stitch, 4-Fluid Ounce</p><p> -23% 0FF </p><p>$7.19 ($1.80 / Fl Oz)</p><a href="https://www.amazon.com/dp/B0018NA0F8?tag=eloabder-20&linkCode=osi&th=1&psc=1">View Product</a></div><div class="product"><a href="https://www.amazon.com/dp/B0752XM8VN?tag=eloabder-20&linkCode=osi&th=1&psc=1"><img src="https://m.media-amazon.com/images/I/41vGEzJkTDL._SL500_.jpg" alt="Product Image"></a><p>Gorilla Heavy Duty Spray Adhesive, Multipurpose and Repositionable, 14 Ounce, Clear, (Pack of 1)</p><p> -7% 0FF </p><p>$12.12 ($0.87 / Ounce)</p><a href="https://www.amazon.com/dp/B0752XM8VN?tag=eloabder-20&linkCode=osi&th=1&psc=1">View Product</a></div><div class="product"><a href="https://www.amazon.com/dp/B00IR153UG?tag=eloabder-20&linkCode=osi&th=1&psc=1"><img src="https://m.media-amazon.com/images/I/41TA7zL8KWL._SL500_.jpg" alt="Product Image"></a><p>E6000 565004 Fabri-Fuse Adhesive - 4 fl oz Shelf Bottle</p><p> -32% 0FF </p><p>$8.14 ($2.04 / Fl Oz)</p><a href="https://www.amazon.com/dp/B00IR153UG?tag=eloabder-20&linkCode=osi&th=1&psc=1">View Product</a></div>
<div class="product"><a href="https://www.amazon.com/dp/B09YC659T8?tag=eloabder-20&linkCode=osi&th=1&psc=1"><img src="https://m.media-amazon.com/images/I/519RfwiZrUL._SL500_.jpg" alt="Product Image"></a><p>HTVRONT Tie Dye Kit - 32 Vibrant Colors Pre-Filled Bottles Tyedyedye Kit, Permanent Non-Toxic for Large Groups Kids Adults,Tye Fabric Textile Handmade Party(Just Add Water)</p><p> -33% 0FF </p><p>$19.54</p><a href="https://www.amazon.com/dp/B09YC659T8?tag=eloabder-20&linkCode=osi&th=1&psc=1">View Product</a></div><div class="product"><a href="https://www.amazon.com/dp/B07YYM2NL6?tag=eloabder-20&linkCode=osi&th=1&psc=1"><img src="https://m.media-amazon.com/images/I/418nOS1ZSXL._SL500_.jpg" alt="Product Image"></a><p>Rit Back to Black Dye Kit, 5.88 x 5 x 2.38</p><p> -10% 0FF </p><p>$8.99 ($0.56 / Fl Oz)</p><a href="https://www.amazon.com/dp/B07YYM2NL6?tag=eloabder-20&linkCode=osi&th=1&psc=1">View Product</a></div><div class="product"><a href="https://www.amazon.com/dp/B07KRL6SQ8?tag=eloabder-20&linkCode=osi&th=1&psc=1"><img src="https://m.media-amazon.com/images/I/41+C6NWMp1L._SL500_.jpg" alt="Product Image"></a><p>Rit DyeMore Liquid Dye, Tropical Teal</p><p> -47% 0FF </p><p>$4.47</p><a href="https://www.amazon.com/dp/B07KRL6SQ8?tag=eloabder-20&linkCode=osi&th=1&psc=1">View Product</a></div>            </div>
              
            <!-- Bouton flottant -->
            <button class="floating-button" onclick="window.location.href='https://www.iasmarket.us'">HOME</button>
            <div class="pagination">
            <a href="https://iasmarket.github.io/ArtsAndCrafts/">Back</a>
                  </div>
              
                      <!-- Ajoutez plus de liens si nécessaire -->
                  </div>
                  <script>
                      function updateTime() {
                          const optionsDate = {
                              timeZone: 'America/Los_Angeles',
                              year: 'numeric',
                              month: 'long',
                              day: 'numeric',
                              weekday: 'long'
                          };
                          const optionsTime = {
                              timeZone: 'America/Los_Angeles',
                              hour: '2-digit',
                              minute: '2-digit',
                              second: '2-digit'
                          };
              
                          const now = new Date();
                          const formatterDate = new Intl.DateTimeFormat('en-US', optionsDate);
                          const formatterTime = new Intl.DateTimeFormat('en-US', optionsTime);
              
                          const formattedDate = formatterDate.format(now);
                          const formattedTime = formatterTime.format(now);
              
                          document.getElementById('comment').textContent = "As an AMAZON Associate, I earn from qualifying purchases.";
                          document.getElementById('date').textContent = formattedDate;
                          document.getElementById('time').textContent = formattedTime;
                      }
              
                      updateTime();
                      setInterval(updateTime, 1000);
                  </script>
              </body>
              
              </html>
                      