<!DOCTYPE html>
<html lang="en">

<head>
    <meta charset="UTF-8">
    <meta http-equiv="X-UA-Compatible" content="IE=edge">
    <meta name="viewport" content="width=device-width, initial-scale=1.0">
    <title>Amazon Product Page</title>
    <style>
        body {
            background-color: black;
            color: white;
        }

        .datetime {
            text-align: center;
            color: gray;
        }

        .date, .time {
            font-size: 48px;
        }

        .container {
            display: flex;
            flex-wrap: wrap;
            justify-content: center;
            align-items: center;
            min-height: calc(100vh - 7cm);
        }

        .product {
            width: calc(100% / 4);
            margin-bottom: 20px;
            text-align: center;
            border: 1px solid red;
            border-radius: 10px;
            overflow: hidden;
            padding: 10px;
            display: flex;
            flex-direction: column;
            background-color: black;
            color: white;
        }

        .product .content {
            height: 200px;
            overflow: hidden;
        }

        .product img {
            width: 100%;
            height: auto;
            display: block;
        }

        .product .description {
            margin-top: 10px;
        }

        .product .more-link {
            margin-top: 5px;
            cursor: pointer;
            color: blue;
        }
        .pagination {
            text-align: center;
            margin: 20px 0;
        }

        .pagination a {
            color: white;
            padding: 8px 16px;
            text-decoration: none;
            background-color: gray;
            margin: 0 4px;
            border-radius: 4px;
        }

        .pagination a:hover {
            background-color: #575757;
        }
        @media (min-width: 768px) and (max-width: 991px) {
            .product {
                width: calc(100% / 3);
            }
        }

        @media (max-width: 767px) {
            .product {
                width: 100%;
            }
        }

        /* Style pour le bouton flottant */
        .floating-button {
            position: fixed;
            bottom: 20px;
            right: 20px;
            background-color: red;
            color: white;
            border: none;
            border-radius: 50%;
            width: 60px;
            height: 60px;
            text-align: center;
            font-size: 18px;
            cursor: pointer;
            z-index: 1000;
            box-shadow: 0 4px 8px rgba(0, 0, 0, 0.2);
        }
    </style>
</head>

<body>
    <div class="datetime">
        <div class="date" id="comment"></div>
        <div class="date" id="date"></div>
        <div class="time" id="time"></div>
    </div>

    <div class="container">
      <div class="product"><a href="https://www.amazon.com/dp/B0BR9M5GT6?tag=eloabder-20&linkCode=osi&th=1&psc=1"><img src="https://m.media-amazon.com/images/I/61jKQSVpNKL._SL500_.jpg" alt="Product Image"></a><p>Drawdart 47 Pack Acrylic Paint Set, 36 Colors Art Painting Supplies for Canvas Wood Fabric Ceramic Crafts, Non Toxic & Rich Pigments for Artists & Hobby Painters, 2 fl oz / 60 ml Bottles</p><p>$24.99 ($0.35 / Fl Oz)</p><a href="https://www.amazon.com/dp/B0BR9M5GT6?tag=eloabder-20&linkCode=osi&th=1&psc=1">View Product</a></div><div class="product"><a href="https://www.amazon.com/dp/B006AT7P6M?tag=eloabder-20&linkCode=osi&th=1&psc=1"><img src="https://m.media-amazon.com/images/I/415ZwGErxOL._SL500_.jpg" alt="Product Image"></a><p>Apple Barrel Acrylic Paint in Assorted Colors (2 oz), 20501, Bright Red</p><p>$0.58 ($0.29 / Fl Oz)</p><a href="https://www.amazon.com/dp/B006AT7P6M?tag=eloabder-20&linkCode=osi&th=1&psc=1">View Product</a></div><div class="product"><a href="https://www.amazon.com/dp/B0BNV7BMN2?tag=eloabder-20&linkCode=osi&th=1&psc=1"><img src="https://m.media-amazon.com/images/I/51K4iYzckvL._SL500_.jpg" alt="Product Image"></a><p>Fantastory Acrylic Paint Set, 24 Classic Colors(2oz), Professional Craft Paint Kit,Canvas/Rock/Stone/Ceramic/Model/Wood Painting with 12 Brushes</p><p>$25.99 ($0.36 / Fl Oz)</p><a href="https://www.amazon.com/dp/B0BNV7BMN2?tag=eloabder-20&linkCode=osi&th=1&psc=1">View Product</a></div><div class="product"><a href="https://www.amazon.com/dp/B0728B4CLJ?tag=eloabder-20&linkCode=osi&th=1&psc=1"><img src="https://m.media-amazon.com/images/I/41aBzZtF9-L._SL500_.jpg" alt="Product Image"></a><p>FolkArt Acrylic Paint in Assorted Colors (2 oz), , Mossy Meadow</p><p>$1.17 ($0.58 / Fl Oz)</p><a href="https://www.amazon.com/dp/B0728B4CLJ?tag=eloabder-20&linkCode=osi&th=1&psc=1">View Product</a></div><div class="product"><a href="https://www.amazon.com/dp/B0BY3G2CXG?tag=eloabder-20&linkCode=osi&th=1&psc=1"><img src="https://m.media-amazon.com/images/I/51Cn6kY12wL._SL500_.jpg" alt="Product Image"></a><p>36 Assorted Acrylic Paint Set by Craft Smart - Non-Toxic Paint for Drawing, Painting, Art & Crafts Supplies - 1 Pack</p><p>$28.98</p><a href="https://www.amazon.com/dp/B0BY3G2CXG?tag=eloabder-20&linkCode=osi&th=1&psc=1">View Product</a></div>

<div class="product"><a href="https://www.amazon.com/dp/B08722TFPH?tag=eloabder-20&linkCode=osi&th=1&psc=1"><img src="https://m.media-amazon.com/images/I/51DqPIU5lcL._SL500_.jpg" alt="Product Image"></a><p>LIUYAXI 20 Colors 100 Yard Satin Ribbon Fabric Ribbon Silk Ribbon Assorted Colors Rolls, 2/5" Wide 5 Yard/Roll, Ribbons Perfect for Gift Wrapping,Crafts, Hair Bows, Wedding Party Decoration and More</p><p>$7.99 ($0.03 / Foot)</p><a href="https://www.amazon.com/dp/B08722TFPH?tag=eloabder-20&linkCode=osi&th=1&psc=1">View Product</a></div><div class="product"><a href="https://www.amazon.com/dp/B08M3BDRX3?tag=eloabder-20&linkCode=osi&th=1&psc=1"><img src="https://m.media-amazon.com/images/I/51qwMfv7kXL._SL500_.jpg" alt="Product Image"></a><p>Winlyn 36 Colors 900 Yards Fabric Ribbons Satin Ribbons Metallic Glitter Ribbons Rolls Craft Ribbons Embellish Decorative Ribbons 2/5" Wide for Floral Bouquet Gifts Crafts Bows Party Wedding</p><p>$13.99 ($0.01 / Foot)</p><a href="https://www.amazon.com/dp/B08M3BDRX3?tag=eloabder-20&linkCode=osi&th=1&psc=1">View Product</a></div><div class="product"><a href="https://www.amazon.com/dp/B08NXF43DB?tag=eloabder-20&linkCode=osi&th=1&psc=1"><img src="https://m.media-amazon.com/images/I/51fTtUVKi5L._SL500_.jpg" alt="Product Image"></a><p>MEEDEE Rainbow Ribbon Solid Color Assortment 10 Colors Double Face Satin Ribbon for Gift Wrapping Happy Birthday Party Decorations, 3/8" X 5 Yard Each Total 50 Yds Per Package</p><p>$7.99 ($0.05 / Foot)</p><a href="https://www.amazon.com/dp/B08NXF43DB?tag=eloabder-20&linkCode=osi&th=1&psc=1">View Product</a></div><div class="product"><a href="https://www.amazon.com/dp/B01N8W0Z45?tag=eloabder-20&linkCode=osi&th=1&psc=1"><img src="https://m.media-amazon.com/images/I/61OkEfd-1BL._SL500_.jpg" alt="Product Image"></a><p>QingHan Grosgrain Ribbons for Crafts Gifts Wrapping 3/8" Boutique Polka Dot Fabric Ribbon 40yd (20 x 2yd)</p><p>$5.99 ($0.05 / Foot)</p><a href="https://www.amazon.com/dp/B01N8W0Z45?tag=eloabder-20&linkCode=osi&th=1&psc=1">View Product</a></div><div class="product"><a href="https://www.amazon.com/dp/B0CS5G5PCX?tag=eloabder-20&linkCode=osi&th=1&psc=1"><img src="https://m.media-amazon.com/images/I/51xzSU+d8QL._SL500_.jpg" alt="Product Image"></a><p>Ribbli Rainbow Satin Ribbon 3/8 Inch x 12 Rolls Total 60 Yards- Colorful Ribbon for Gift Wrapping Craft Party Decoration Baby Shower Wedding</p><p>$7.99 ($0.04 / Foot)</p><a href="https://www.amazon.com/dp/B0CS5G5PCX?tag=eloabder-20&linkCode=osi&th=1&psc=1">View Product</a></div><div class="product"><a href="https://www.amazon.com/dp/B009V35YVC?tag=eloabder-20&linkCode=osi&th=1&psc=1"><img src="https://m.media-amazon.com/images/I/41OYxs2N6GL._SL500_.jpg" alt="Product Image"></a><p>LaRibbons 10 Color 50Yards Solid Satin Ribbon,3/8" X 5 Yard/Roll Colorful Double Face Rainbow Ribbon for Crafts,Flower Bouquet,Gift Wrapping,Hair Bows,Birthday,Wedding Party Decoration</p><p>$4.99</p><a href="https://www.amazon.com/dp/B009V35YVC?tag=eloabder-20&linkCode=osi&th=1&psc=1">View Product</a></div><div class="product"><a href="https://www.amazon.com/dp/B07BDG8KXB?tag=eloabder-20&linkCode=osi&th=1&psc=1"><img src="https://m.media-amazon.com/images/I/61zpTp+xLjL._SL500_.jpg" alt="Product Image"></a><p>Supla 16 Colors 400 Yard Fabric Ribbon Silk Satin Roll Satin Ribbon Rolls in 2/5" Wide, 25 Yard/roll,16 Rolls,Satin Ribbon Fabric Ribbon Embellish Ribbon Ribbon for Bows Crafts Gifts Party Wedding</p><p>$8.99 ($0.01 / Foot)</p><a href="https://www.amazon.com/dp/B07BDG8KXB?tag=eloabder-20&linkCode=osi&th=1&psc=1">View Product</a></div><div class="product"><a href="https://www.amazon.com/dp/B0CRD7S24X?tag=eloabder-20&linkCode=osi&th=1&psc=1"><img src="https://m.media-amazon.com/images/I/51Xe-SI-ZHL._SL500_.jpg" alt="Product Image"></a><p>LIUYAXI 100 Yards Solid Grosgrain Ribbon, 3/8" X 5 Yard/Roll, 20 Colors Rainbow Multicolor Fabric Ribbons Roll Perfect for Crafts Gifts Wrapping Flower Bouquet Hair Bows & Other Projects</p><p>$7.99 ($0.03 / Foot)</p><a href="https://www.amazon.com/dp/B0CRD7S24X?tag=eloabder-20&linkCode=osi&th=1&psc=1">View Product</a></div>


<div class="product"><a href="https://www.amazon.com/dp/B08MZ6MQZM?tag=eloabder-20&linkCode=osi&th=1&psc=1"><img src="https://m.media-amazon.com/images/I/51rVPzuNy4L._SL500_.jpg" alt="Product Image"></a><p>Basic Shapes 1: Circles, Triangles, Squares, Ovals, 676 Pieces US Made Card Stock Punch Out Geometric Shapes in 3 Sizes and 4 PRIMARY Colors for Math, Pattern Play and DIY Crafting</p><p>$11.99</p><a href="https://www.amazon.com/dp/B08MZ6MQZM?tag=eloabder-20&linkCode=osi&th=1&psc=1">View Product</a></div><div class="product"><a href="https://www.amazon.com/dp/B072JW6NQT?tag=eloabder-20&linkCode=osi&th=1&psc=1"><img src="https://m.media-amazon.com/images/I/61uY6781clL._SL500_.jpg" alt="Product Image"></a><p>260 Pieces Colorful Glitter Foam Stickers Self Adhesive Stars Mini Heart Shapes Glitter Stickers, Kid's Arts Craft Supplies Greeting Cards Home Decoration Stars&Heart Shapes</p><p>$6.74 ($0.03 / Count)</p><a href="https://www.amazon.com/dp/B072JW6NQT?tag=eloabder-20&linkCode=osi&th=1&psc=1">View Product</a></div>


<div class="product"><a href="https://www.amazon.com/dp/B07KD1WKXY?tag=eloabder-20&linkCode=osi&th=1&psc=1"><img src="https://m.media-amazon.com/images/I/51y9zQOd9XL._SL500_.jpg" alt="Product Image"></a><p>(109 Yards/1.5mm/35 Colors Optional) Cotton Baker Twine DIY Craft Macramé Natural Cotton Rope Craft Making Knitting String Rope DIY Wedding Decor Supply Christmas Wrapping(deep green)</p><p>$4.98 ($0.02 / Foot)</p><a href="https://www.amazon.com/dp/B07KD1WKXY?tag=eloabder-20&linkCode=osi&th=1&psc=1">View Product</a></div><div class="product"><a href="https://www.amazon.com/dp/B0C7G868WP?tag=eloabder-20&linkCode=osi&th=1&psc=1"><img src="https://m.media-amazon.com/images/I/51YFxbYrxGL._SL500_.jpg" alt="Product Image"></a><p>Ohtomber Bracelet String Elastic Cord - 2 Rolls 1MM Stretchy String for Bracelet Making, Rainbow Elastic Bracelets String Thread for Clay Beads, Bracelets, Jewelry Making, Necklaces, Sewing and Crafts</p><p>$5.99 ($0.01 / Foot)</p><a href="https://www.amazon.com/dp/B0C7G868WP?tag=eloabder-20&linkCode=osi&th=1&psc=1">View Product</a></div>
<div class="product"><a href="https://www.amazon.com/dp/B0CHTZD63Q?tag=eloabder-20&linkCode=osi&th=1&psc=1"><img src="https://m.media-amazon.com/images/I/511hgeOlnkL._SL500_.jpg" alt="Product Image"></a><p>Secopad Scrapbook Tape, 4 Pack Double Sided Tape Roller for Crafts, Sticky Glue Tape Runner Scrapbooking Supplies Journaling School Office for Kids and Adults, 0.3IN x 26FT</p><p>$6.63 ($1.66 / Count)</p><a href="https://www.amazon.com/dp/B0CHTZD63Q?tag=eloabder-20&linkCode=osi&th=1&psc=1">View Product</a></div><div class="product"><a href="https://www.amazon.com/dp/B0BKZ2WVFY?tag=eloabder-20&linkCode=osi&th=1&psc=1"><img src="https://m.media-amazon.com/images/I/519ga5fVbbL._SL500_.jpg" alt="Product Image"></a><p>Guirnd 12PCS Colored Masking Tape, Kids Art Supplies Colored Tape, DIY Craft Tape, Colored Tape Rolls, Colored Painters Tape 1.7cm x 12m (2/3In x 13Yards)</p><p>$5.99 ($0.50 / Count)</p><a href="https://www.amazon.com/dp/B0BKZ2WVFY?tag=eloabder-20&linkCode=osi&th=1&psc=1">View Product</a></div><div class="product"><a href="https://www.amazon.com/dp/B0B1ZYCJPG?tag=eloabder-20&linkCode=osi&th=1&psc=1"><img src="https://m.media-amazon.com/images/I/51zcGqodSPL._SL500_.jpg" alt="Product Image"></a><p>Simetufy 5400 Pcs 1 Inch Tissue Paper Squares, 36 Assorted Colored Tissue Paper for Crafts, Art Rainbow Tissue Paper Bulk for Art Projects, Collage, Suncatchers, Scrapbooking - Non Bleeding</p><p>$7.49</p><a href="https://www.amazon.com/dp/B0B1ZYCJPG?tag=eloabder-20&linkCode=osi&th=1&psc=1">View Product</a></div>

<div class="product"><a href="https://www.amazon.com/dp/B07RZFHS87?tag=eloabder-20&linkCode=osi&th=1&psc=1"><img src="https://m.media-amazon.com/images/I/418QZBtYWTL._SL500_.jpg" alt="Product Image"></a><p>Lazydrop Double-Sided Tape for Arts, Crafts, Photography, Scrapbooking, Tear-by-Hand, Paper Backing (6 Rolls) (Width: 6mm/ 9mm/ 12mm/ 15mm)</p><p>$7.99 ($0.01 / Foot)</p><a href="https://www.amazon.com/dp/B07RZFHS87?tag=eloabder-20&linkCode=osi&th=1&psc=1">View Product</a></div><div class="product"><a href="https://www.amazon.com/dp/B0BPS4V3TG?tag=eloabder-20&linkCode=osi&th=1&psc=1"><img src="https://m.media-amazon.com/images/I/41fTeS+RuRL._SL500_.jpg" alt="Product Image"></a><p>Double Sided Tape for Crafts, Double-Sided Tape for Arts, Scrapbook Supplies, Photography, Gifts Box, Scrapbooking, Card Making, Paper Backing, Tear-by-Hand, 6 Roll Heavy Duty Multi-Size Adhesive Tape</p><p>$6.29 ($0.02 / Foot)</p><a href="https://www.amazon.com/dp/B0BPS4V3TG?tag=eloabder-20&linkCode=osi&th=1&psc=1">View Product</a></div><div class="product"><a href="https://www.amazon.com/dp/B098FCBMQV?tag=eloabder-20&linkCode=osi&th=1&psc=1"><img src="https://m.media-amazon.com/images/I/41E1XYg1+gL._SL500_.jpg" alt="Product Image"></a><p>Craftzilla Colored Masking Tape – 7 Roll Multi Pack – 210 Feet x 1 Inch of Colorful Craft Tape – Vibrant Rainbow Masking Tape –Colored Tape Rolls for Arts & Crafts, Labeling and Color-Coding</p><p>$12.95 ($0.01 / Foot)</p><a href="https://www.amazon.com/dp/B098FCBMQV?tag=eloabder-20&linkCode=osi&th=1&psc=1">View Product</a></div><div class="product"><a href="https://www.amazon.com/dp/B0CBRTT4SY?tag=eloabder-20&linkCode=osi&th=1&psc=1"><img src="https://m.media-amazon.com/images/I/41Ne5OTMBHL._SL500_.jpg" alt="Product Image"></a><p>XEHAHOSH 3 Rolls Double Sided Tape for Crafts, Arts, Scrapbooking, Photography, Paper Backing, Tear-by-Hand. 0.6in by 43-FT</p><p>$5.29</p><a href="https://www.amazon.com/dp/B0CBRTT4SY?tag=eloabder-20&linkCode=osi&th=1&psc=1">View Product</a></div><div class="product"><a href="https://www.amazon.com/dp/B08ZJB4XBX?tag=eloabder-20&linkCode=osi&th=1&psc=1"><img src="https://m.media-amazon.com/images/I/41FzzlZNG0L._SL500_.jpg" alt="Product Image"></a><p>8 Rolls Colored Masking Tape Rainbow Colors Painters Tape Colorful Craft Art Paper Tape for Kids Labeling Arts Crafts DIY Decorative Coding Decoration Teaching Supplies, 0.6 Inch x 16 Yard, 8 Colors</p><p>$6.99 ($0.87 / Count)</p><a href="https://www.amazon.com/dp/B08ZJB4XBX?tag=eloabder-20&linkCode=osi&th=1&psc=1">View Product</a></div><div class="product"><a href="https://www.amazon.com/dp/B09GDZH5PV?tag=eloabder-20&linkCode=osi&th=1&psc=1"><img src="https://m.media-amazon.com/images/I/41cZAy06SiL._SL500_.jpg" alt="Product Image"></a><p>DGTANGYIN 1/4" 2 Rolls Double Sided Adhesive Sticky Tape for Arts, DIY, Crafts, Photography, Scrapbooking, Card Making, Gift Wrapping, Office School Stationery Supplies, Home Supplies(Width: 6mm)</p><p>$3.99 ($0.00 / Foot)</p><a href="https://www.amazon.com/dp/B09GDZH5PV?tag=eloabder-20&linkCode=osi&th=1&psc=1">View Product</a></div>
<div class="product"><a href="https://www.amazon.com/dp/B09XR1XBWG?tag=eloabder-20&linkCode=osi&th=1&psc=1"><img src="https://m.media-amazon.com/images/I/31h+RS-Nv6L._SL500_.jpg" alt="Product Image"></a><p>10PCS 7mil Blank Mylar Stencil Sheets,12X12 inch Milky Translucent PET Blank Stencils Sheets,Template Material for Cutting Machines, Laser Cutting, Food-Safe Craft Plastic</p><p>$8.99</p><a href="https://www.amazon.com/dp/B09XR1XBWG?tag=eloabder-20&linkCode=osi&th=1&psc=1">View Product</a></div>

<div class="product"><a href="https://www.amazon.com/dp/B0D3HPD7WP?tag=eloabder-20&linkCode=osi&th=1&psc=1"><img src="https://m.media-amazon.com/images/I/31KSmmAWUWL._SL500_.jpg" alt="Product Image"></a><p>50 Sheets Grey Cardstock Paper, Colored Printer Paper 8.5 x 11, Thick Construction Paper for Cards Making, Scrapbook，Office Printing, Invitations, Certificates，DIY Crafting 92 lb/250gsm</p><p>$9.99</p><a href="https://www.amazon.com/dp/B0D3HPD7WP?tag=eloabder-20&linkCode=osi&th=1&psc=1">View Product</a></div>
<div class="product"><a href="https://www.amazon.com/dp/B076CP6F36?tag=eloabder-20&linkCode=osi&th=1&psc=1"><img src="https://m.media-amazon.com/images/I/51rfEIvgI+L._SL500_.jpg" alt="Product Image"></a><p>Apple Barrel, Vibrant Spectrum Collection Acrylic Craft Paint, PROMOABIII, 2 fl oz each, 16 assorted matte colors, 16 count</p><p>$15.97 ($0.50 / Fl Oz)</p><a href="https://www.amazon.com/dp/B076CP6F36?tag=eloabder-20&linkCode=osi&th=1&psc=1">View Product</a></div><div class="product"><a href="https://www.amazon.com/dp/B0BKFLSYQF?tag=eloabder-20&linkCode=osi&th=1&psc=1"><img src="https://m.media-amazon.com/images/I/51a0PmPRknL._SL500_.jpg" alt="Product Image"></a><p>72 Pack Acrylic Paint Set, Shuttle Art 60 Colors Acrylic Paint Including Extra White Black & 12 Brushes, 2oz/60ml, Rich Pigmented, Water Proof, Ideal for Artists, Beginners on Canvas Rock Wood Ceramic</p><p>$45.99 ($23.00 / Fl Oz)</p><a href="https://www.amazon.com/dp/B0BKFLSYQF?tag=eloabder-20&linkCode=osi&th=1&psc=1">View Product</a></div><div class="product"><a href="https://www.amazon.com/dp/B08CB3JH79?tag=eloabder-20&linkCode=osi&th=1&psc=1"><img src="https://m.media-amazon.com/images/I/51OUZsFdnTL._SL500_.jpg" alt="Product Image"></a><p>Acrylic Paint Set of 36 Colors 2fl oz 60ml Bottles,Non Toxic 36 Colors Acrylic Paint No Fading Rich Pigment for Kids Adults Artists Canvas Crafts Wood Painting</p><p>$32.99 ($0.46 / Fl Oz)</p><a href="https://www.amazon.com/dp/B08CB3JH79?tag=eloabder-20&linkCode=osi&th=1&psc=1">View Product</a></div><div class="product"><a href="https://www.amazon.com/dp/B0018NBVKQ?tag=eloabder-20&linkCode=osi&th=1&psc=1"><img src="https://m.media-amazon.com/images/I/31YlSvZMTCL._SL500_.jpg" alt="Product Image"></a><p>Apple Barrel Acrylic Paint in Assorted Colors (8 Ounce), 20403 White</p><p>$2.67 ($0.33 / Fl Oz)</p><a href="https://www.amazon.com/dp/B0018NBVKQ?tag=eloabder-20&linkCode=osi&th=1&psc=1">View Product</a></div><div class="product"><a href="https://www.amazon.com/dp/B077WSBLZ1?tag=eloabder-20&linkCode=osi&th=1&psc=1"><img src="https://m.media-amazon.com/images/I/51KPkXpLn1L._SL500_.jpg" alt="Product Image"></a><p>Shuttle Art Acrylic Paint Set, 30 x12ml Tubes Artist Quality Non Toxic Rich Pigments Colors Great for Kids Adults Professional Painting on Rocks Canvas Wood Clay Fabric Ceramic Crafts</p><p>$12.99 ($1.08 / Fl Oz)</p><a href="https://www.amazon.com/dp/B077WSBLZ1?tag=eloabder-20&linkCode=osi&th=1&psc=1">View Product</a></div><div class="product"><a href="https://www.amazon.com/dp/B00889Z5Y6?tag=eloabder-20&linkCode=osi&th=1&psc=1"><img src="https://m.media-amazon.com/images/I/41MQjsyDbSL._SL500_.jpg" alt="Product Image"></a><p>Apple Barrel Acrylic Paint in Assorted Colors (2 oz), 20764, Apricot</p><p>$0.58 ($0.29 / Fl Oz)</p><a href="https://www.amazon.com/dp/B00889Z5Y6?tag=eloabder-20&linkCode=osi&th=1&psc=1">View Product</a></div><div class="product"><a href="https://www.amazon.com/dp/B09TWQD5ZL?tag=eloabder-20&linkCode=osi&th=1&psc=1"><img src="https://m.media-amazon.com/images/I/41B0L003QXL._SL500_.jpg" alt="Product Image"></a><p>Artkey Acrylic Paint Set - 24 colors 2 oz/59 ml Acrylic Paints Professional Artists Painting Kit for Canvases Fabric Rock Leather Easter Egg Wood Ceramic Glass Art Craft Painting</p><p>$19.99 ($0.42 / Fl Oz)</p><a href="https://www.amazon.com/dp/B09TWQD5ZL?tag=eloabder-20&linkCode=osi&th=1&psc=1">View Product</a></div><div class="product"><a href="https://www.amazon.com/dp/B07Z93LQDB?tag=eloabder-20&linkCode=osi&th=1&psc=1"><img src="https://m.media-amazon.com/images/I/51veoN6zK0L._SL500_.jpg" alt="Product Image"></a><p>Shuttle Art Acrylic Paint Set, 36 Colors Acrylic Paint with Brushes & Palette, 2oz Bottles, Rich Pigments Non-toxic Paint for Artists Kids & Adults, Art Supplies for Canvas Rock Ceramic Wood Painting</p><p>$27.99</p><a href="https://www.amazon.com/dp/B07Z93LQDB?tag=eloabder-20&linkCode=osi&th=1&psc=1">View Product</a></div><div class="product"><a href="https://www.amazon.com/dp/B002665SYY?tag=eloabder-20&linkCode=osi&th=1&psc=1"><img src="https://m.media-amazon.com/images/I/31sJJeWK6OS._SL500_.jpg" alt="Product Image"></a><p>Liquitex BASICS Acrylic Paint, 250ml (8.5-oz) Tube, Titanium White</p><p>$9.99 ($1.18 / Fl Oz)</p><a href="https://www.amazon.com/dp/B002665SYY?tag=eloabder-20&linkCode=osi&th=1&psc=1">View Product</a></div>
<div class="product"><a href="https://www.amazon.com/dp/B0CC98XLGL?tag=eloabder-20&linkCode=osi&th=1&psc=1"><img src="https://m.media-amazon.com/images/I/51ZLw+nThiL._SL500_.jpg" alt="Product Image"></a><p>HUIRUSO 4 Pack Double Sided Tape Roller, Scrapbook Supplies, Glue Tape Roller for Crafts, Double-Sided Adhesive Tape Runner for Scrapbooking, School Office Journaling Supplies (0.31 in X 26.25 ft)</p><p>$6.99 ($1.75 / Count)</p><a href="https://www.amazon.com/dp/B0CC98XLGL?tag=eloabder-20&linkCode=osi&th=1&psc=1">View Product</a></div><div class="product"><a href="https://www.amazon.com/dp/B007XAAE6K?tag=eloabder-20&linkCode=osi&th=1&psc=1"><img src="https://m.media-amazon.com/images/I/414qxYVR0wL._SL500_.jpg" alt="Product Image"></a><p>Scotch Double Sided Tape Runner, 1-Pack, 0.27 in x 26 ft., Perfect for Holiday Crafts, Gifts, and More</p><p>$4.47</p><a href="https://www.amazon.com/dp/B007XAAE6K?tag=eloabder-20&linkCode=osi&th=1&psc=1">View Product</a></div><div class="product"><a href="https://www.amazon.com/dp/B0BZVGPFSK?tag=eloabder-20&linkCode=osi&th=1&psc=1"><img src="https://m.media-amazon.com/images/I/51-ue9+7JkL._SL500_.jpg" alt="Product Image"></a><p>Birllaid Double Sided Tape for Walls, Picture Hanging Strips Removable Mounting Dots Adhesive Heavy Duty, Removable for Art Craft, Decoration, Party Supplies, Multipurpose</p><p>$11.99</p><a href="https://www.amazon.com/dp/B0BZVGPFSK?tag=eloabder-20&linkCode=osi&th=1&psc=1">View Product</a></div><div class="product"><a href="https://www.amazon.com/dp/B0CGVN9SL1?tag=eloabder-20&linkCode=osi&th=1&psc=1"><img src="https://m.media-amazon.com/images/I/41Hy+i4CnoL._SL500_.jpg" alt="Product Image"></a><p>30Ft x 1 Inch Hook and Loop Strips with Adhesive,Double Rolls of Heavy Duty Self Adhesive Tape with Backing, Nylon Self Adhesive Tape for Home Office School and Crafting,White</p><p>$9.99</p><a href="https://www.amazon.com/dp/B0CGVN9SL1?tag=eloabder-20&linkCode=osi&th=1&psc=1">View Product</a></div><div class="product"><a href="https://www.amazon.com/dp/B07Y3VDPLF?tag=eloabder-20&linkCode=osi&th=1&psc=1"><img src="https://m.media-amazon.com/images/I/41cyKQ2OMuL._SL500_.jpg" alt="Product Image"></a><p>Melsan 1x4 inch Hook and Loop Strips with Adhesive - 15 Sets, Strong Back Adhesive Fasten Mounting Tape for Home or Office Use - Instead of Holes and Screws, Black</p><p>$7.82</p><a href="https://www.amazon.com/dp/B07Y3VDPLF?tag=eloabder-20&linkCode=osi&th=1&psc=1">View Product</a></div><div class="product"><a href="https://www.amazon.com/dp/B07V57VJT5?tag=eloabder-20&linkCode=osi&th=1&psc=1"><img src="https://m.media-amazon.com/images/I/514JO3bvl3L._SL500_.jpg" alt="Product Image"></a><p>XFasten Adhesive Roller for Scrapbooking, 8mm x 30ft 4-Pack Double Sided Glue Tape Roller, Scrapbook Supplies for Adults, Photo Tape for Scrapbooking</p><p>$9.99 ($2.50 / Count)</p><a href="https://www.amazon.com/dp/B07V57VJT5?tag=eloabder-20&linkCode=osi&th=1&psc=1">View Product</a></div><div class="product"><a href="https://www.amazon.com/dp/B07JLTGQHX?tag=eloabder-20&linkCode=osi&th=1&psc=1"><img src="https://m.media-amazon.com/images/I/51Eqfo7kUZL._SL500_.jpg" alt="Product Image"></a><p>UPINS 120 Pack Double Sided Foam Tape Square Self-Adhesive Foam Tape Black Strong Tape Pads for DIY Art Crafts Supplies</p><p>$9.99 ($0.08 / Count)</p><a href="https://www.amazon.com/dp/B07JLTGQHX?tag=eloabder-20&linkCode=osi&th=1&psc=1">View Product</a></div><div class="product"><a href="https://www.amazon.com/dp/B005FM6XF4?tag=eloabder-20&linkCode=osi&th=1&psc=1"><img src="https://m.media-amazon.com/images/I/51-vp1WJ89L._SL500_.jpg" alt="Product Image"></a><p>AdTech 5603 Permanent Crafter's Tape, 0.31" x 315", Pack of 4</p><p>$7.84 ($0.07 / Foot)</p><a href="https://www.amazon.com/dp/B005FM6XF4?tag=eloabder-20&linkCode=osi&th=1&psc=1">View Product</a></div><div class="product"><a href="https://www.amazon.com/dp/B0CJF1FLFJ?tag=eloabder-20&linkCode=osi&th=1&psc=1"><img src="https://m.media-amazon.com/images/I/51dig1RqzdL._SL500_.jpg" alt="Product Image"></a><p>UPINS 150Pack Double Sided Foam Tape Strong Sticky Double Sided Foam Pads for Crafts Self-Adhesive Mounting Foam Tape Heavy Duty for Home Wall Decor 40 * 40 * 2mm</p><p>$8.99 ($0.06 / Count)</p><a href="https://www.amazon.com/dp/B0CJF1FLFJ?tag=eloabder-20&linkCode=osi&th=1&psc=1">View Product</a></div><div class="product"><a href="https://www.amazon.com/dp/B0D4YWRGCL?tag=eloabder-20&linkCode=osi&th=1&psc=1"><img src="https://m.media-amazon.com/images/I/41EqJ553-KL._SL500_.jpg" alt="Product Image"></a><p>Amanbo Glue Tape for Scrapbooking, 6 Pack Scrapbook Tape, Double Sided Tape Roller for Crafts, Total 120 Ft x 0.24 in Tape Runner, Craft Supplies for Scrapbooking, Gift Wrapping and Photo Tape</p><p>$6.99</p><a href="https://www.amazon.com/dp/B0D4YWRGCL?tag=eloabder-20&linkCode=osi&th=1&psc=1">View Product</a></div>
<div class="product"><a href="https://www.amazon.com/dp/B0CC5HPPTN?tag=eloabder-20&linkCode=osi&th=1&psc=1"><img src="https://m.media-amazon.com/images/I/519M81S201L._SL500_.jpg" alt="Product Image"></a><p>Airbrush Paint - 30 Colors with 3 Thinner, Ready to Spray Airbrush Paint Set, Water-Based Acrylic Air brush Paints for Metal, Plastic Models, Canvas, Wood, 20ml/Bottle</p><p>$32.99 ($1.48 / Fl Oz)</p><a href="https://www.amazon.com/dp/B0CC5HPPTN?tag=eloabder-20&linkCode=osi&th=1&psc=1">View Product</a></div>
<div class="product"><a href="https://www.amazon.com/dp/B0CXPSGK36?tag=eloabder-20&linkCode=osi&th=1&psc=1"><img src="https://m.media-amazon.com/images/I/51dd2dYOtrL._SL500_.jpg" alt="Product Image"></a><p>Letter Stickers 30 Sheets 1500 PCS Large Alphabet Sticker 2 Inch Vinyl Self Adhesive Stick on Stickers for Water Bottles Cup Mailbox Number Address Craft Scrapbooking Bulletin Board Decor Multicolor</p><p>$9.99</p><a href="https://www.amazon.com/dp/B0CXPSGK36?tag=eloabder-20&linkCode=osi&th=1&psc=1">View Product</a></div><div class="product"><a href="https://www.amazon.com/dp/B07NNYFMGY?tag=eloabder-20&linkCode=osi&th=1&psc=1"><img src="https://m.media-amazon.com/images/I/51yDnU+gEXL._SL500_.jpg" alt="Product Image"></a><p>20 Sheets Alphabet Letter Stickers 10 Colors Self Adhesive Sticker Colorful PU Material Convex Feeling (Colored Letter Stickers 1)</p><p>$6.99 ($0.35 / Count)</p><a href="https://www.amazon.com/dp/B07NNYFMGY?tag=eloabder-20&linkCode=osi&th=1&psc=1">View Product</a></div>

<div class="product"><a href="https://www.amazon.com/dp/B01DDN8854?tag=eloabder-20&linkCode=osi&th=1&psc=1"><img src="https://m.media-amazon.com/images/I/61dPubDZBSL._SL500_.jpg" alt="Product Image"></a><p>Hugs 'n Kisses HNKHABY13 Applique Paper (20 Pack)</p><p>$19.72 ($0.99 / Count)</p><a href="https://www.amazon.com/dp/B01DDN8854?tag=eloabder-20&linkCode=osi&th=1&psc=1">View Product</a></div>
<div class="product"><a href="https://www.amazon.com/dp/B09KPNFJW1?tag=eloabder-20&linkCode=osi&th=1&psc=1"><img src="https://m.media-amazon.com/images/I/41abn5fELmL._SL500_.jpg" alt="Product Image"></a><p>UniPleased Disposable Aprons (50 Count), Plastic apron for Painting Party, Cooking, Housework, Picnic etc.</p><p>$5.69</p><a href="https://www.amazon.com/dp/B09KPNFJW1?tag=eloabder-20&linkCode=osi&th=1&psc=1">View Product</a></div>
<div class="product"><a href="https://www.amazon.com/dp/B087M21MM2?tag=eloabder-20&linkCode=osi&th=1&psc=1"><img src="https://m.media-amazon.com/images/I/41Xf-jehhLL._SL500_.jpg" alt="Product Image"></a><p>GOTIDEAL Stretched Canvas, Multi Pack 4x4, 5x7, 8x10,9x12, 11x14 Set of 10, Primed White - 100% Cotton Artist Canvas Boards for Painting, Acrylic Pouring, Oil Paint Dry & Wet Art Media</p><p>$24.99</p><a href="https://www.amazon.com/dp/B087M21MM2?tag=eloabder-20&linkCode=osi&th=1&psc=1">View Product</a></div><div class="product"><a href="https://www.amazon.com/dp/B00OQJYISG?tag=eloabder-20&linkCode=osi&th=1&psc=1"><img src="https://m.media-amazon.com/images/I/31fEDLPkkcL._SL500_.jpg" alt="Product Image"></a><p>6 Count 12” x 16” Super Value Canvas by Artist's Loft Necessities - Acid Free Cotton Canvas for Paint, Acrylic, & Oils - 1 Pack</p><p>$19.99</p><a href="https://www.amazon.com/dp/B00OQJYISG?tag=eloabder-20&linkCode=osi&th=1&psc=1">View Product</a></div><div class="product"><a href="https://www.amazon.com/dp/B09CDKB9HY?tag=eloabder-20&linkCode=osi&th=1&psc=1"><img src="https://m.media-amazon.com/images/I/51+p5xnClGL._SL500_.jpg" alt="Product Image"></a><p>DPDIAN Canvas Boards for Painting 40 Pack, 8 inch x 10 inch Super Value Pack, Artist Canvas Panels for Oil & Acrylic Painting</p><p>$29.99</p><a href="https://www.amazon.com/dp/B09CDKB9HY?tag=eloabder-20&linkCode=osi&th=1&psc=1">View Product</a></div><div class="product"><a href="https://www.amazon.com/dp/B0CFBGP29G?tag=eloabder-20&linkCode=osi&th=1&psc=1"><img src="https://m.media-amazon.com/images/I/3147Az5plbL._SL500_.jpg" alt="Product Image"></a><p>ArtSkills Stretched Canvases for Painting, 12x16 Canvas Painting Supplies for Artists, Blank Canvas Pack, 2-Pack</p><p>$16.99</p><a href="https://www.amazon.com/dp/B0CFBGP29G?tag=eloabder-20&linkCode=osi&th=1&psc=1">View Product</a></div><div class="product"><a href="https://www.amazon.com/dp/B07BNGQ1SS?tag=eloabder-20&linkCode=osi&th=1&psc=1"><img src="https://m.media-amazon.com/images/I/410ZVtygUwS._SL500_.jpg" alt="Product Image"></a><p>PHOENIX Stretched Canvas for Painting 8x10 Inch/10 Value Pack, 8 Oz Triple Primed 5/8 Inch Profile 100% Cotton White Blank Canvas, Artist Framed Canvas for Oil Acrylic & Pouring Art</p><p>$22.99</p><a href="https://www.amazon.com/dp/B07BNGQ1SS?tag=eloabder-20&linkCode=osi&th=1&psc=1">View Product</a></div><div class="product"><a href="https://www.amazon.com/dp/B0922JP1H4?tag=eloabder-20&linkCode=osi&th=1&psc=1"><img src="https://m.media-amazon.com/images/I/41BmiEND1KL._SL500_.jpg" alt="Product Image"></a><p>GOTIDEAL Canvases for Painting, 18 Pack Canvas Boards Multipack 4x4, 5x7, 8x10, 9x12,11x14,Primed White Blank Artist Canvas Variety Pack for Acrylic Paint, Oil Paint, Watercolor, Gouache</p><p>$19.99</p><a href="https://www.amazon.com/dp/B0922JP1H4?tag=eloabder-20&linkCode=osi&th=1&psc=1">View Product</a></div>


<div class="product"><a href="https://www.amazon.com/dp/B0872VFHBH?tag=eloabder-20&linkCode=osi&th=1&psc=1"><img src="https://m.media-amazon.com/images/I/51k3bekQheS._SL500_.jpg" alt="Product Image"></a><p>Bachmore Drawing Pad 9X12 Inch (110lb/180g), 60 Sheets, Top Spiral Bound Multi-Media for Artist Pro & Amateurs | Acrylic Art, Ink, Paint, Oil Pastels,Watercolor Mixed Media Sketch</p><p>$11.99</p><a href="https://www.amazon.com/dp/B0872VFHBH?tag=eloabder-20&linkCode=osi&th=1&psc=1">View Product</a></div><div class="product"><a href="https://www.amazon.com/dp/B0027A75A4?tag=eloabder-20&linkCode=osi&th=1&psc=1"><img src="https://m.media-amazon.com/images/I/51dyOxxcgYL._SL500_.jpg" alt="Product Image"></a><p>Strathmore 200 Series Sketch Pad, 9x12 inch, 100 Sheets, Tape Bound - Artist Sketchbook for Drawing, Illustration, Art Class Students</p><p>$6.99 ($0.07 / Count)</p><a href="https://www.amazon.com/dp/B0027A75A4?tag=eloabder-20&linkCode=osi&th=1&psc=1">View Product</a></div><div class="product"><a href="https://www.amazon.com/dp/B0BV13YQKX?tag=eloabder-20&linkCode=osi&th=1&psc=1"><img src="https://m.media-amazon.com/images/I/41VYfMpvXUL._SL500_.jpg" alt="Product Image"></a><p>Canson Graduate Watercolor Pad, Foldover, 9x12 inch, 20 Sheets | Artist Paper for Adults and Students - Painting, Gouache, Mixed Media and Ink</p><p>$4.97 ($0.41 / Count)</p><a href="https://www.amazon.com/dp/B0BV13YQKX?tag=eloabder-20&linkCode=osi&th=1&psc=1">View Product</a></div><div class="product"><a href="https://www.amazon.com/dp/B0024KMQ6K?tag=eloabder-20&linkCode=osi&th=1&psc=1"><img src="https://m.media-amazon.com/images/I/51sYdvPPUCL._SL500_.jpg" alt="Product Image"></a><p>Strathmore 400 Series Pastel Pad, Assorted Colors, 9"x12" Glue Bound, 24 Sheets</p><p>$9.11</p><a href="https://www.amazon.com/dp/B0024KMQ6K?tag=eloabder-20&linkCode=osi&th=1&psc=1">View Product</a></div><div class="product"><a href="https://www.amazon.com/dp/B00246O6PI?tag=eloabder-20&linkCode=osi&th=1&psc=1"><img src="https://m.media-amazon.com/images/I/517TUmckOIL._SL500_.jpg" alt="Product Image"></a><p>Strathmore 300 Series Drawing Paper Pad, Top Wire Bound, 11x14 inches, 50 Sheets (70lb/114g) - Artist Paper for Adults and Students - Charcoal, Colored Pencil, Ink, Pastel, Marker</p><p>$13.33</p><a href="https://www.amazon.com/dp/B00246O6PI?tag=eloabder-20&linkCode=osi&th=1&psc=1">View Product</a></div>
<div class="product"><a href="https://www.amazon.com/dp/B08ZMH7LJY?tag=eloabder-20&linkCode=osi&th=1&psc=1"><img src="https://m.media-amazon.com/images/I/51mJIsLJA-S._SL500_.jpg" alt="Product Image"></a><p>PANDAFLY Professional Drawing Sketching Pencil Set - 12 Pieces Graphite Pencils(14B - 2H), Ideal for Drawing Art, Sketching, Shading, Artist Pencils for Beginners & Pro Artists</p><p>$5.11</p><a href="https://www.amazon.com/dp/B08ZMH7LJY?tag=eloabder-20&linkCode=osi&th=1&psc=1">View Product</a></div><div class="product"><a href="https://www.amazon.com/dp/B088K1G5NL?tag=eloabder-20&linkCode=osi&th=1&psc=1"><img src="https://m.media-amazon.com/images/I/51F2bOMZWnL._SL500_.jpg" alt="Product Image"></a><p>MARKART Professional Drawing Sketching Pencil Set - 14 Pieces,Graphite,(12B - 4H), Ideal for Drawing Art, Sketching, Shading, Artist Pencils for Beginners & Pro Artists</p><p>$5.24</p><a href="https://www.amazon.com/dp/B088K1G5NL?tag=eloabder-20&linkCode=osi&th=1&psc=1">View Product</a></div><div class="product"><a href="https://www.amazon.com/dp/B08FHMRW4L?tag=eloabder-20&linkCode=osi&th=1&psc=1"><img src="https://m.media-amazon.com/images/I/51Pmn5gjyzL._SL500_.jpg" alt="Product Image"></a><p>Mr. Pen- Sketch Pencils for Drawing, 14 Pack, Drawing Pencils, Art Pencils, Graphite Pencils, Graphite Pencils for Drawing, Art Pencils for Drawing and Shading</p><p>$5.95</p><a href="https://www.amazon.com/dp/B08FHMRW4L?tag=eloabder-20&linkCode=osi&th=1&psc=1">View Product</a></div><div class="product"><a href="https://www.amazon.com/dp/B0BNQ58DC4?tag=eloabder-20&linkCode=osi&th=1&psc=1"><img src="https://m.media-amazon.com/images/I/51e-gQtCcCL._SL500_.jpg" alt="Product Image"></a><p>MARTCOLOR Drawing Sketching Pencils Set, 12 Pack Graphite Pencils(14B - 2H), Ideal for Drawing Art, Sketching, Shading, Artist Pencils for Beginners & Pro Artists</p><p>$5.99</p><a href="https://www.amazon.com/dp/B0BNQ58DC4?tag=eloabder-20&linkCode=osi&th=1&psc=1">View Product</a></div>

<div class="product"><a href="https://www.amazon.com/dp/B0851M3749?tag=eloabder-20&linkCode=osi&th=1&psc=1"><img src="https://m.media-amazon.com/images/I/41KKSGSDl5L._SL500_.jpg" alt="Product Image"></a><p>N NOROCME 12 PCS Blending Stumps and Tortillions Paper Art Blenders with Sandpaper Pencil Sharpener Pointer for Student Artist Charcoal Sketch Drawing Tools</p><p>$4.99</p><a href="https://www.amazon.com/dp/B0851M3749?tag=eloabder-20&linkCode=osi&th=1&psc=1">View Product</a></div><div class="product"><a href="https://www.amazon.com/dp/B09J3HKN8F?tag=eloabder-20&linkCode=osi&th=1&psc=1"><img src="https://m.media-amazon.com/images/I/51Qvx81eQLL._SL500_.jpg" alt="Product Image"></a><p>Eraser Pencils Set for Artists, Wooden Sketch Eraser Pen for Charcoal Drawings, Professional Highlight Painting Eraser for Sketching, Revise Erasing Details for Students Limner</p><p>$6.99</p><a href="https://www.amazon.com/dp/B09J3HKN8F?tag=eloabder-20&linkCode=osi&th=1&psc=1">View Product</a></div>
<div class="product"><a href="https://www.amazon.com/dp/B09WCQ89T8?tag=eloabder-20&linkCode=osi&th=1&psc=1"><img src="https://m.media-amazon.com/images/I/41gZz0qgBFL._SL500_.jpg" alt="Product Image"></a><p>Bernat BABY BLANKET BB Blue Dreams Yarn - 1 Pack of 10.5oz/300g - Polyester - #6 Super Bulky - 220 Yards - Knitting/Crochet</p><p>$6.97</p><a href="https://www.amazon.com/dp/B09WCQ89T8?tag=eloabder-20&linkCode=osi&th=1&psc=1">View Product</a></div><div class="product"><a href="https://www.amazon.com/dp/B07V5JVNFD?tag=eloabder-20&linkCode=osi&th=1&psc=1"><img src="https://m.media-amazon.com/images/I/41IS+HdtiOL._SL500_.jpg" alt="Product Image"></a><p>Lion Brand Yarn Basic Stitch Anti-Pilling Knitting Yarn, Yarn for Crocheting, 1-Pack, Baby Blue</p><p>$8.40 ($0.02 / Foot)</p><a href="https://www.amazon.com/dp/B07V5JVNFD?tag=eloabder-20&linkCode=osi&th=1&psc=1">View Product</a></div><div class="product"><a href="https://www.amazon.com/dp/B01M0AJID2?tag=eloabder-20&linkCode=osi&th=1&psc=1"><img src="https://m.media-amazon.com/images/I/41yVau0AUpL._SL500_.jpg" alt="Product Image"></a><p>Lion Brand Yarn (1 Skein) Lion Brand Yarn Babysoft Baby Yarn Yarn, Little Boy Blue Multicolor</p><p>$7.19 ($0.01 / Foot)</p><a href="https://www.amazon.com/dp/B01M0AJID2?tag=eloabder-20&linkCode=osi&th=1&psc=1">View Product</a></div><div class="product"><a href="https://www.amazon.com/dp/B09W1KHF42?tag=eloabder-20&linkCode=osi&th=1&psc=1"><img src="https://m.media-amazon.com/images/I/41maDlrio5L._SL500_.jpg" alt="Product Image"></a><p>Red Heart Super Saver Light Blue Yarn - 3 Pack of 198g/7oz - Acrylic - 4 Medium (Worsted) - 364 Yards - Knitting/Crochet</p><p>$13.29 ($4.43 / Count)</p><a href="https://www.amazon.com/dp/B09W1KHF42?tag=eloabder-20&linkCode=osi&th=1&psc=1">View Product</a></div><div class="product"><a href="https://www.amazon.com/dp/B08LKVZ3CX?tag=eloabder-20&linkCode=osi&th=1&psc=1"><img src="https://m.media-amazon.com/images/I/41GLizNx8UL._SL500_.jpg" alt="Product Image"></a><p>Bernat Baby Blanket Baby Blue Yarn - 3 Pack of 100g/3.5oz - Polyester - 6 Super Bulky - 72 Yards - Knitting/Crochet</p><p>$21.81</p><a href="https://www.amazon.com/dp/B08LKVZ3CX?tag=eloabder-20&linkCode=osi&th=1&psc=1">View Product</a></div><div class="product"><a href="https://www.amazon.com/dp/B0CHJ95WHJ?tag=eloabder-20&linkCode=osi&th=1&psc=1"><img src="https://m.media-amazon.com/images/I/314E1EQdihL._SL500_.jpg" alt="Product Image"></a><p>NORCIA Soft Velvet Yarn Chenille Yarn for Crocheting Baby Blanket Yarn for Knitting Amigurumi Yarn Fancy Yarn for Crochet Weaving Craft (Baby Blue, 1 Skein)</p><p>$9.99</p><a href="https://www.amazon.com/dp/B0CHJ95WHJ?tag=eloabder-20&linkCode=osi&th=1&psc=1">View Product</a></div>
<div class="product"><a href="https://www.amazon.com/dp/B0779F2TXJ?tag=eloabder-20&linkCode=osi&th=1&psc=1"><img src="https://m.media-amazon.com/images/I/31kqZr8DJzL._SL500_.jpg" alt="Product Image"></a><p>OPENDGO Feather Ballpoint Pen ，Black Ink Vintage Feather Quill Refined Plated Rod Quill Ballpoint Pen For School Writing ▏Wedding Gift Signature Pen (Black)</p><p>$6.97</p><a href="https://www.amazon.com/dp/B0779F2TXJ?tag=eloabder-20&linkCode=osi&th=1&psc=1">View Product</a></div><div class="product"><a href="https://www.amazon.com/dp/B0CQF3BJ3S?tag=eloabder-20&linkCode=osi&th=1&psc=1"><img src="https://m.media-amazon.com/images/I/41gs6AOiP6L._SL500_.jpg" alt="Product Image"></a><p>3 in 1 Retractable Ballpoint Pen with Light and Stylus, Nice Pens for Journaling Writing in The Dark - White/Red Light Tip- 0.7mm Black Ink</p><p>$12.99</p><a href="https://www.amazon.com/dp/B0CQF3BJ3S?tag=eloabder-20&linkCode=osi&th=1&psc=1">View Product</a></div><div class="product"><a href="https://www.amazon.com/dp/B08BBZ3B8G?tag=eloabder-20&linkCode=osi&th=1&psc=1"><img src="https://m.media-amazon.com/images/I/41cMHyw60wL._SL500_.jpg" alt="Product Image"></a><p>Mr. Pen- Pens, Black Pens, 12 Pack, Fast Dry, No Smear Pens, Bible Pens, Pens for Journaling, Pens No Bleed Through, Pens Fine Point, Journal Pens, Fine Tip, Planner Pens, Ball Point Journal Pens</p><p>$9.99</p><a href="https://www.amazon.com/dp/B08BBZ3B8G?tag=eloabder-20&linkCode=osi&th=1&psc=1">View Product</a></div><div class="product"><a href="https://www.amazon.com/dp/B0D4YWWGX6?tag=eloabder-20&linkCode=osi&th=1&psc=1"><img src="https://m.media-amazon.com/images/I/31xHBCCzJqL._SL500_.jpg" alt="Product Image"></a><p>PATIKIL 21cm/8" Feather Ballpoint Pen, 1Pcs Ink Vintage Quill Pen Refined Plated Dip Pen for Calligraphy Writing Signature Wedding Gift, Yellow</p><p>$7.49</p><a href="https://www.amazon.com/dp/B0D4YWWGX6?tag=eloabder-20&linkCode=osi&th=1&psc=1">View Product</a></div>

<div class="product"><a href="https://www.amazon.com/dp/B001TLDEVQ?tag=eloabder-20&linkCode=osi&th=1&psc=1"><img src="https://m.media-amazon.com/images/I/41jYF39F6lL._SL500_.jpg" alt="Product Image"></a><p>Beadalon SuppleMax Illusion Beading Cord, 0.40 mm / 0.016 in, Clear Monofilament, 50 m / 164 ft</p><p>$4.74</p><a href="https://www.amazon.com/dp/B001TLDEVQ?tag=eloabder-20&linkCode=osi&th=1&psc=1">View Product</a></div><div class="product"><a href="https://www.amazon.com/dp/B0D2HVFZ7Q?tag=eloabder-20&linkCode=osi&th=1&psc=1"><img src="https://m.media-amazon.com/images/I/41R66LMYz7L._SL500_.jpg" alt="Product Image"></a><p>Zxiixz 116Yards 0.5mm Bracelet String, Waxed String Cord for Bracelet Making, Beading Thread for Bracelet Beads, Friendship Bracelet String for Bracelet Making, Waxed Polyester Cord for Jewelry Making</p><p>$6.99</p><a href="https://www.amazon.com/dp/B0D2HVFZ7Q?tag=eloabder-20&linkCode=osi&th=1&psc=1">View Product</a></div><div class="product"><a href="https://www.amazon.com/dp/B07BNF8KH5?tag=eloabder-20&linkCode=osi&th=1&psc=1"><img src="https://m.media-amazon.com/images/I/51jVByheyVL._SL500_.jpg" alt="Product Image"></a><p>PH PandaHall 100 Yards 1mm Waxed Cotton Cord Thread Beading String for Bracelet Necklace Making Crafting Beading Macrame Vase Decor, Burlywood</p><p>$7.19 ($0.02 / Foot)</p><a href="https://www.amazon.com/dp/B07BNF8KH5?tag=eloabder-20&linkCode=osi&th=1&psc=1">View Product</a></div><div class="product"><a href="https://www.amazon.com/dp/B07HBPGXJG?tag=eloabder-20&linkCode=osi&th=1&psc=1"><img src="https://m.media-amazon.com/images/I/41xi8gO6kDL._SL500_.jpg" alt="Product Image"></a><p>Paxcoo 0.8mm Elastic String, Stretchy Bracelet String Crystal String Bead Cord for Bracelet, Beading and Jewelry Making (120m)</p><p>$6.99 ($0.02 / Foot)</p><a href="https://www.amazon.com/dp/B07HBPGXJG?tag=eloabder-20&linkCode=osi&th=1&psc=1">View Product</a></div><div class="product"><a href="https://www.amazon.com/dp/B0CNPST7D9?tag=eloabder-20&linkCode=osi&th=1&psc=1"><img src="https://m.media-amazon.com/images/I/41A9VISFC4L._SL500_.jpg" alt="Product Image"></a><p>Kblick Black Nylon String Cord - 1MM 100 Yards Black Twine, Bracelet String for Bracelet Making, Braided Ornament Lanyard Sting, Jewelry Thread Clay Bead String for Crafts, Macrame Satin Cord</p><p>$5.99 ($0.02 / Foot)</p><a href="https://www.amazon.com/dp/B0CNPST7D9?tag=eloabder-20&linkCode=osi&th=1&psc=1">View Product</a></div><div class="product"><a href="https://www.amazon.com/dp/B08GC3JF9X?tag=eloabder-20&linkCode=osi&th=1&psc=1"><img src="https://m.media-amazon.com/images/I/41FQZYhvQpL._SL500_.jpg" alt="Product Image"></a><p>Cheriswelry 100M 0.8mm Nylon Beading Cord Black Chinese Knotting Rattail Macrame Thread String Roll for Jewelry Making Kumihimo Wrapping Supplies DIY Crafts</p><p>$6.99 ($0.02 / Fl Oz)</p><a href="https://www.amazon.com/dp/B08GC3JF9X?tag=eloabder-20&linkCode=osi&th=1&psc=1">View Product</a></div><div class="product"><a href="https://www.amazon.com/dp/B0B3V9RWQC?tag=eloabder-20&linkCode=osi&th=1&psc=1"><img src="https://m.media-amazon.com/images/I/41F-OP+yCxL._SL500_.jpg" alt="Product Image"></a><p>Griffin Silk Bead Cord Perlseide – Black Color – Size 3 (0.50mm) – 2 Meters per Card – Stainless Steel Needle Attached – for Knotting Pearls, Gemstones, Crystals and Beads</p><p>$4.99 ($0.76 / Foot)</p><a href="https://www.amazon.com/dp/B0B3V9RWQC?tag=eloabder-20&linkCode=osi&th=1&psc=1">View Product</a></div><div class="product"><a href="https://www.amazon.com/dp/B08F49YVQP?tag=eloabder-20&linkCode=osi&th=1&psc=1"><img src="https://m.media-amazon.com/images/I/41yCMIpj0rS._SL500_.jpg" alt="Product Image"></a><p>1mm Stretchy Bracelet String, Sturdy Rainbow Elastic String Elastic Cord for Jewelry Making, Necklaces, Beading and Crafts</p><p>$6.99 ($0.04 / Foot)</p><a href="https://www.amazon.com/dp/B08F49YVQP?tag=eloabder-20&linkCode=osi&th=1&psc=1">View Product</a></div>

<div class="product"><a href="https://www.amazon.com/dp/B001GMUBJ6?tag=eloabder-20&linkCode=osi&th=1&psc=1"><img src="https://m.media-amazon.com/images/I/41V5qzn3H5L._SL500_.jpg" alt="Product Image"></a><p>The Beadsmith Fireline by Berkley – Micro-Fused Braided Thread – 6lb. Test, 006”/.15mm Diameter, 50 Yard Spool, Crystal Color – Super Strong Stringing Material for Jewelry Making and Bead Weaving</p><p>$12.59</p><a href="https://www.amazon.com/dp/B001GMUBJ6?tag=eloabder-20&linkCode=osi&th=1&psc=1">View Product</a></div><div class="product"><a href="https://www.amazon.com/dp/B001UAKK0Y?tag=eloabder-20&linkCode=osi&th=1&psc=1"><img src="https://m.media-amazon.com/images/I/41rY1D0wfuL._SL500_.jpg" alt="Product Image"></a><p>Beadalon Wildfire, 0.006 in, 0.15 mm, Break Strength 10 lb / 4.5 kg, Frost, 50 yd / 45 m</p><p>$8.85 ($0.06 / Foot)</p><a href="https://www.amazon.com/dp/B001UAKK0Y?tag=eloabder-20&linkCode=osi&th=1&psc=1">View Product</a></div><div class="product"><a href="https://www.amazon.com/dp/B095WY58F4?tag=eloabder-20&linkCode=osi&th=1&psc=1"><img src="https://m.media-amazon.com/images/I/41mXRfJqcjL._SL500_.jpg" alt="Product Image"></a><p>PH PandaHall 0.1mm Nylon Seed Bead Thread 100 Yards Black White Bracelet Cord Beading Thread Invisible Sewing Thread Nylon Braided Thread String for Leather Stitching Beading Jewelry Bracelets Making</p><p>$9.99 ($0.03 / Foot)</p><a href="https://www.amazon.com/dp/B095WY58F4?tag=eloabder-20&linkCode=osi&th=1&psc=1">View Product</a></div><div class="product"><a href="https://www.amazon.com/dp/B08RN2R2SZ?tag=eloabder-20&linkCode=osi&th=1&psc=1"><img src="https://m.media-amazon.com/images/I/41Tg2MMC++L._SL500_.jpg" alt="Product Image"></a><p>KO Nylon Beading Thread, White Color, Japanese Pre-Waxed 100% Nylon, 330TEX, Tangle Resistant Knotting Cords, 50m /55 yds Spool, Use for Seed Bead Projects, Loom Work & Bead Weaving</p><p>$7.06 ($0.04 / Foot)</p><a href="https://www.amazon.com/dp/B08RN2R2SZ?tag=eloabder-20&linkCode=osi&th=1&psc=1">View Product</a></div><div class="product"><a href="https://www.amazon.com/dp/B09J89ST79?tag=eloabder-20&linkCode=osi&th=1&psc=1"><img src="https://m.media-amazon.com/images/I/41hLuuOZeXL._SL500_.jpg" alt="Product Image"></a><p>2 Roll Polyester Thread, Heavy Duty Thread, 1500Yard/Reel 210D/3 nylon thread for sewing, Sewing Thread for Upholstery, Outdoor Market, Drapery, Leather, Beading, Crafts</p><p>$7.99 ($0.00 / Foot)</p><a href="https://www.amazon.com/dp/B09J89ST79?tag=eloabder-20&linkCode=osi&th=1&psc=1">View Product</a></div><div class="product"><a href="https://www.amazon.com/dp/B0C6MSY7QQ?tag=eloabder-20&linkCode=osi&th=1&psc=1"><img src="https://m.media-amazon.com/images/I/31Bn-MyA62L._SL500_.jpg" alt="Product Image"></a><p>PH PandaHall 0.1mm Nylon String 100 Yards Beading Thread White Nylon Seed Bead Thread Bracelet Beading Thread Sewing String for Leather Stitching Beading Jewelry Bracelets Making</p><p>$7.99 ($0.03 / Foot)</p><a href="https://www.amazon.com/dp/B0C6MSY7QQ?tag=eloabder-20&linkCode=osi&th=1&psc=1">View Product</a></div>

<div class="product"><a href="https://www.amazon.com/dp/B07NMNDT1W?tag=eloabder-20&linkCode=osi&th=1&psc=1"><img src="https://m.media-amazon.com/images/I/41-zwQIcVcL._SL500_.jpg" alt="Product Image"></a><p>Howemon White Beeswax Pellets 2LB 100% Pure and Natural Triple Filtered for Skin, Face, Body and Hair Care DIY Creams, Lotions, Lip Balm and Soap Making Supplies</p><p>$13.99 ($0.44 / Fl Oz)</p><a href="https://www.amazon.com/dp/B07NMNDT1W?tag=eloabder-20&linkCode=osi&th=1&psc=1">View Product</a></div><div class="product"><a href="https://www.amazon.com/dp/B00B3U0FW4?tag=eloabder-20&linkCode=osi&th=1&psc=1"><img src="https://m.media-amazon.com/images/I/51rWFCST+TL._SL500_.jpg" alt="Product Image"></a><p>Beesworks Yellow Beeswax Pellets (1 lb) | 100% Pure, Cosmetic Grade, Triple-Filtered Beeswax for DIY Skin care, Lip Balm, Lotion, and Candle Making</p><p>$13.99 ($0.87 / Ounce)</p><a href="https://www.amazon.com/dp/B00B3U0FW4?tag=eloabder-20&linkCode=osi&th=1&psc=1">View Product</a></div><div class="product"><a href="https://www.amazon.com/dp/B01LWX2IO1?tag=eloabder-20&linkCode=osi&th=1&psc=1"><img src="https://m.media-amazon.com/images/I/41MlNqhDyCL._SL500_.jpg" alt="Product Image"></a><p>Beesworks Yellow Beeswax Bars (6 oz) | 100% Pure, Cosmetic Grade, Triple-Filtered Beeswax for DIY Skin Care, Lip Balm, Lotion and Candle Making (1 oz Bars - Pack of 6)</p><p>$6.99</p><a href="https://www.amazon.com/dp/B01LWX2IO1?tag=eloabder-20&linkCode=osi&th=1&psc=1">View Product</a></div><div class="product"><a href="https://www.amazon.com/dp/B0BV77F19N?tag=eloabder-20&linkCode=osi&th=1&psc=1"><img src="https://m.media-amazon.com/images/I/41xzHaO1-EL._SL500_.jpg" alt="Product Image"></a><p>Beeswax Pellets 10LB Cosmetic Beeswax Triple Filtered Beeswax Pastilles for Candle Making Great for DIY Projects Creams Lotions Lip Balm and Soap Making Supplies(10LB)</p><p>$32.99</p><a href="https://www.amazon.com/dp/B0BV77F19N?tag=eloabder-20&linkCode=osi&th=1&psc=1">View Product</a></div><div class="product"><a href="https://www.amazon.com/dp/B0C9QSG3CY?tag=eloabder-20&linkCode=osi&th=1&psc=1"><img src="https://m.media-amazon.com/images/I/414XQcU6SRL._SL500_.jpg" alt="Product Image"></a><p>YASNAY White Beeswax Pellets 2LB, 100% Organic Beeswax, Beeswax for Candle Making, Body, Skin Care DIY, Lip Balm and Soap Making Supplies</p><p>$11.99</p><a href="https://www.amazon.com/dp/B0C9QSG3CY?tag=eloabder-20&linkCode=osi&th=1&psc=1">View Product</a></div><div class="product"><a href="https://www.amazon.com/dp/B097HTC4WN?tag=eloabder-20&linkCode=osi&th=1&psc=1"><img src="https://m.media-amazon.com/images/I/51pwMM7C6-L._SL500_.jpg" alt="Product Image"></a><p>Eco Lux 8 Yellow Beeswax Blocks 100% Pure Natural Organic Bees Wax 6.5oz</p><p>$8.49 ($1.35 / Ounce)</p><a href="https://www.amazon.com/dp/B097HTC4WN?tag=eloabder-20&linkCode=osi&th=1&psc=1">View Product</a></div><div class="product"><a href="https://www.amazon.com/dp/B00HDHQQCE?tag=eloabder-20&linkCode=osi&th=1&psc=1"><img src="https://m.media-amazon.com/images/I/41vF-7MwNhL._SL500_.jpg" alt="Product Image"></a><p>Murray's 100% Pure Beeswax 4 oz</p><p>$5.98 ($1.50 / Ounce)</p><a href="https://www.amazon.com/dp/B00HDHQQCE?tag=eloabder-20&linkCode=osi&th=1&psc=1">View Product</a></div><div class="product"><a href="https://www.amazon.com/dp/B09YM8JTLM?tag=eloabder-20&linkCode=osi&th=1&psc=1"><img src="https://m.media-amazon.com/images/I/41cjNuBnFEL._SL500_.jpg" alt="Product Image"></a><p>TRINIDa Beeswax Pellets 2LB(32 oz), 100% Organic Yellow Bees Wax for DIY Candles, Beeswax for Candle Making, Skin, Body, Face, and Hair Care, Lotions, DIY Creams, Lip Balm and Soap Making Supplies</p><p>$11.99</p><a href="https://www.amazon.com/dp/B09YM8JTLM?tag=eloabder-20&linkCode=osi&th=1&psc=1">View Product</a></div><div class="product"><a href="https://www.amazon.com/dp/B00F3CNMV4?tag=eloabder-20&linkCode=osi&th=1&psc=1"><img src="https://m.media-amazon.com/images/I/31pjrRAEa4L._SL500_.jpg" alt="Product Image"></a><p>Stakich Yellow Beeswax Block - Natural, Triple Filtered - 1 Pound, Honey Scent</p><p>$13.95 ($0.87 / Ounce)</p><a href="https://www.amazon.com/dp/B00F3CNMV4?tag=eloabder-20&linkCode=osi&th=1&psc=1">View Product</a></div><div class="product"><a href="https://www.amazon.com/dp/B0BXFZBZS9?tag=eloabder-20&linkCode=osi&th=1&psc=1"><img src="https://m.media-amazon.com/images/I/4178i9IB9KL._SL500_.jpg" alt="Product Image"></a><p>5LB Beeswax Pellets Beeswax for Candle Making Organic Beeswax Pellets for Skin Beeswax Beads Beeswax Bulk Beeswax for Lotion Making Organic for DIY and Craft Project</p><p>$22.99</p><a href="https://www.amazon.com/dp/B0BXFZBZS9?tag=eloabder-20&linkCode=osi&th=1&psc=1">View Product</a></div>
<div class="product"><a href="https://www.amazon.com/dp/B0052F1BVK?tag=eloabder-20&linkCode=osi&th=1&psc=1"><img src="https://m.media-amazon.com/images/I/41zE9eiGoLL._SL500_.jpg" alt="Product Image"></a><p>ACC Staples Large Binder Clips, 2" Width, 1" Capacity, Black, 12/Pk</p><p>$6.30</p><a href="https://www.amazon.com/dp/B0052F1BVK?tag=eloabder-20&linkCode=osi&th=1&psc=1">View Product</a></div><div class="product"><a href="https://www.amazon.com/dp/B07MLFR771?tag=eloabder-20&linkCode=osi&th=1&psc=1"><img src="https://m.media-amazon.com/images/I/51N2wxA7N0L._SL500_.jpg" alt="Product Image"></a><p>CooBigo 50 Pack Binder Ring, Metal Book Ring Paper Ring Holder 5/8-Inch Loose Leaf Binder Ring Clip for Index Card, Flash Card Ring, Card Calendar, Keychain Key Ring - Bronze</p><p>$6.99</p><a href="https://www.amazon.com/dp/B07MLFR771?tag=eloabder-20&linkCode=osi&th=1&psc=1">View Product</a></div><div class="product"><a href="https://www.amazon.com/dp/B01563NHGY?tag=eloabder-20&linkCode=osi&th=1&psc=1"><img src="https://m.media-amazon.com/images/I/41gj+0ZftqL._SL500_.jpg" alt="Product Image"></a><p>vanki Pack of 40 Cute Lovely Smiling Face Spring-Loaded File Organizer Paper Holder Metal Binder Clips, Assorted Color</p><p>$8.99</p><a href="https://www.amazon.com/dp/B01563NHGY?tag=eloabder-20&linkCode=osi&th=1&psc=1">View Product</a></div><div class="product"><a href="https://www.amazon.com/dp/B000GOUDSO?tag=eloabder-20&linkCode=osi&th=1&psc=1"><img src="https://m.media-amazon.com/images/I/41ZANISHgML._SL500_.jpg" alt="Product Image"></a><p>Small Binder Clips .75" 8/Pkg-Assorted Colors</p><p>$4.46</p><a href="https://www.amazon.com/dp/B000GOUDSO?tag=eloabder-20&linkCode=osi&th=1&psc=1">View Product</a></div>
<div class="product"><a href="https://www.amazon.com/dp/B07PRPX4VR?tag=eloabder-20&linkCode=osi&th=1&psc=1"><img src="https://m.media-amazon.com/images/I/41IMH12fdPL._SL500_.jpg" alt="Product Image"></a><p>Durable Sheet Lifters, Durable Easy Flow, 11" x 3", Lifts Sheets Over Rings and Protects Sheets from Tearing, Fit Standard 3-Ring Binders, Black (20 Pack)</p><p>$14.99</p><a href="https://www.amazon.com/dp/B07PRPX4VR?tag=eloabder-20&linkCode=osi&th=1&psc=1">View Product</a></div><div class="product"><a href="https://www.amazon.com/dp/B0CM8QJHFW?tag=eloabder-20&linkCode=osi&th=1&psc=1"><img src="https://m.media-amazon.com/images/I/31cJGS74oCL._SL500_.jpg" alt="Product Image"></a><p>Wantane D-Shaped Tape Storage Ring Tape Storage Ring 4" D-Shaped Washi Tape Storage Ring for DIY Decoration and Storage（Nickel）-2PCS</p><p>$7.99</p><a href="https://www.amazon.com/dp/B0CM8QJHFW?tag=eloabder-20&linkCode=osi&th=1&psc=1">View Product</a></div>
<div class="product"><a href="https://www.amazon.com/dp/B00006IAS3?tag=eloabder-20&linkCode=osi&th=1&psc=1"><img src="https://m.media-amazon.com/images/I/317DvSXhT1L._SL500_.jpg" alt="Product Image"></a><p>GBC Binding System, Manual, Desktop Binding Punch, 6 Sheet Punch Capacity, ProClick P50 (2515650)</p><p>$123.89</p><a href="https://www.amazon.com/dp/B00006IAS3?tag=eloabder-20&linkCode=osi&th=1&psc=1">View Product</a></div><div class="product"><a href="https://www.amazon.com/dp/B004BP81KQ?tag=eloabder-20&linkCode=osi&th=1&psc=1"><img src="https://m.media-amazon.com/images/I/51SqfeZ12KL._SL500_.jpg" alt="Product Image"></a><p>We R Memory Keepers Cinch Book Binding Wire (1-Inch, Silver (2 Pack))</p><p>$5.99</p><a href="https://www.amazon.com/dp/B004BP81KQ?tag=eloabder-20&linkCode=osi&th=1&psc=1">View Product</a></div>

<div class="product"><a href="https://www.amazon.com/dp/B0007ZJ8TM?tag=eloabder-20&linkCode=osi&th=1&psc=1"><img src="https://m.media-amazon.com/images/I/41i49sz3UAL._SL500_.jpg" alt="Product Image"></a><p>Speedball Super Black India Ink, 2-Ounce</p><p>$9.99 ($9.99 / Count)</p><a href="https://www.amazon.com/dp/B0007ZJ8TM?tag=eloabder-20&linkCode=osi&th=1&psc=1">View Product</a></div><div class="product"><a href="https://www.amazon.com/dp/B0026I10AI?tag=eloabder-20&linkCode=osi&th=1&psc=1"><img src="https://m.media-amazon.com/images/I/31vklP4uBsL._SL500_.jpg" alt="Product Image"></a><p>Dr. Ph. Martin's Bombay India (7BY) Ink Bottle, 1.0 oz, Black</p><p>$6.99</p><a href="https://www.amazon.com/dp/B0026I10AI?tag=eloabder-20&linkCode=osi&th=1&psc=1">View Product</a></div><div class="product"><a href="https://www.amazon.com/dp/B000KNP96C?tag=eloabder-20&linkCode=osi&th=1&psc=1"><img src="https://m.media-amazon.com/images/I/51e9srYtG0L._SL500_.jpg" alt="Product Image"></a><p>Winsor & Newton Drawing Ink, 14ml Bottle, Black Indian</p><p>$10.99</p><a href="https://www.amazon.com/dp/B000KNP96C?tag=eloabder-20&linkCode=osi&th=1&psc=1">View Product</a></div><div class="product"><a href="https://www.amazon.com/dp/B07BQG5QF4?tag=eloabder-20&linkCode=osi&th=1&psc=1"><img src="https://m.media-amazon.com/images/I/41nEMDYZaiL._SL500_.jpg" alt="Product Image"></a><p>Speedball Super Black India Ink, 16-Ounce</p><p>$19.99</p><a href="https://www.amazon.com/dp/B07BQG5QF4?tag=eloabder-20&linkCode=osi&th=1&psc=1">View Product</a></div><div class="product"><a href="https://www.amazon.com/dp/B001038NLY?tag=eloabder-20&linkCode=osi&th=1&psc=1"><img src="https://m.media-amazon.com/images/I/418i4sxJJ0L._SL500_.jpg" alt="Product Image"></a><p>Speedball Fabric Screen Printing Ink, 8-Ounce, Black for T-Shirt and Silkscreen Printmaking</p><p>$12.99 ($1.62 / Fl Oz)</p><a href="https://www.amazon.com/dp/B001038NLY?tag=eloabder-20&linkCode=osi&th=1&psc=1">View Product</a></div><div class="product"><a href="https://www.amazon.com/dp/B00161OPSA?tag=eloabder-20&linkCode=osi&th=1&psc=1"><img src="https://m.media-amazon.com/images/I/41C32y3CJAL._SL500_.jpg" alt="Product Image"></a><p>Tsukineko VersaFine inkpad, Full-Size, Onyx Black</p><p>$4.99 ($4.99 / Count)</p><a href="https://www.amazon.com/dp/B00161OPSA?tag=eloabder-20&linkCode=osi&th=1&psc=1">View Product</a></div>
<div class="product"><a href="https://www.amazon.com/dp/B07Q4TJCDJ?tag=eloabder-20&linkCode=osi&th=1&psc=1"><img src="https://m.media-amazon.com/images/I/315HYvYg-BL._SL500_.jpg" alt="Product Image"></a><p>Primbeeks 300pcs Blank Business Cards, Premium Blank White Cards, 3.5" x 2.2" Small Blank Cards, Blank Cardstock Cards, Small Note Cards, white blank cards, white business cards, kraft paper cards</p><p>$7.99</p><a href="https://www.amazon.com/dp/B07Q4TJCDJ?tag=eloabder-20&linkCode=osi&th=1&psc=1">View Product</a></div><div class="product"><a href="https://www.amazon.com/dp/B0CRGHFLT8?tag=eloabder-20&linkCode=osi&th=1&psc=1"><img src="https://m.media-amazon.com/images/I/41S1NLpb8hL._SL500_.jpg" alt="Product Image"></a><p>Watercolor Cards and Envelopes Set - 50 Folded 5x7 Inch Blank Heavyweight Paper Cards (140lb/300gsm) with Matching Envelopes for DIY Greeting Cards, Festivals, and Events</p><p>$17.99 ($0.36 / Count)</p><a href="https://www.amazon.com/dp/B0CRGHFLT8?tag=eloabder-20&linkCode=osi&th=1&psc=1">View Product</a></div><div class="product"><a href="https://www.amazon.com/dp/B08MX4TZ3H?tag=eloabder-20&linkCode=osi&th=1&psc=1"><img src="https://m.media-amazon.com/images/I/41D2u4vdLQL._SL500_.jpg" alt="Product Image"></a><p>50 Pack Blank Kraft Cards Cardstock Thick Paper Brown Greeting Cards for DIY Gift Card Menus, Baby Shower and Wedding Invitations (Multicolored, 5x7IN)</p><p>$8.99</p><a href="https://www.amazon.com/dp/B08MX4TZ3H?tag=eloabder-20&linkCode=osi&th=1&psc=1">View Product</a></div><div class="product"><a href="https://www.amazon.com/dp/B08BDGGVMK?tag=eloabder-20&linkCode=osi&th=1&psc=1"><img src="https://m.media-amazon.com/images/I/41W-dTUoBqL._SL500_.jpg" alt="Product Image"></a><p>100pcs 3.54"x2" Blank Kraft Paper Business Card, Words Message Notes paper Tags, Mini Craft Cardboard Festival gifts - 6 colors</p><p>$5.98</p><a href="https://www.amazon.com/dp/B08BDGGVMK?tag=eloabder-20&linkCode=osi&th=1&psc=1">View Product</a></div><div class="product"><a href="https://www.amazon.com/dp/B08BFDJJ78?tag=eloabder-20&linkCode=osi&th=1&psc=1"><img src="https://m.media-amazon.com/images/I/61LZ1Csb+dL._SL500_.jpg" alt="Product Image"></a><p>Nettbe 100pcs 3.54"x2" Blank Kraft Paper Business Card, Words Message Notes paper Tags, Mini Craft Cardboard Festival gifts</p><p>$5.99</p><a href="https://www.amazon.com/dp/B08BFDJJ78?tag=eloabder-20&linkCode=osi&th=1&psc=1">View Product</a></div><div class="product"><a href="https://www.amazon.com/dp/B07Q8YBJM3?tag=eloabder-20&linkCode=osi&th=1&psc=1"><img src="https://m.media-amazon.com/images/I/31w6U4cCqEL._SL500_.jpg" alt="Product Image"></a><p>Primbeeks 228pcs Blank Business Cards, Premium Blank White Cards, 3.5" x 2.2" Small Blank Cards, Blank Cardstock Cards, Small Note Cards, white blank cards, white business cards, kraft paper cards</p><p>$5.99</p><a href="https://www.amazon.com/dp/B07Q8YBJM3?tag=eloabder-20&linkCode=osi&th=1&psc=1">View Product</a></div><div class="product"><a href="https://www.amazon.com/dp/B08X4Z9TGN?tag=eloabder-20&linkCode=osi&th=1&psc=1"><img src="https://m.media-amazon.com/images/I/41Jqhe35tDL._SL500_.jpg" alt="Product Image"></a><p>321Done Blank Rustic Cards, Made in USA - 4x6 Thick, Heavy Cardstock - Make Invites, Greeting, Note, Thank You Cards - Plain Kraft for Writing, Stamping, Printing, Art - No Envelopes - Set of 50</p><p>$14.99</p><a href="https://www.amazon.com/dp/B08X4Z9TGN?tag=eloabder-20&linkCode=osi&th=1&psc=1">View Product</a></div><div class="product"><a href="https://www.amazon.com/dp/B0D2KDWBNM?tag=eloabder-20&linkCode=osi&th=1&psc=1"><img src="https://m.media-amazon.com/images/I/31dAhnBJ7aL._SL500_.jpg" alt="Product Image"></a><p>4x6 Blank White Cardstock (Set of 100) - Card Stock for Printer Postcards, Photo Paper Invitations, Greeting, Note, Thank You, DIY Making, Index Cards - Plain for Writing, Stamping, Printing, Art</p><p>$8.99</p><a href="https://www.amazon.com/dp/B0D2KDWBNM?tag=eloabder-20&linkCode=osi&th=1&psc=1">View Product</a></div><div class="product"><a href="https://www.amazon.com/dp/B0BB858RYN?tag=eloabder-20&linkCode=osi&th=1&psc=1"><img src="https://m.media-amazon.com/images/I/317zmriPKNL._SL500_.jpg" alt="Product Image"></a><p>WANDERINGS Handmade White Deckle Edge Blank Greeting Cards- Folded to 5x7” - Pack of 25 - Writers, Artists, Crafters - Thank Yous, Invitations, Menus, Greeting Cards, Notes - Thick 150 GSM</p><p>$21.99 ($0.88 / Count)</p><a href="https://www.amazon.com/dp/B0BB858RYN?tag=eloabder-20&linkCode=osi&th=1&psc=1">View Product</a></div><div class="product"><a href="https://www.amazon.com/dp/B0BZPPXRZW?tag=eloabder-20&linkCode=osi&th=1&psc=1"><img src="https://m.media-amazon.com/images/I/21Da-WQhrpL._SL500_.jpg" alt="Product Image"></a><p>100 Pack Thick Paper Cardstock Blank Heavy Cards Stock for Invitations, Greeting Cards Making, Postcards, Photos, 250GSM Thick Paper (White, 2x3.5 inches)</p><p>$5.99</p><a href="https://www.amazon.com/dp/B0BZPPXRZW?tag=eloabder-20&linkCode=osi&th=1&psc=1">View Product</a></div>
<div class="product"><a href="https://www.amazon.com/dp/B0BZRDQKH6?tag=eloabder-20&linkCode=osi&th=1&psc=1"><img src="https://m.media-amazon.com/images/I/41GYYRiusgL._SL500_.jpg" alt="Product Image"></a><p>feela 8 Pack Unlined Kraft Paper Notebooks, Blank Journal Note Pad for Drawing Writing, Small Sketchbook Travel Journal Bulk for Women Kids Students Office School Supplies, A5, 60 Pages, 8.3” X 5.5”</p><p>$9.99</p><a href="https://www.amazon.com/dp/B0BZRDQKH6?tag=eloabder-20&linkCode=osi&th=1&psc=1">View Product</a></div><div class="product"><a href="https://www.amazon.com/dp/B0BXLB74KK?tag=eloabder-20&linkCode=osi&th=1&psc=1"><img src="https://m.media-amazon.com/images/I/313vYzg7HpL._SL500_.jpg" alt="Product Image"></a><p>ZZTX 4 Pack Blank Kraft Notebooks, Blank Paper Sketchbooks for Drawing Doodling Writing,Travel Journal Set, A5, 36 Pages, 8.3” X 5.5”</p><p>$5.99</p><a href="https://www.amazon.com/dp/B0BXLB74KK?tag=eloabder-20&linkCode=osi&th=1&psc=1">View Product</a></div><div class="product"><a href="https://www.amazon.com/dp/B0BW5TNPXJ?tag=eloabder-20&linkCode=osi&th=1&psc=1"><img src="https://m.media-amazon.com/images/I/31Wu8UP78iL._SL500_.jpg" alt="Product Image"></a><p>EOOUT Kraft Notebooks, Blank Page Journals in Bulk, 16pcs A5, 8.3 X 5.5 Inches, 60 Pages, 80gsm, Travel Journal Set, for Art Camp, Travelers, Students and Office Supplies Sketchbooks Bulk for Kids</p><p>$15.99</p><a href="https://www.amazon.com/dp/B0BW5TNPXJ?tag=eloabder-20&linkCode=osi&th=1&psc=1">View Product</a></div><div class="product"><a href="https://www.amazon.com/dp/B08P3F46SD?tag=eloabder-20&linkCode=osi&th=1&psc=1"><img src="https://m.media-amazon.com/images/I/41jeBDcZJ1L._SL500_.jpg" alt="Product Image"></a><p>Krafty Soft Cover Blank Notebook Journal, Spiral Sketchbook Pad, Drawing Book, 60 Sheets/140gsm (A4)/120 Pages</p><p>$7.99</p><a href="https://www.amazon.com/dp/B08P3F46SD?tag=eloabder-20&linkCode=osi&th=1&psc=1">View Product</a></div><div class="product"><a href="https://www.amazon.com/dp/B0CWNPMC4T?tag=eloabder-20&linkCode=osi&th=1&psc=1"><img src="https://m.media-amazon.com/images/I/31BZeVGe6TL._SL500_.jpg" alt="Product Image"></a><p>zmybcpack 5 Pack Blank Journal Notebooks, Blank Paper Sketchbook for Drawing Writing, Travel Journal Notebook Kraft Paper Notebook for Travelers, Students, Office, A5, 8.26” x 5.5”, 60 Pages/30 Sheets</p><p>$8.99</p><a href="https://www.amazon.com/dp/B0CWNPMC4T?tag=eloabder-20&linkCode=osi&th=1&psc=1">View Product</a></div><div class="product"><a href="https://www.amazon.com/dp/B07WHYP9WN?tag=eloabder-20&linkCode=osi&th=1&psc=1"><img src="https://m.media-amazon.com/images/I/41ZhyCux1yL._SL500_.jpg" alt="Product Image"></a><p>Thick Blank Journal Notebook with Unlined / Unruled / Plain Pages | Deluxe 120gsm Ink Resistant Paper for Writing, Sketch Book, 160 Pages | Hardcover Sketchbook with Pen Holder, Pocket, Ribbon (Black)</p><p>$14.99</p><a href="https://www.amazon.com/dp/B07WHYP9WN?tag=eloabder-20&linkCode=osi&th=1&psc=1">View Product</a></div>
<div class="product"><a href="https://www.amazon.com/dp/B07MT7HKZW?tag=eloabder-20&linkCode=osi&th=1&psc=1"><img src="https://m.media-amazon.com/images/I/413JwH5JREL._SL500_.jpg" alt="Product Image"></a><p>Spiral Sketch Book Large Notebook（Built-in Drawing Board） Kraft Cover Blank Sketch Pad Wirebound Sketching for Drawing Painting 8.5x11-Inch (2 Pack) 200 Sheets, 100 Sheets, 200Pages Each</p><p>$17.99 ($9.00 / Count)</p><a href="https://www.amazon.com/dp/B07MT7HKZW?tag=eloabder-20&linkCode=osi&th=1&psc=1">View Product</a></div><div class="product"><a href="https://www.amazon.com/dp/B0BDQ82WB9?tag=eloabder-20&linkCode=osi&th=1&psc=1"><img src="https://m.media-amazon.com/images/I/51FoWr3GPwL._SL500_.jpg" alt="Product Image"></a><p>feela 170 Pack Blank Kraft Notebooks, Unlined Sketchbook Mini Cute Note Pad for Drawing Writing, Journal Bulk For Kids Students Office School Supplies, A6, 48 Pages, 4.25” X 5.5”, Black and Brown</p><p>$51.99</p><a href="https://www.amazon.com/dp/B0BDQ82WB9?tag=eloabder-20&linkCode=osi&th=1&psc=1">View Product</a></div><div class="product"><a href="https://www.amazon.com/dp/B0B3WWHWT2?tag=eloabder-20&linkCode=osi&th=1&psc=1"><img src="https://m.media-amazon.com/images/I/31m0FzXtPxL._SL500_.jpg" alt="Product Image"></a><p>Tamaki 6 Pack Colorful Blank Books for kids to Write, Drawing, Cute Sketchbook for Kid, 6 Colors (4.25 x 5.5 Inches)</p><p>$6.99</p><a href="https://www.amazon.com/dp/B0B3WWHWT2?tag=eloabder-20&linkCode=osi&th=1&psc=1">View Product</a></div>
<div class="product"><a href="https://www.amazon.com/dp/B0BGH2P9M6?tag=eloabder-20&linkCode=osi&th=1&psc=1"><img src="https://m.media-amazon.com/images/I/41ozOaYoHEL._SL500_.jpg" alt="Product Image"></a><p>EOOUT 100pcs A5 Kraft Notebooks, Blank Page Journals in Bulk, Sketchbooks Bulk for Kids, 60 Pages, 80GSM, 8.3 X 5.5 Inch, Travel Journal Set, for Art Camp, Travelers, Students and Office Supplies</p><p>$51.99</p><a href="https://www.amazon.com/dp/B0BGH2P9M6?tag=eloabder-20&linkCode=osi&th=1&psc=1">View Product</a></div><div class="product"><a href="https://www.amazon.com/dp/B07MT99F94?tag=eloabder-20&linkCode=osi&th=1&psc=1"><img src="https://m.media-amazon.com/images/I/41Ug7gpSWDL._SL500_.jpg" alt="Product Image"></a><p>Spiral Sketch Book Large Notebook（Built-in Drawing Board） Kraft Cover Blank Sketch Pad Wirebound Sketching for Drawing Painting 8.5x11-Inch (1 Pack) 200 Pages, 100 Sheets</p><p>$9.99</p><a href="https://www.amazon.com/dp/B07MT99F94?tag=eloabder-20&linkCode=osi&th=1&psc=1">View Product</a></div><div class="product"><a href="https://www.amazon.com/dp/B07CM32KLM?tag=eloabder-20&linkCode=osi&th=1&psc=1"><img src="https://m.media-amazon.com/images/I/41ENhBLE9DL._SL500_.jpg" alt="Product Image"></a><p>Kraft Cover Drawing Notebook & Sketchbook – Set of 2 Blank Plain Sketch Books – 125g Thick Paper A5 Size, 150x210mm Paper Ideal for Drawing & Sketching- 128 sheets/256 pages – 180 Degree Opening, 2pcs</p><p>$20.99 ($0.08 / Count)</p><a href="https://www.amazon.com/dp/B07CM32KLM?tag=eloabder-20&linkCode=osi&th=1&psc=1">View Product</a></div><div class="product"><a href="https://www.amazon.com/dp/B08ZLMLF7C?tag=eloabder-20&linkCode=osi&th=1&psc=1"><img src="https://m.media-amazon.com/images/I/41X-5yj83vL._SL500_.jpg" alt="Product Image"></a><p>BEECHMORE BOOKS Sketch Book, A4 8.5 x 11.5 inch Blank Sketchbook for Drawing, Paint and Draw, 156 Pages Thick Paper 160gsm, Hardcover Leather Art Notebook, Boxed for Gifts (Chestnut Brown)</p><p>$21.20</p><a href="https://www.amazon.com/dp/B08ZLMLF7C?tag=eloabder-20&linkCode=osi&th=1&psc=1">View Product</a></div>
<div class="product"><a href="https://www.amazon.com/dp/B075M9MSFH?tag=eloabder-20&linkCode=osi&th=1&psc=1"><img src="https://m.media-amazon.com/images/I/51x+szTX6TL._SL500_.jpg" alt="Product Image"></a><p>Bianyo Bleedproof Marker Paper Pad, A4(8.27"X11.69"), 50 Sheets, 18 LB / 70 GSM, Glue-Bound, 100% Cotton, White, Ideal for Use with Markers and Ink Mediums</p><p>$9.99</p><a href="https://www.amazon.com/dp/B075M9MSFH?tag=eloabder-20&linkCode=osi&th=1&psc=1">View Product</a></div><div class="product"><a href="https://www.amazon.com/dp/B08FX5S2NL?tag=eloabder-20&linkCode=osi&th=1&psc=1"><img src="https://m.media-amazon.com/images/I/41CA0ZfazKL._SL500_.jpg" alt="Product Image"></a><p>Marker Paper Sketchbook, Bleedproof Art Marker Pad, (8.27 X 11.69) Inch, White, 40 Sheets</p><p>$6.99</p><a href="https://www.amazon.com/dp/B08FX5S2NL?tag=eloabder-20&linkCode=osi&th=1&psc=1">View Product</a></div><div class="product"><a href="https://www.amazon.com/dp/B0CJRBFSJ8?tag=eloabder-20&linkCode=osi&th=1&psc=1"><img src="https://m.media-amazon.com/images/I/51DLA8TpwEL._SL500_.jpg" alt="Product Image"></a><p>Shuttle Art Marker Pad, 8.3”x8.9” Portable Square Sketchbook, 80 Sheets Marker Drawing Paper, 120LB/200GSM Bleedproof Art Paper, Spiral-Bound, Great for Professional Artist to Draw, Paint & Sketch</p><p>$16.99</p><a href="https://www.amazon.com/dp/B0CJRBFSJ8?tag=eloabder-20&linkCode=osi&th=1&psc=1">View Product</a></div><div class="product"><a href="https://www.amazon.com/dp/B09N7VX5Z5?tag=eloabder-20&linkCode=osi&th=1&psc=1"><img src="https://m.media-amazon.com/images/I/51xCPs9HZyL._SL500_.jpg" alt="Product Image"></a><p>Marker Paper Sketchbook - Marker Sketchbook with Bleedproof Smooth Coated Art Paper, 120 GSM 80 LBS - Marker Pad for Alcohol Markers, Sketching, Drawing - 8.11 x 8.5 Inch | 50 Sheets, 2 Pack</p><p>$15.99 ($8.00 / Count)</p><a href="https://www.amazon.com/dp/B09N7VX5Z5?tag=eloabder-20&linkCode=osi&th=1&psc=1">View Product</a></div><div class="product"><a href="https://www.amazon.com/dp/B07CK94W9T?tag=eloabder-20&linkCode=osi&th=1&psc=1"><img src="https://m.media-amazon.com/images/I/41ocoSNDjdL._SL500_.jpg" alt="Product Image"></a><p>BOXUN Premium 50 Sheets Sketch Marker Paper Pad, Bleedproof Artist Drawing Paper, 8.27 x 11.69 Inch</p><p>$8.29 ($0.17 / Count)</p><a href="https://www.amazon.com/dp/B07CK94W9T?tag=eloabder-20&linkCode=osi&th=1&psc=1">View Product</a></div><div class="product"><a href="https://www.amazon.com/dp/B0CPXWD11W?tag=eloabder-20&linkCode=osi&th=1&psc=1"><img src="https://m.media-amazon.com/images/I/51ApKzpDVNL._SL500_.jpg" alt="Product Image"></a><p>FEITAKE Marker Paper Pad Sketchbook Bleedproof for Alcohol Markers 120lb/200gsm Double Sided Thick Art Drawing Papers 60pages (30Sheets) / A4(8.3"x11.7") Gift for Artists Students Kids</p><p>$13.99 ($0.47 / Count)</p><a href="https://www.amazon.com/dp/B0CPXWD11W?tag=eloabder-20&linkCode=osi&th=1&psc=1">View Product</a></div><div class="product"><a href="https://www.amazon.com/dp/B0025TWYW6?tag=eloabder-20&linkCode=osi&th=1&psc=1"><img src="https://m.media-amazon.com/images/I/51t6UkUHCvL._SL500_.jpg" alt="Product Image"></a><p>Bee Paper Bleedproof Marker Pack, 8-1/2-Inch by 11-Inch, 50 Sheets per Pack</p><p>$17.09 ($0.34 / Count)</p><a href="https://www.amazon.com/dp/B0025TWYW6?tag=eloabder-20&linkCode=osi&th=1&psc=1">View Product</a></div><div class="product"><a href="https://www.amazon.com/dp/B0CJRBYYQB?tag=eloabder-20&linkCode=osi&th=1&psc=1"><img src="https://m.media-amazon.com/images/I/41knBnjZ25L._SL500_.jpg" alt="Product Image"></a><p>Shuttle Art Marker Pad, 8.3”x7.67” Portable Square Sketchbook, 50 Sheets Marker Drawing Paper, 60LB/90GSM Smooth Surface Bleedproof Art Paper, Glue-Bound, Great for Beginners to Draw, Paint & Sketch</p><p>$8.99 ($0.18 / Count)</p><a href="https://www.amazon.com/dp/B0CJRBYYQB?tag=eloabder-20&linkCode=osi&th=1&psc=1">View Product</a></div>
<div class="product"><a href="https://www.amazon.com/dp/B00881IU8M?tag=eloabder-20&linkCode=osi&th=1&psc=1"><img src="https://m.media-amazon.com/images/I/41hbSgdLBtL._SL500_.jpg" alt="Product Image"></a><p>Speedball Fabric & Paper Block Printing Ink 6-Color Set, 1.25-Ounce x 6</p><p>$28.99 ($28.99 / Count)</p><a href="https://www.amazon.com/dp/B00881IU8M?tag=eloabder-20&linkCode=osi&th=1&psc=1">View Product</a></div><div class="product"><a href="https://www.amazon.com/dp/B000J09PFM?tag=eloabder-20&linkCode=osi&th=1&psc=1"><img src="https://m.media-amazon.com/images/I/51yPRc4nvoL._SL500_.jpg" alt="Product Image"></a><p>Speedball Water-Soluble Block Printing Ink Starter Set, 6 Bold Colors with Satin Finish, 1.25-Ounce Tubes</p><p>$29.99 ($4.00 / Fl Oz)</p><a href="https://www.amazon.com/dp/B000J09PFM?tag=eloabder-20&linkCode=osi&th=1&psc=1">View Product</a></div><div class="product"><a href="https://www.amazon.com/dp/B000BYT24U?tag=eloabder-20&linkCode=osi&th=1&psc=1"><img src="https://m.media-amazon.com/images/I/51pDlo+LlKL._SL500_.jpg" alt="Product Image"></a><p>Speedball Water-Soluble Block Printing Ink, 8-Ounce Jar, Black</p><p>$14.49</p><a href="https://www.amazon.com/dp/B000BYT24U?tag=eloabder-20&linkCode=osi&th=1&psc=1">View Product</a></div><div class="product"><a href="https://www.amazon.com/dp/B00C1JUJWW?tag=eloabder-20&linkCode=osi&th=1&psc=1"><img src="https://m.media-amazon.com/images/I/41zDtJ6f5hL._SL500_.jpg" alt="Product Image"></a><p>Speedball Fabric Block Printing Ink, 2.5-Ounce, Black</p><p>$9.99 ($4.00 / Fl Oz)</p><a href="https://www.amazon.com/dp/B00C1JUJWW?tag=eloabder-20&linkCode=osi&th=1&psc=1">View Product</a></div><div class="product"><a href="https://www.amazon.com/dp/B004PZ1ZJG?tag=eloabder-20&linkCode=osi&th=1&psc=1"><img src="https://m.media-amazon.com/images/I/41+GkhhpR5L._SL500_.jpg" alt="Product Image"></a><p>Speedball Water-Soluble Block Printing Ink Starter Set, 4-Color Set, 1.25-Ounce Tubes</p><p>$20.99</p><a href="https://www.amazon.com/dp/B004PZ1ZJG?tag=eloabder-20&linkCode=osi&th=1&psc=1">View Product</a></div><div class="product"><a href="https://www.amazon.com/dp/B0017CZF3C?tag=eloabder-20&linkCode=osi&th=1&psc=1"><img src="https://m.media-amazon.com/images/I/41S17SYPAZL._SL500_.jpg" alt="Product Image"></a><p>Speedball Water Soluble Block Printing Ink, Black, 2-1/2 Ounces - 380663</p><p>$9.99</p><a href="https://www.amazon.com/dp/B0017CZF3C?tag=eloabder-20&linkCode=osi&th=1&psc=1">View Product</a></div><div class="product"><a href="https://www.amazon.com/dp/B0BXNX8FSH?tag=eloabder-20&linkCode=osi&th=1&psc=1"><img src="https://m.media-amazon.com/images/I/51JGm1VxVOL._SL500_.jpg" alt="Product Image"></a><p>Falling in Art Water-Soluble Block Printing Ink, 6-Color Printmaking Ink Set for Linoleum Block, 3.5 floz</p><p>$28.99</p><a href="https://www.amazon.com/dp/B0BXNX8FSH?tag=eloabder-20&linkCode=osi&th=1&psc=1">View Product</a></div><div class="product"><a href="https://www.amazon.com/dp/B0027ACJBO?tag=eloabder-20&linkCode=osi&th=1&psc=1"><img src="https://m.media-amazon.com/images/I/41OzayB9ojL._SL500_.jpg" alt="Product Image"></a><p>Speedball 3476 Oil-Based Block Printing Ink Starter Set for Professional, Permanent Prints AP Certified – 1.25 FL OZ Tubes</p><p>$33.99</p><a href="https://www.amazon.com/dp/B0027ACJBO?tag=eloabder-20&linkCode=osi&th=1&psc=1">View Product</a></div>
<div class="product"><a href="https://www.amazon.com/dp/B0027AGDWK?tag=eloabder-20&linkCode=osi&th=1&psc=1"><img src="https://m.media-amazon.com/images/I/515LDer6GPL._SL500_.jpg" alt="Product Image"></a><p>Speedball Deluxe Block Printing Kit - Includes Inks, Brayer, Bench Hook, Lino Handle and Cutters, Speedy-Carve Block, Mounted Linoleum Block</p><p>$59.99</p><a href="https://www.amazon.com/dp/B0027AGDWK?tag=eloabder-20&linkCode=osi&th=1&psc=1">View Product</a></div><div class="product"><a href="https://www.amazon.com/dp/B07ZJBZN5S?tag=eloabder-20&linkCode=osi&th=1&psc=1"><img src="https://m.media-amazon.com/images/I/41UbN58y9uS._SL500_.jpg" alt="Product Image"></a><p>SGHUO 12pcs 4"x6" Pink Rubber Carving Blocks Linoleum Block Stamp Making Kit</p><p>$22.99 ($1.92 / Count)</p><a href="https://www.amazon.com/dp/B07ZJBZN5S?tag=eloabder-20&linkCode=osi&th=1&psc=1">View Product</a></div>
<div class="product"><a href="https://www.amazon.com/dp/B00L2DYUM8?tag=eloabder-20&linkCode=osi&th=1&psc=1"><img src="https://m.media-amazon.com/images/I/51l5FZ0+5AL._SL500_.jpg" alt="Product Image"></a><p>Strathmore 300 Series Printmaking Paper Pad, Glue Bound, 5x7 inches, 40 Sheets (120g) - Artist Paper for Adults and Students - Block Printing, Linocut, Screen Printing, White</p><p>$7.26</p><a href="https://www.amazon.com/dp/B00L2DYUM8?tag=eloabder-20&linkCode=osi&th=1&psc=1">View Product</a></div><div class="product"><a href="https://www.amazon.com/dp/B07BSYS5XC?tag=eloabder-20&linkCode=osi&th=1&psc=1"><img src="https://m.media-amazon.com/images/I/51Uwfq0jv+L._SL500_.jpg" alt="Product Image"></a><p>Ucreate Printmaking Paper, 9"x12", White, 100 Sheet, P9001</p><p>$9.79</p><a href="https://www.amazon.com/dp/B07BSYS5XC?tag=eloabder-20&linkCode=osi&th=1&psc=1">View Product</a></div><div class="product"><a href="https://www.amazon.com/dp/B00K5562WA?tag=eloabder-20&linkCode=osi&th=1&psc=1"><img src="https://m.media-amazon.com/images/I/51Dm+TeJGdL._SL500_.jpg" alt="Product Image"></a><p>Strathmore Printmaking Paper Pad 8"X10"-20 Sheets -62433800, White</p><p>$10.19</p><a href="https://www.amazon.com/dp/B00K5562WA?tag=eloabder-20&linkCode=osi&th=1&psc=1">View Product</a></div><div class="product"><a href="https://www.amazon.com/dp/B001DNH8I0?tag=eloabder-20&linkCode=osi&th=1&psc=1"><img src="https://m.media-amazon.com/images/I/51UzoKdUojL._SL500_.jpg" alt="Product Image"></a><p>Black Ink 9-Inch by 12-Inch Bleached Mulberry Block Printing Paper, 25-Pack</p><p>$19.35 ($0.77 / Count)</p><a href="https://www.amazon.com/dp/B001DNH8I0?tag=eloabder-20&linkCode=osi&th=1&psc=1">View Product</a></div><div class="product"><a href="https://www.amazon.com/dp/B00C6G6L5Y?tag=eloabder-20&linkCode=osi&th=1&psc=1"><img src="https://m.media-amazon.com/images/I/5103h0Rm8sL._SL500_.jpg" alt="Product Image"></a><p>Black Ink Thai Mulberry Block Printing Paper Packs small assorted colors</p><p>$21.99</p><a href="https://www.amazon.com/dp/B00C6G6L5Y?tag=eloabder-20&linkCode=osi&th=1&psc=1">View Product</a></div>
<div class="product"><a href="https://www.amazon.com/dp/B003IG27OK?tag=eloabder-20&linkCode=osi&th=1&psc=1"><img src="https://m.media-amazon.com/images/I/416NUaYo1DL._SL500_.jpg" alt="Product Image"></a><p>Speedball Block Printing Baren - Comfortable Wooden Handle, Made in the USA - 4 Inches</p><p>$29.49</p><a href="https://www.amazon.com/dp/B003IG27OK?tag=eloabder-20&linkCode=osi&th=1&psc=1">View Product</a></div>
<div class="product"><a href="https://www.amazon.com/dp/B0CMZYY8CJ?tag=eloabder-20&linkCode=osi&th=1&psc=1"><img src="https://m.media-amazon.com/images/I/41TifSIP7SL._SL500_.jpg" alt="Product Image"></a><p>Ecoofor Blotting Paper for Flower Press, 20 Sheets Highly Absorbent and Reusable Blotter Paper for Flower Press Paper Craft 9 x 9 inch</p><p>$9.99</p><a href="https://www.amazon.com/dp/B0CMZYY8CJ?tag=eloabder-20&linkCode=osi&th=1&psc=1">View Product</a></div><div class="product"><a href="https://www.amazon.com/dp/B0CYRT3RM4?tag=eloabder-20&linkCode=osi&th=1&psc=1"><img src="https://m.media-amazon.com/images/I/31+qvVq3giL._SL500_.jpg" alt="Product Image"></a><p>Hygge & Sage Premium Natural Fiber Blotting Paper for Flower Press Art; 20 Large Sheets for a Press up to 8x11 Inches; Absorbent, Versatile, and Acid-Free Reusable Blotter Paper for Flower Pressing</p><p>$9.50 ($0.48 / Count)</p><a href="https://www.amazon.com/dp/B0CYRT3RM4?tag=eloabder-20&linkCode=osi&th=1&psc=1">View Product</a></div><div class="product"><a href="https://www.amazon.com/dp/B0D41GDLHM?tag=eloabder-20&linkCode=osi&th=1&psc=1"><img src="https://m.media-amazon.com/images/I/41LIF5dHXaL._SL500_.jpg" alt="Product Image"></a><p>Aboofx 20 Sheets Blotting Paper for Flower Press, 15" x 10" Extra Large Highly Absorbent Blotter Paper for Flower Press Reusable Herbarium Paper Craft Blotter Paper Sheets</p><p>$19.99</p><a href="https://www.amazon.com/dp/B0D41GDLHM?tag=eloabder-20&linkCode=osi&th=1&psc=1">View Product</a></div><div class="product"><a href="https://www.amazon.com/dp/B0CQMMYSBR?tag=eloabder-20&linkCode=osi&th=1&psc=1"><img src="https://m.media-amazon.com/images/I/413SlUi6IDL._SL500_.jpg" alt="Product Image"></a><p>Wisreach Blotting Paper for Flower Press, 20 Sheets Flower Press Paper Highly Absorbent and Reusable Blotter Paper for Flower Art A4 Size 8.26 x 11.4 inch</p><p>$9.99</p><a href="https://www.amazon.com/dp/B0CQMMYSBR?tag=eloabder-20&linkCode=osi&th=1&psc=1">View Product</a></div><div class="product"><a href="https://www.amazon.com/dp/B093FQ22PG?tag=eloabder-20&linkCode=osi&th=1&psc=1"><img src="https://m.media-amazon.com/images/I/41B2jXhe+QL._SL500_.jpg" alt="Product Image"></a><p>Blotting Paper for Flower Press by Berstuk® • Large A4 Flower Press Paper • Highly Absorbent and Reusable Herbarium Paper • Pack of 10 Blotter Paper Sheets</p><p>$6.99 ($69.90 / 100 Sheets)</p><a href="https://www.amazon.com/dp/B093FQ22PG?tag=eloabder-20&linkCode=osi&th=1&psc=1">View Product</a></div><div class="product"><a href="https://www.amazon.com/dp/B0C6PW4VGB?tag=eloabder-20&linkCode=osi&th=1&psc=1"><img src="https://m.media-amazon.com/images/I/21C64VB3iVL._SL500_.jpg" alt="Product Image"></a><p>PATIKIL 16"x12" Flower Press Paper, 1 Set/30 Sheet Refill Lining Blotter Paper Absorbent Reusable Blotting Paper for DIY Art Handicraft Scrapbook</p><p>$11.19</p><a href="https://www.amazon.com/dp/B0C6PW4VGB?tag=eloabder-20&linkCode=osi&th=1&psc=1">View Product</a></div><div class="product"><a href="https://www.amazon.com/dp/B0C6PTK915?tag=eloabder-20&linkCode=osi&th=1&psc=1"><img src="https://m.media-amazon.com/images/I/21UviFCGjtL._SL500_.jpg" alt="Product Image"></a><p>PATIKIL 12"x8" Flower Press Paper, 2 Set/60 Sheet Refill Lining Blotter Paper Absorbent Reusable Blotting Paper for DIY Art Handicraft Scrapbook</p><p>$13.69</p><a href="https://www.amazon.com/dp/B0C6PTK915?tag=eloabder-20&linkCode=osi&th=1&psc=1">View Product</a></div><div class="product"><a href="https://www.amazon.com/dp/B0CDJZ4MD7?tag=eloabder-20&linkCode=osi&th=1&psc=1"><img src="https://m.media-amazon.com/images/I/41iwkW+QQOL._SL500_.jpg" alt="Product Image"></a><p>30 PCS Blotting Paper for Flower Press Large A4 Flower Press Paper Highly Absorbent and Reusable Blotter Paper Refill Lining Paper for Flower Press Art Craft Scrapbook Making, 11.8 x 7.9 Inches Blue</p><p>$9.99</p><a href="https://www.amazon.com/dp/B0CDJZ4MD7?tag=eloabder-20&linkCode=osi&th=1&psc=1">View Product</a></div>

<div class="product"><a href="https://www.amazon.com/dp/B0D2T4F1DZ?tag=eloabder-20&linkCode=osi&th=1&psc=1"><img src="https://m.media-amazon.com/images/I/41KNcatyBWL._SL500_.jpg" alt="Product Image"></a><p>10pcs Book Cloth,14”x10”,Fabric Surface and Paper Backed, book cloth for book binding,book binding fabric,5 Colors Bookbinding Cloth for DIY fabric book cover,bookbinding paper (Style B)</p><p>$9.99</p><a href="https://www.amazon.com/dp/B0D2T4F1DZ?tag=eloabder-20&linkCode=osi&th=1&psc=1">View Product</a></div><div class="product"><a href="https://www.amazon.com/dp/B0CMD2LWR8?tag=eloabder-20&linkCode=osi&th=1&psc=1"><img src="https://m.media-amazon.com/images/I/31QVUZVSB+L._SL500_.jpg" alt="Product Image"></a><p>Mozeat Lens 33 ft Bookbinding Tape Book Tape Repair Book Binding Tape Cloth Book Repair Kit 2 Inch Wide Book Spine Tape Cloth Bookbinding Repair Tape White Book Tape for Reinforcing Book Spine Tape</p><p>$7.99</p><a href="https://www.amazon.com/dp/B0CMD2LWR8?tag=eloabder-20&linkCode=osi&th=1&psc=1">View Product</a></div><div class="product"><a href="https://www.amazon.com/dp/B0D1KC168C?tag=eloabder-20&linkCode=osi&th=1&psc=1"><img src="https://m.media-amazon.com/images/I/31wWgk-1V4L._SL500_.jpg" alt="Product Image"></a><p>AKONEGE Book Cloth for Book Binding 35 x 16 Inch Fabric Surface and Paper Backed, Strong, Easy to Use, Fabric Materials Bookbinding Supplies Bookcloth for Scrapbooking Album DIY Crafts, Black</p><p>$9.99</p><a href="https://www.amazon.com/dp/B0D1KC168C?tag=eloabder-20&linkCode=osi&th=1&psc=1">View Product</a></div><div class="product"><a href="https://www.amazon.com/dp/B0BC48CCWW?tag=eloabder-20&linkCode=osi&th=1&psc=1"><img src="https://m.media-amazon.com/images/I/41vTc+L-XyL._SL500_.jpg" alt="Product Image"></a><p>Wooqu Book Cloth, Fabric Surface and Paper Backed, Easy to Use, Strong, 17x29”, for Book Binding, Dark Green</p><p>$13.99</p><a href="https://www.amazon.com/dp/B0BC48CCWW?tag=eloabder-20&linkCode=osi&th=1&psc=1">View Product</a></div><div class="product"><a href="https://www.amazon.com/dp/B00W3S7LU4?tag=eloabder-20&linkCode=osi&th=1&psc=1"><img src="https://m.media-amazon.com/images/I/41mUL1LmSHS._SL500_.jpg" alt="Product Image"></a><p>BookGuard 2 inch Premium Bookbinding Repair Cloth Tape, 15 Yard Roll Burgundy</p><p>$14.95</p><a href="https://www.amazon.com/dp/B00W3S7LU4?tag=eloabder-20&linkCode=osi&th=1&psc=1">View Product</a></div>

<div class="product"><a href="https://www.amazon.com/dp/B08217DGL7?tag=eloabder-20&linkCode=osi&th=1&psc=1"><img src="https://m.media-amazon.com/images/I/51Gy-qfph7L._SL500_.jpg" alt="Product Image"></a><p>24 Colors Waxed Thread, Leather Sewing Thread,Hand Stitching Thread for Hand Sewing Leather and Bookbinding, 13Yards Per Color</p><p>$11.99 ($0.01 / Foot)</p><a href="https://www.amazon.com/dp/B08217DGL7?tag=eloabder-20&linkCode=osi&th=1&psc=1">View Product</a></div><div class="product"><a href="https://www.amazon.com/dp/B08GCHJ3FP?tag=eloabder-20&linkCode=osi&th=1&psc=1"><img src="https://m.media-amazon.com/images/I/41TK-XNxTFL._SL500_.jpg" alt="Product Image"></a><p>FANDOL 100% Natural Linen Thread Waxed thread for Bookbingding, Leather Sewing, Beading or Macrame (Natural)</p><p>$14.98</p><a href="https://www.amazon.com/dp/B08GCHJ3FP?tag=eloabder-20&linkCode=osi&th=1&psc=1">View Product</a></div><div class="product"><a href="https://www.amazon.com/dp/B0025U108E?tag=eloabder-20&linkCode=osi&th=1&psc=1"><img src="https://m.media-amazon.com/images/I/4172yrURiVL._SL500_.jpg" alt="Product Image"></a><p>Books by Hand Linen Thread, Archival Quality Natural Unbleached and Unwaxed, 50 Yards 35/3 Gauge, Ideal for Bookbinding and Sewing Signatures</p><p>$9.47</p><a href="https://www.amazon.com/dp/B0025U108E?tag=eloabder-20&linkCode=osi&th=1&psc=1">View Product</a></div><div class="product"><a href="https://www.amazon.com/dp/B08S78KLRN?tag=eloabder-20&linkCode=osi&th=1&psc=1"><img src="https://m.media-amazon.com/images/I/413NGMtJdrL._SL500_.jpg" alt="Product Image"></a><p>Jupean Waxed Thread, 150m /164Yards Beige Leather Waxed Thread, Leather Sewing Thread, Hand Stitching Thread for Hand Sewing Leather, Bookbinding, and Beginners Leather Craft DIY</p><p>$6.49 ($0.01 / Foot)</p><a href="https://www.amazon.com/dp/B08S78KLRN?tag=eloabder-20&linkCode=osi&th=1&psc=1">View Product</a></div><div class="product"><a href="https://www.amazon.com/dp/B015D9E6UM?tag=eloabder-20&linkCode=osi&th=1&psc=1"><img src="https://m.media-amazon.com/images/I/51VnWPI+Q5L._SL500_.jpg" alt="Product Image"></a><p>Lineco, Natural Waxed Linen Thread 20 Yards, Books by Hand Natural, Black, Brown Color for Sewing, Bookbinding (3/Pkg)</p><p>$13.77</p><a href="https://www.amazon.com/dp/B015D9E6UM?tag=eloabder-20&linkCode=osi&th=1&psc=1">View Product</a></div>
<div class="product"><a href="https://www.amazon.com/dp/B0CMD53C1C?tag=eloabder-20&linkCode=osi&th=1&psc=1"><img src="https://m.media-amazon.com/images/I/31dU4wqS0rL._SL500_.jpg" alt="Product Image"></a><p>5-in-1 Bookbinding Kit,Book Cover Guide, Bookbinding Cover Tool, Stainless Steel Book Binding Kit, Bookbinding Ruler, Scrapbooking Tools for Making Book Cover Chipboard Covers Album Planner</p><p>$7.88</p><a href="https://www.amazon.com/dp/B0CMD53C1C?tag=eloabder-20&linkCode=osi&th=1&psc=1">View Product</a></div>
<div class="product"><a href="https://www.amazon.com/dp/B007TIEG6U?tag=eloabder-20&linkCode=osi&th=1&psc=1"><img src="https://m.media-amazon.com/images/I/31d6r6R5lGL._SL500_.jpg" alt="Product Image"></a><p>Handy Art Empty 2 ounce Marker Bottle, Dauber Tip and Cap, 12-Each (900-003) , White</p><p>$23.12 ($1.93 / Count)</p><a href="https://www.amazon.com/dp/B007TIEG6U?tag=eloabder-20&linkCode=osi&th=1&psc=1">View Product</a></div>
<div class="product"><a href="https://www.amazon.com/dp/B07YDNKSH6?tag=eloabder-20&linkCode=osi&th=1&psc=1"><img src="https://m.media-amazon.com/images/I/41JGrHa7mSL._SL500_.jpg" alt="Product Image"></a><p>4-Inch Rubber Brayer Roller for Printmaking, Great for Gluing Application Also. (Original Version)</p><p>$6.99</p><a href="https://www.amazon.com/dp/B07YDNKSH6?tag=eloabder-20&linkCode=osi&th=1&psc=1">View Product</a></div>
<div class="product"><a href="https://www.amazon.com/dp/B005U7BNPE?tag=eloabder-20&linkCode=osi&th=1&psc=1"><img src="https://m.media-amazon.com/images/I/418YfTClSxL._SL500_.jpg" alt="Product Image"></a><p>Apple Barrel Acrylic Paint in Assorted Colors (2 oz), 20513, Bright Yellow</p><p>$0.58 ($0.29 / Fl Oz)</p><a href="https://www.amazon.com/dp/B005U7BNPE?tag=eloabder-20&linkCode=osi&th=1&psc=1">View Product</a></div><div class="product"><a href="https://www.amazon.com/dp/B099DWCRZ5?tag=eloabder-20&linkCode=osi&th=1&psc=1"><img src="https://m.media-amazon.com/images/I/41rr5hT-8TL._SL500_.jpg" alt="Product Image"></a><p>milo Fluorescent Acrylic Paint Set of 6 Colors | 4 oz Bottles | Student Neon Colors Acrylics Painting Pack | Made in the USA | Non-Toxic Art & Craft Paints for Artists, Kids, & Hobby Painters</p><p>$22.90 ($0.95 / Fl Oz)</p><a href="https://www.amazon.com/dp/B099DWCRZ5?tag=eloabder-20&linkCode=osi&th=1&psc=1">View Product</a></div><div class="product"><a href="https://www.amazon.com/dp/B07ZPPPWPL?tag=eloabder-20&linkCode=osi&th=1&psc=1"><img src="https://m.media-amazon.com/images/I/51Vqk2rrZwL._SL500_.jpg" alt="Product Image"></a><p>Apple Barrel, Pastel Dreams & Vivid Wonders Collection Acrylic Craft Paint, PROMOTCK, 2 fl oz each, 18 assorted matte colors, 18 count</p><p>$22.66 ($0.63 / Fl Oz)</p><a href="https://www.amazon.com/dp/B07ZPPPWPL?tag=eloabder-20&linkCode=osi&th=1&psc=1">View Product</a></div><div class="product"><a href="https://www.amazon.com/dp/B0CKQR52XC?tag=eloabder-20&linkCode=osi&th=1&psc=1"><img src="https://m.media-amazon.com/images/I/51WTPlhN2WL._SL500_.jpg" alt="Product Image"></a><p>ARTME Glow in The Dark Paint, 10 Bright Colors 60ml/2oz Blacklight Paint Set, Neon Craft Paint, Acrylic Glow Fluorescent Paint Perfect for Art Painting, DIY projects, Halloween and Christmas</p><p>$23.99 ($1.20 / Fl Oz)</p><a href="https://www.amazon.com/dp/B0CKQR52XC?tag=eloabder-20&linkCode=osi&th=1&psc=1">View Product</a></div><div class="product"><a href="https://www.amazon.com/dp/B09XXHBL3Y?tag=eloabder-20&linkCode=osi&th=1&psc=1"><img src="https://m.media-amazon.com/images/I/51taBeDdeIL._SL500_.jpg" alt="Product Image"></a><p>Fantastory Glow in the Dark Acrylic Paint, 10 Extra Bright Colors, 30ml/1oz Waterproof Glow in Dark Paint,Indoor Outdoor Blacklight Paint for Kids,Adults, Rocks,Walls,Halloween,Craft &Fabric</p><p>$9.99 ($1.00 / Fl Oz)</p><a href="https://www.amazon.com/dp/B09XXHBL3Y?tag=eloabder-20&linkCode=osi&th=1&psc=1">View Product</a></div><div class="product"><a href="https://www.amazon.com/dp/B0BS3JM8ZR?tag=eloabder-20&linkCode=osi&th=1&psc=1"><img src="https://m.media-amazon.com/images/I/51S8FteGgPL._SL500_.jpg" alt="Product Image"></a><p>Acrylic Paint, Shuttle Art 24 Colors Acrylic Paint Bottle Set, 250ml/8.45oz Each, Rich Pigments, High Viscosity, Bulk Paint for Artists, Beginners and Kids Painting on Rocks Crafts Canvas Wood Ceramic</p><p>$49.99 ($0.25 / Fl Oz)</p><a href="https://www.amazon.com/dp/B0BS3JM8ZR?tag=eloabder-20&linkCode=osi&th=1&psc=1">View Product</a></div><div class="product"><a href="https://www.amazon.com/dp/B00CIW3EDI?tag=eloabder-20&linkCode=osi&th=1&psc=1"><img src="https://m.media-amazon.com/images/I/41PMnxyBo5L._SL500_.jpg" alt="Product Image"></a><p>FolkArt Multi-Surface Acrylic Paint in Assorted Colors (2 oz), 2896, Bright Pink</p><p>$1.47 ($0.74 / Fl Oz)</p><a href="https://www.amazon.com/dp/B00CIW3EDI?tag=eloabder-20&linkCode=osi&th=1&psc=1">View Product</a></div><div class="product"><a href="https://www.amazon.com/dp/B085ZB5ZK9?tag=eloabder-20&linkCode=osi&th=1&psc=1"><img src="https://m.media-amazon.com/images/I/51nmRq1eicL._SL500_.jpg" alt="Product Image"></a><p>FolkArt 4 Bottle Multi-Surface Acrylic Paint Set, 2oz, Neon Blacklight Colors</p><p>$8.12 ($1.02 / Fl Oz)</p><a href="https://www.amazon.com/dp/B085ZB5ZK9?tag=eloabder-20&linkCode=osi&th=1&psc=1">View Product</a></div><div class="product"><a href="https://www.amazon.com/dp/B08N585VN5?tag=eloabder-20&linkCode=osi&th=1&psc=1"><img src="https://m.media-amazon.com/images/I/51nwFBdxwVL._SL500_.jpg" alt="Product Image"></a><p>Acrylic Paint Set Value Pack of 12 Colors | Craft Painting Kit with 2 oz Squeeze Bottles for Beginners, Artists, Professionals | Non-Toxic Water Based Paints for Canvas, Paper, Wood | Bright Hues</p><p>$11.99 ($0.50 / Fl Oz)</p><a href="https://www.amazon.com/dp/B08N585VN5?tag=eloabder-20&linkCode=osi&th=1&psc=1">View Product</a></div>
<div class="product"><a href="https://www.amazon.com/dp/B0009RRT9Y?tag=eloabder-20&linkCode=osi&th=1&psc=1"><img src="https://m.media-amazon.com/images/I/51ZhyYPOB5L._SL500_.jpg" alt="Product Image"></a><p>General Pencil Company The Masters Brush Cleaner & Preserver 2.5 0z.</p><p>$12.00</p><a href="https://www.amazon.com/dp/B0009RRT9Y?tag=eloabder-20&linkCode=osi&th=1&psc=1">View Product</a></div><div class="product"><a href="https://www.amazon.com/dp/B00F38YVQS?tag=eloabder-20&linkCode=osi&th=1&psc=1"><img src="https://m.media-amazon.com/images/I/51yjmSTzzML._SL500_.jpg" alt="Product Image"></a><p>B & J Original Brush Cleaner - 2.5 Oz/12ct Display</p><p>$12.77</p><a href="https://www.amazon.com/dp/B00F38YVQS?tag=eloabder-20&linkCode=osi&th=1&psc=1">View Product</a></div><div class="product"><a href="https://www.amazon.com/dp/B004BN7QQ8?tag=eloabder-20&linkCode=osi&th=1&psc=1"><img src="https://m.media-amazon.com/images/I/31fEWB-h4VL._SL500_.jpg" alt="Product Image"></a><p>Winsor & Newton Brush Cleaner & Restorer, 16.0-oz Bottle</p><p>$21.87 ($1.37 / Fl Oz)</p><a href="https://www.amazon.com/dp/B004BN7QQ8?tag=eloabder-20&linkCode=osi&th=1&psc=1">View Product</a></div><div class="product"><a href="https://www.amazon.com/dp/B09NCHL2LM?tag=eloabder-20&linkCode=osi&th=1&psc=1"><img src="https://m.media-amazon.com/images/I/31UzwasdL6L._SL500_.jpg" alt="Product Image"></a><p>U.S. Art Supply Brush Cleaner and Restorer, 4 Ounce Bottle - Quickly Cleans Paint Brushes, Airbrushes, Art Tools - Cleaning Solution to Remove Dried On Acrylic, Oil and Water-Based Paint Colors</p><p>$8.99 ($2.25 / Fl Oz)</p><a href="https://www.amazon.com/dp/B09NCHL2LM?tag=eloabder-20&linkCode=osi&th=1&psc=1">View Product</a></div><div class="product"><a href="https://www.amazon.com/dp/B09J8L55SK?tag=eloabder-20&linkCode=osi&th=1&psc=1"><img src="https://m.media-amazon.com/images/I/41qgWS2nSsL._SL500_.jpg" alt="Product Image"></a><p>Green Piece® Paint Brush Cleaner and Restorer for Art Paint Brushes - 100% Natural - Non-Toxic - Wet or Dry Paint - No Chemicals - Oil or Acrylic Paints, Wood and Metal - Amazing Power - 18 Oz</p><p>$19.88</p><a href="https://www.amazon.com/dp/B09J8L55SK?tag=eloabder-20&linkCode=osi&th=1&psc=1">View Product</a></div><div class="product"><a href="https://www.amazon.com/dp/B0027A79I2?tag=eloabder-20&linkCode=osi&th=1&psc=1"><img src="https://m.media-amazon.com/images/I/31J6S+mCjuL._SL500_.jpg" alt="Product Image"></a><p>Pink Soap 12-Ounce Paint Brush Cleaner and Conditioner, Solution Cleans and Restores, Removes Dried Paint on Airbrushes and Other Artist Tools & Supplies</p><p>$15.49 ($1.29 / Fl Oz)</p><a href="https://www.amazon.com/dp/B0027A79I2?tag=eloabder-20&linkCode=osi&th=1&psc=1">View Product</a></div><div class="product"><a href="https://www.amazon.com/dp/B0027AEANE?tag=eloabder-20&linkCode=osi&th=1&psc=1"><img src="https://m.media-amazon.com/images/I/51bHOLU1pVL._SL500_.jpg" alt="Product Image"></a><p>General Pencil General 105-BP Pencil Masters Brush Cleaner & Preserver, 1 Pack, Clear</p><p>$9.99 ($4.00 / Ounce)</p><a href="https://www.amazon.com/dp/B0027AEANE?tag=eloabder-20&linkCode=osi&th=1&psc=1">View Product</a></div>

<div class="product"><a href="https://www.amazon.com/dp/B00N9UUWLA?tag=eloabder-20&linkCode=osi&th=1&psc=1"><img src="https://m.media-amazon.com/images/I/41be4n09wZL._SL500_.jpg" alt="Product Image"></a><p>Pentel Arts Portable Pocket Brush Pen (Medium Point), 1Pen & 2Refills</p><p>$7.00</p><a href="https://www.amazon.com/dp/B00N9UUWLA?tag=eloabder-20&linkCode=osi&th=1&psc=1">View Product</a></div><div class="product"><a href="https://www.amazon.com/dp/B07DQ4292Y?tag=eloabder-20&linkCode=osi&th=1&psc=1"><img src="https://m.media-amazon.com/images/I/41-kgHpaPvL._SL500_.jpg" alt="Product Image"></a><p>Tombow 62039 Fudenosuke Brush Pens, 3-Pack. Soft, Hard, and Twin Tip Markers for Calligraphy and Art Drawings</p><p>$7.59 ($2.53 / Count)</p><a href="https://www.amazon.com/dp/B07DQ4292Y?tag=eloabder-20&linkCode=osi&th=1&psc=1">View Product</a></div><div class="product"><a href="https://www.amazon.com/dp/B0995FNMKW?tag=eloabder-20&linkCode=osi&th=1&psc=1"><img src="https://m.media-amazon.com/images/I/51kpGsTNvlL._SL500_.jpg" alt="Product Image"></a><p>WRITECH Arts Sign Brush Pen Brush Tip Marker Felt Tip Water Based Ink Color Pens 12 Assorted Vintage Colors Great for Lettering Journaling Calligraphy (Vintage)</p><p>$13.99 ($1.17 / Count)</p><a href="https://www.amazon.com/dp/B0995FNMKW?tag=eloabder-20&linkCode=osi&th=1&psc=1">View Product</a></div><div class="product"><a href="https://www.amazon.com/dp/B07H89R749?tag=eloabder-20&linkCode=osi&th=1&psc=1"><img src="https://m.media-amazon.com/images/I/51nTGZ-eAsL._SL500_.jpg" alt="Product Image"></a><p>Tombow Fudenosuke Brush Pen - Hard - 10 Colors Set (WS-BH10C)</p><p>$11.73</p><a href="https://www.amazon.com/dp/B07H89R749?tag=eloabder-20&linkCode=osi&th=1&psc=1">View Product</a></div><div class="product"><a href="https://www.amazon.com/dp/B002PIFTRE?tag=eloabder-20&linkCode=osi&th=1&psc=1"><img src="https://m.media-amazon.com/images/I/41IVnNPD1hL._SL500_.jpg" alt="Product Image"></a><p>Pentel Color Brush Pen, Black (GFLBP101)</p><p>$7.89</p><a href="https://www.amazon.com/dp/B002PIFTRE?tag=eloabder-20&linkCode=osi&th=1&psc=1">View Product</a></div>
<div class="product"><a href="https://www.amazon.com/dp/B0CLLSY2BT?tag=eloabder-20&linkCode=osi&th=1&psc=1"><img src="https://m.media-amazon.com/images/I/51sQM3lrN9L._SL500_.jpg" alt="Product Image"></a><p>CUGEBANNA Paint Brush Washer,Airtight Stainless Steel Brush Cleaner for Oil Painting Acrylic,Brush Washer with Cleaning Beads and Wringer</p><p>$22.99</p><a href="https://www.amazon.com/dp/B0CLLSY2BT?tag=eloabder-20&linkCode=osi&th=1&psc=1">View Product</a></div><div class="product"><a href="https://www.amazon.com/dp/B013PB35N4?tag=eloabder-20&linkCode=osi&th=1&psc=1"><img src="https://m.media-amazon.com/images/I/419miJHrhtL._SL500_.jpg" alt="Product Image"></a><p>US Art Supply Deluxe Brush Cleaner-Brush Washer with Wash Tank</p><p>$18.99</p><a href="https://www.amazon.com/dp/B013PB35N4?tag=eloabder-20&linkCode=osi&th=1&psc=1">View Product</a></div>
<div class="product"><a href="https://www.amazon.com/dp/B07GH7WGC3?tag=eloabder-20&linkCode=osi&th=1&psc=1"><img src="https://m.media-amazon.com/images/I/51vzX1OZI6L._SL500_.jpg" alt="Product Image"></a><p>BOSOBO Paint Brushes Set, 2 Pack 20 Pcs Round-Pointed Tip Paintbrushes Nylon Hair Artist Acrylic Paint Brushes for Acrylic Oil Watercolor, Face Nail Art, Miniature Detailing & Rock Painting, Blue</p><p>$7.49 ($0.37 / Count)</p><a href="https://www.amazon.com/dp/B07GH7WGC3?tag=eloabder-20&linkCode=osi&th=1&psc=1">View Product</a></div><div class="product"><a href="https://www.amazon.com/dp/B078XJ2DCJ?tag=eloabder-20&linkCode=osi&th=1&psc=1"><img src="https://m.media-amazon.com/images/I/616oHEXPN1S._SL500_.jpg" alt="Product Image"></a><p>Pro Grade - Chip Paint Brushes - 36-Pack - 2 Inch Chip Brush for Paints, Stains, Varnishes, Glues, & Gesso</p><p>$17.99</p><a href="https://www.amazon.com/dp/B078XJ2DCJ?tag=eloabder-20&linkCode=osi&th=1&psc=1">View Product</a></div>

<div class="product"><a href="https://www.amazon.com/dp/B000YQJVFA?tag=eloabder-20&linkCode=osi&th=1&psc=1"><img src="https://m.media-amazon.com/images/I/51so-OSRt+L._SL500_.jpg" alt="Product Image"></a><p>Winsor & Newton Calligraphy Ink, 30ml (1-oz) Bottle, Black</p><p>$10.07 ($10.07 / Count)</p><a href="https://www.amazon.com/dp/B000YQJVFA?tag=eloabder-20&linkCode=osi&th=1&psc=1">View Product</a></div><div class="product"><a href="https://www.amazon.com/dp/B0026SBYUE?tag=eloabder-20&linkCode=osi&th=1&psc=1"><img src="https://m.media-amazon.com/images/I/412Ga9k1q8L._SL500_.jpg" alt="Product Image"></a><p>Higgins Black Calligraphy Ink, 2.5 Ounce Bottle (44314)</p><p>$5.99</p><a href="https://www.amazon.com/dp/B0026SBYUE?tag=eloabder-20&linkCode=osi&th=1&psc=1">View Product</a></div><div class="product"><a href="https://www.amazon.com/dp/B0CXDBD77N?tag=eloabder-20&linkCode=osi&th=1&psc=1"><img src="https://m.media-amazon.com/images/I/41x1EZv3P3L._SL500_.jpg" alt="Product Image"></a><p>SEAMEW 250 ML/8.8 OZ Calligraphy and Sumi Liquid Ink - Versatile Elegance for Chinese Traditional Art Works and Japanese Brush Art</p><p>$11.49</p><a href="https://www.amazon.com/dp/B0CXDBD77N?tag=eloabder-20&linkCode=osi&th=1&psc=1">View Product</a></div><div class="product"><a href="https://www.amazon.com/dp/B0CR3ML8VS?tag=eloabder-20&linkCode=osi&th=1&psc=1"><img src="https://m.media-amazon.com/images/I/41fLIKySQZL._SL500_.jpg" alt="Product Image"></a><p>Hmayart Prepared Super Thick Liquid Black Ink for Japanese Brush Calligraphy & Chinese Traditional Artworks (MZ010 250g)</p><p>$11.99</p><a href="https://www.amazon.com/dp/B0CR3ML8VS?tag=eloabder-20&linkCode=osi&th=1&psc=1">View Product</a></div><div class="product"><a href="https://www.amazon.com/dp/B0039OQ0J4?tag=eloabder-20&linkCode=osi&th=1&psc=1"><img src="https://m.media-amazon.com/images/I/41RRlR55P9L._SL500_.jpg" alt="Product Image"></a><p>Daiso Sumi Calligraphy Liquid Ink in a 180ml Bottle (Japan Import)</p><p>$8.99</p><a href="https://www.amazon.com/dp/B0039OQ0J4?tag=eloabder-20&linkCode=osi&th=1&psc=1">View Product</a></div><div class="product"><a href="https://www.amazon.com/dp/B074KJ289G?tag=eloabder-20&linkCode=osi&th=1&psc=1"><img src="https://m.media-amazon.com/images/I/41FZT3aCChL._SL500_.jpg" alt="Product Image"></a><p>Easyou Redstar Liquid Ink for Professioanl Traditional Calligraphy and Brush Painting Chinese Ink Liquid (Black&1pcs*180ML)</p><p>$10.99</p><a href="https://www.amazon.com/dp/B074KJ289G?tag=eloabder-20&linkCode=osi&th=1&psc=1">View Product</a></div><div class="product"><a href="https://www.amazon.com/dp/B07JYJ6C1W?tag=eloabder-20&linkCode=osi&th=1&psc=1"><img src="https://m.media-amazon.com/images/I/51IAnrWkw6L._SL500_.jpg" alt="Product Image"></a><p>MZ001 HmayartBlack Sumi Liquid Ink for Japanese Brush Calligraphy & Chinese Traditional Artworks 250ml (black)</p><p>$13.99</p><a href="https://www.amazon.com/dp/B07JYJ6C1W?tag=eloabder-20&linkCode=osi&th=1&psc=1">View Product</a></div><div class="product"><a href="https://www.amazon.com/dp/B0894L9M2C?tag=eloabder-20&linkCode=osi&th=1&psc=1"><img src="https://m.media-amazon.com/images/I/51H5LBUAZcL._SL500_.jpg" alt="Product Image"></a><p>24 Colors Calligraphy Ink Set, Calligraphy Fountain Glass Dip Pen Color Ink Caligrapher Pen Ink Bottle Set, Gold Powder Drawing Writing Art Ink with Gift Box - 24 x 7ml</p><p>$21.98</p><a href="https://www.amazon.com/dp/B0894L9M2C?tag=eloabder-20&linkCode=osi&th=1&psc=1">View Product</a></div><div class="product"><a href="https://www.amazon.com/dp/B0C49WVM7L?tag=eloabder-20&linkCode=osi&th=1&psc=1"><img src="https://m.media-amazon.com/images/I/41zxtjGWS1L._SL500_.jpg" alt="Product Image"></a><p>AOKUY 24 Colors Calligraphy Ink Set,Calligraphy Inks,Colorful Dip Pen Ink Set,Gold Powder Drawing Writing Art Ink with Gift Box</p><p>$16.99</p><a href="https://www.amazon.com/dp/B0C49WVM7L?tag=eloabder-20&linkCode=osi&th=1&psc=1">View Product</a></div>
<div class="product"><a href="https://www.amazon.com/dp/B0007ZJ8QU?tag=eloabder-20&linkCode=osi&th=1&psc=1"><img src="https://m.media-amazon.com/images/I/41vTwN7L9NL._SL500_.jpg" alt="Product Image"></a><p>Speedball C-Series Lettering Pen Set - 1 Penholder w/ 6 Nibs</p><p>$11.99</p><a href="https://www.amazon.com/dp/B0007ZJ8QU?tag=eloabder-20&linkCode=osi&th=1&psc=1">View Product</a></div><div class="product"><a href="https://www.amazon.com/dp/B003IGNH30?tag=eloabder-20&linkCode=osi&th=1&psc=1"><img src="https://m.media-amazon.com/images/I/412WGB9WzGL._SL500_.jpg" alt="Product Image"></a><p>Speedball 30710 10 Pen Nib Assorted Set</p><p>$21.99</p><a href="https://www.amazon.com/dp/B003IGNH30?tag=eloabder-20&linkCode=osi&th=1&psc=1">View Product</a></div><div class="product"><a href="https://www.amazon.com/dp/B0CQTCZRYC?tag=eloabder-20&linkCode=osi&th=1&psc=1"><img src="https://m.media-amazon.com/images/I/41+d7oXaTvL._SL500_.jpg" alt="Product Image"></a><p>10PCS Oblique Calligraphy Dip Pen Set Comic Pen Nib Set Fluid Writer Pen, 2-in-1 Drawing Pen Holder with 8 Pieces Stainless Steel Pen Replacement Nibs Nib for Writing, Painting, Signing, Sketch</p><p>$6.49</p><a href="https://www.amazon.com/dp/B0CQTCZRYC?tag=eloabder-20&linkCode=osi&th=1&psc=1">View Product</a></div><div class="product"><a href="https://www.amazon.com/dp/B000BYQLT4?tag=eloabder-20&linkCode=osi&th=1&psc=1"><img src="https://m.media-amazon.com/images/I/41Tmn+y1-xL._SL500_.jpg" alt="Product Image"></a><p>Speedball Calligraphy Pen Set - 1 Penholder w/ 4 Nibs, 2 Pen Tips</p><p>$13.99</p><a href="https://www.amazon.com/dp/B000BYQLT4?tag=eloabder-20&linkCode=osi&th=1&psc=1">View Product</a></div><div class="product"><a href="https://www.amazon.com/dp/B0B3CVPWMF?tag=eloabder-20&linkCode=osi&th=1&psc=1"><img src="https://m.media-amazon.com/images/I/41Zw4tqW+HL._SL500_.jpg" alt="Product Image"></a><p>Mewutal 2Pcs/Set Comic Pen Nib Set Pen Nibs Replacements for Calligraphy Manga Writing Painting(Pumpkin Head Nib)</p><p>$7.99</p><a href="https://www.amazon.com/dp/B0B3CVPWMF?tag=eloabder-20&linkCode=osi&th=1&psc=1">View Product</a></div><div class="product"><a href="https://www.amazon.com/dp/B0BVR4M5X4?tag=eloabder-20&linkCode=osi&th=1&psc=1"><img src="https://m.media-amazon.com/images/I/515TyiGpQKL._SL500_.jpg" alt="Product Image"></a><p>Wonwood_direct Calligraphy set, 7 Calligraphy Pens with Different Nibs and 40 Ink Cartridges in 13 Colors for Beginner Writing Drawing for Greeting Card Signature Calligraphy (Type 1)</p><p>$15.99</p><a href="https://www.amazon.com/dp/B0BVR4M5X4?tag=eloabder-20&linkCode=osi&th=1&psc=1">View Product</a></div><div class="product"><a href="https://www.amazon.com/dp/B0BGRM97MF?tag=eloabder-20&linkCode=osi&th=1&psc=1"><img src="https://m.media-amazon.com/images/I/41vB7fs3VbL._SL500_.jpg" alt="Product Image"></a><p>Gullor A Bunch of Nibs for Comic Dip Pen, Assorted Calligraphy Dip Pen Nibs, Various Sizes and Shapes, 33 Nibs in Box</p><p>$9.99</p><a href="https://www.amazon.com/dp/B0BGRM97MF?tag=eloabder-20&linkCode=osi&th=1&psc=1">View Product</a></div>
<div class="product"><a href="https://www.amazon.com/dp/B000KNNVX0?tag=eloabder-20&linkCode=osi&th=1&psc=1"><img src="https://m.media-amazon.com/images/I/51RAGoN6UsL._SL500_.jpg" alt="Product Image"></a><p>Strathmore STR- 50 Sheet Tape Bound Calligraphy Pad, 8.5 by 11", White</p><p>$7.83</p><a href="https://www.amazon.com/dp/B000KNNVX0?tag=eloabder-20&linkCode=osi&th=1&psc=1">View Product</a></div><div class="product"><a href="https://www.amazon.com/dp/B00PGBVNM2?tag=eloabder-20&linkCode=osi&th=1&psc=1"><img src="https://m.media-amazon.com/images/I/51VvCXPD-QL._SL500_.jpg" alt="Product Image"></a><p>U.S. Art Supply (Pack of 2 Pads) - 9" x 12" Premium Calligraphic Practice Paper Pad, 19 Pound Bond (70gsm), Pad of 50-Sheets, Calligraphy Paper with Printed Practice Rule and Slanted Grid</p><p>$12.99</p><a href="https://www.amazon.com/dp/B00PGBVNM2?tag=eloabder-20&linkCode=osi&th=1&psc=1">View Product</a></div><div class="product"><a href="https://www.amazon.com/dp/B0CQ1VTM1R?tag=eloabder-20&linkCode=osi&th=1&psc=1"><img src="https://m.media-amazon.com/images/I/31pMzPI5pdL._SL500_.jpg" alt="Product Image"></a><p>50 Sheets Watercolor Paper 8 x 6inch Deckled Edge Paper 190 GSM Rough/Textured Handmade Paper Cotton Paper White Textured Paper for Watercolor, Writing Calligraphy, Invitations, Letters</p><p>$12.99 ($0.26 / Count)</p><a href="https://www.amazon.com/dp/B0CQ1VTM1R?tag=eloabder-20&linkCode=osi&th=1&psc=1">View Product</a></div><div class="product"><a href="https://www.amazon.com/dp/B0CGHVSX6W?tag=eloabder-20&linkCode=osi&th=1&psc=1"><img src="https://m.media-amazon.com/images/I/41pAexcoWlL._SL500_.jpg" alt="Product Image"></a><p>KYMY Chinese/Japanese Calligraphy Paper 100PCS, Sumi/Rice Paper for Writing Painting Drawing Practice, Chinese Brush Ink Xuan Paper, Half Sheng Shu (Half Raw Ripe) (34 x 34 cm (13.38 x 13.38 Inch))</p><p>$10.99 ($0.11 / Count)</p><a href="https://www.amazon.com/dp/B0CGHVSX6W?tag=eloabder-20&linkCode=osi&th=1&psc=1">View Product</a></div>
<div class="product"><a href="https://www.amazon.com/dp/B08FCZC2R3?tag=eloabder-20&linkCode=osi&th=1&psc=1"><img src="https://m.media-amazon.com/images/I/51TWqPlqpfL._SL500_.jpg" alt="Product Image"></a><p>Craft 'n' Beyond Calligraphy Brush Pens Pack of 3 Small, Medium and Large Markers for Hand Lettering, Art Drawing, Sketching, Scrapbooking, Journaling - Beginner Kit with Fadeproof Black Ink</p><p>$5.49</p><a href="https://www.amazon.com/dp/B08FCZC2R3?tag=eloabder-20&linkCode=osi&th=1&psc=1">View Product</a></div><div class="product"><a href="https://www.amazon.com/dp/B0B67TWWDG?tag=eloabder-20&linkCode=osi&th=1&psc=1"><img src="https://m.media-amazon.com/images/I/5188ARIL9sL._SL500_.jpg" alt="Product Image"></a><p>Brusarth Calligraphy Pens, 8 Size Calligraphy Pens for Writing, Brush Pens Calligraphy Set for Beginners, Hand Lettering Pens, Brush Markers Set, Black Ink Drawing Pens</p><p>$8.95</p><a href="https://www.amazon.com/dp/B0B67TWWDG?tag=eloabder-20&linkCode=osi&th=1&psc=1">View Product</a></div><div class="product"><a href="https://www.amazon.com/dp/B000SHQFEA?tag=eloabder-20&linkCode=osi&th=1&psc=1"><img src="https://m.media-amazon.com/images/I/41sx3qStImL._SL500_.jpg" alt="Product Image"></a><p>edding 1255 calligraphy pen - black - 3 pens - calligraphy nib 2 - 5 mm - fibre pens for paper, wood, terracotta, canvas - hand lettering, bullet journals, thank you cards, calligraphy books</p><p>$6.50</p><a href="https://www.amazon.com/dp/B000SHQFEA?tag=eloabder-20&linkCode=osi&th=1&psc=1">View Product</a></div><div class="product"><a href="https://www.amazon.com/dp/B001DKJLEC?tag=eloabder-20&linkCode=osi&th=1&psc=1"><img src="https://m.media-amazon.com/images/I/41x7A8wo7YL._SL500_.jpg" alt="Product Image"></a><p>Speedball Elegant Writer Calligraphy 4 Marker Set, Black, 2.0 mm, 2.5 mm & 3.0 mm Chisel Nib Tip Pens for Drawing, Journaling, and Scrapbooking</p><p>$9.99 ($2.50 / Count)</p><a href="https://www.amazon.com/dp/B001DKJLEC?tag=eloabder-20&linkCode=osi&th=1&psc=1">View Product</a></div><div class="product"><a href="https://www.amazon.com/dp/B08RYWH185?tag=eloabder-20&linkCode=osi&th=1&psc=1"><img src="https://m.media-amazon.com/images/I/51GFkyfC3iL._SL500_.jpg" alt="Product Image"></a><p>Piochoo Calligraphy Pens,8 Size Calligraphy Pens for Writing,Brush Pens Calligraphy Set for Beginners, Hand Lettering Pens</p><p>$12.99</p><a href="https://www.amazon.com/dp/B08RYWH185?tag=eloabder-20&linkCode=osi&th=1&psc=1">View Product</a></div>
<div class="product"><a href="https://www.amazon.com/dp/B0C66K9NHR?tag=eloabder-20&linkCode=osi&th=1&psc=1"><img src="https://m.media-amazon.com/images/I/51As2T+7gzL._SL500_.jpg" alt="Product Image"></a><p>Calligraphy Kit for Beginners - Calligraphy Pen Set with Calligraphy Workbook</p><p>$26.89</p><a href="https://www.amazon.com/dp/B0C66K9NHR?tag=eloabder-20&linkCode=osi&th=1&psc=1">View Product</a></div><div class="product"><a href="https://www.amazon.com/dp/B081J6QLZN?tag=eloabder-20&linkCode=osi&th=1&psc=1"><img src="https://m.media-amazon.com/images/I/41lK2Gw0JZL._SL500_.jpg" alt="Product Image"></a><p>Trustela Calligraphy Set for Beginners, Dip Pen Set with 19 Nibs, Oblique Pen Holder, Wooden Pen Set</p><p>$21.99</p><a href="https://www.amazon.com/dp/B081J6QLZN?tag=eloabder-20&linkCode=osi&th=1&psc=1">View Product</a></div><div class="product"><a href="https://www.amazon.com/dp/B0BCVDNPRJ?tag=eloabder-20&linkCode=osi&th=1&psc=1"><img src="https://m.media-amazon.com/images/I/51J-hFN4AeL._SL500_.jpg" alt="Product Image"></a><p>GC QUILL Calligraphy Pens Set 64pcs - Calligraphy Fountain Pen Set with 3 Fountain Pens, 7 Varied Nibs, 54 Ink Cartridges(10 Colors) - Writing, Drawing and Calligraphy Practice for beginner GC-F354</p><p>$23.99</p><a href="https://www.amazon.com/dp/B0BCVDNPRJ?tag=eloabder-20&linkCode=osi&th=1&psc=1">View Product</a></div>
<div class="product"><a href="https://www.amazon.com/dp/B092Q8BQC1?tag=eloabder-20&linkCode=osi&th=1&psc=1"><img src="https://m.media-amazon.com/images/I/51gdXkGIguS._SL500_.jpg" alt="Product Image"></a><p>AIYNC Feather Calligraphy Pen Ink Set, Includes Quill Pen and Wooden Dip Pen, Ink,17 Replacement Nib, Pen Base, 3 Wax Seal Sticks, Stamp, White Wax, Spoon, Envelope Letter Paper, Envelope Tool(Green)</p><p>$22.99</p><a href="https://www.amazon.com/dp/B092Q8BQC1?tag=eloabder-20&linkCode=osi&th=1&psc=1">View Product</a></div>
<div class="product"><a href="https://www.amazon.com/dp/B09J228BSF?tag=eloabder-20&linkCode=osi&th=1&psc=1"><img src="https://m.media-amazon.com/images/I/61MByvIyHGL._SL500_.jpg" alt="Product Image"></a><p>Candle dye - 18 Colors Liquid Oil-Based dye for Candle Wax, Vivid Candle Color for DIY Candle Making, Highly Concentrate Natural Candle Color</p><p>$15.59 ($2.47 / Fl Oz)</p><a href="https://www.amazon.com/dp/B09J228BSF?tag=eloabder-20&linkCode=osi&th=1&psc=1">View Product</a></div><div class="product"><a href="https://www.amazon.com/dp/B06Y3T5RV4?tag=eloabder-20&linkCode=osi&th=1&psc=1"><img src="https://m.media-amazon.com/images/I/61yZyP8eZTL._SL500_.jpg" alt="Product Image"></a><p>Candle Dyes for Soy Candle Making - Wax Сolor Dye Color Chips for Soy Wax - 16 Popular Colors Wax Dye Flakes</p><p>$16.99 ($10.62 / Ounce)</p><a href="https://www.amazon.com/dp/B06Y3T5RV4?tag=eloabder-20&linkCode=osi&th=1&psc=1">View Product</a></div><div class="product"><a href="https://www.amazon.com/dp/B0CMCPGLQZ?tag=eloabder-20&linkCode=osi&th=1&psc=1"><img src="https://m.media-amazon.com/images/I/51G9e-Epa0L._SL500_.jpg" alt="Product Image"></a><p>Candle Dye - 12 Colors Wax Melt Dye for Candle Making, Oil-Based Dye for Wax, Highly Concentrate Liquid Candle Color Dye</p><p>$8.99</p><a href="https://www.amazon.com/dp/B0CMCPGLQZ?tag=eloabder-20&linkCode=osi&th=1&psc=1">View Product</a></div><div class="product"><a href="https://www.amazon.com/dp/B09GLMZ5PS?tag=eloabder-20&linkCode=osi&th=1&psc=1"><img src="https://m.media-amazon.com/images/I/51SCG6n6Y4L._SL500_.jpg" alt="Product Image"></a><p>OSBANG Oil-Based Candle Color Dye Non-Toxic Non-Irritating 20 Colors for DIY Candle Making Supplies - Vibrant Concentrated Candle Coloring for Soy Wax Dyes, Beeswax, Gel Wax, Candle Making Kit</p><p>$14.99 ($2.22 / Fl Oz)</p><a href="https://www.amazon.com/dp/B09GLMZ5PS?tag=eloabder-20&linkCode=osi&th=1&psc=1">View Product</a></div><div class="product"><a href="https://www.amazon.com/dp/B0C8D2X4F1?tag=eloabder-20&linkCode=osi&th=1&psc=1"><img src="https://m.media-amazon.com/images/I/51e0mqPDEJL._SL500_.jpg" alt="Product Image"></a><p>Candle Dye - 14 Colors Highly Concentrate Oil-Based Liquid Candle Dye Kit, Candle Dyes for Candle Making, Beeswax, Gel Wax, Paraffin Wax - Each 0.35 fl oz</p><p>$9.99</p><a href="https://www.amazon.com/dp/B0C8D2X4F1?tag=eloabder-20&linkCode=osi&th=1&psc=1">View Product</a></div>

<div class="product"><a href="https://www.amazon.com/dp/B0C6FHSQR7?tag=eloabder-20&linkCode=osi&th=1&psc=1"><img src="https://m.media-amazon.com/images/I/41hBOCPELBL._SL500_.jpg" alt="Product Image"></a><p>Mold Release, Silicone Mold Release Spray (16.9 fl oz / 500ml) Mold Release for Epoxy Resin and Candle Mold Release Spray (1 Pack Mega Size)</p><p>$9.99 ($0.59 / Fl Oz)</p><a href="https://www.amazon.com/dp/B0C6FHSQR7?tag=eloabder-20&linkCode=osi&th=1&psc=1">View Product</a></div>
<div class="product"><a href="https://www.amazon.com/dp/B015W8DWUO?tag=eloabder-20&linkCode=osi&th=1&psc=1"><img src="https://m.media-amazon.com/images/I/41umHqV4zhL._SL500_.jpg" alt="Product Image"></a><p>EricX Light 100 Piece Cotton Candle Wick 6" Pre-Waxed for Candle Making,Candle DIY</p><p>$5.35</p><a href="https://www.amazon.com/dp/B015W8DWUO?tag=eloabder-20&linkCode=osi&th=1&psc=1">View Product</a></div><div class="product"><a href="https://www.amazon.com/dp/B08XZB43NZ?tag=eloabder-20&linkCode=osi&th=1&psc=1"><img src="https://m.media-amazon.com/images/I/51cyFvwhpJL._SL500_.jpg" alt="Product Image"></a><p>Candle Wicks 100 Pcs 6 inch with 30Pcs Candle Wick Stickers and 10 Pcs Wooden Candle Wick Centering Device for Soy Beeswax Candle Making and Candle DIY</p><p>$4.99</p><a href="https://www.amazon.com/dp/B08XZB43NZ?tag=eloabder-20&linkCode=osi&th=1&psc=1">View Product</a></div><div class="product"><a href="https://www.amazon.com/dp/B084ZSZQ4T?tag=eloabder-20&linkCode=osi&th=1&psc=1"><img src="https://m.media-amazon.com/images/I/41vLRbXIHhL._SL500_.jpg" alt="Product Image"></a><p>Candle Wick,100 Piece Candle Wicks for Candle Making DIY, 6 Inch Pre-Waxed Cotton Wick with Tabs</p><p>$4.79</p><a href="https://www.amazon.com/dp/B084ZSZQ4T?tag=eloabder-20&linkCode=osi&th=1&psc=1">View Product</a></div><div class="product"><a href="https://www.amazon.com/dp/B097D7S6KB?tag=eloabder-20&linkCode=osi&th=1&psc=1"><img src="https://m.media-amazon.com/images/I/41jpnnrDAjL._SL500_.jpg" alt="Product Image"></a><p>CandMak Candle Wick Kit, 60 Cotton Candle Wicks with Candle Making Tools for Candle Making (Thick 4"+6"+8")</p><p>$5.99</p><a href="https://www.amazon.com/dp/B097D7S6KB?tag=eloabder-20&linkCode=osi&th=1&psc=1">View Product</a></div><div class="product"><a href="https://www.amazon.com/dp/B08DLSG8NW?tag=eloabder-20&linkCode=osi&th=1&psc=1"><img src="https://m.media-amazon.com/images/I/41QkciWLWjL._SL500_.jpg" alt="Product Image"></a><p>Bulk 6inch Candle Wicks 100 Pcs with 60Pcs Candle Wick Stickers and 10 Pcs Wooden Candle Wick Centering Device for Soy Beeswax Candle Making (6inch)</p><p>$5.45</p><a href="https://www.amazon.com/dp/B08DLSG8NW?tag=eloabder-20&linkCode=osi&th=1&psc=1">View Product</a></div><div class="product"><a href="https://www.amazon.com/dp/B08Z334W66?tag=eloabder-20&linkCode=osi&th=1&psc=1"><img src="https://m.media-amazon.com/images/I/51nsfCzAwwL._SL500_.jpg" alt="Product Image"></a><p>DINGPAI 100pcs Cotton Candle Wicks, 6 inches Low Smoke Pre-Waxed Candle Wicks for Candle Making, Candle DIY</p><p>$4.99</p><a href="https://www.amazon.com/dp/B08Z334W66?tag=eloabder-20&linkCode=osi&th=1&psc=1">View Product</a></div><div class="product"><a href="https://www.amazon.com/dp/B0BV1NCQ28?tag=eloabder-20&linkCode=osi&th=1&psc=1"><img src="https://m.media-amazon.com/images/I/41lmQ4K9ccL._SL500_.jpg" alt="Product Image"></a><p>Ziosxin 100pcs Smokeless Cherry Wood Candle Wicks, Long Lasting Flame, Easily Burn, Natural Candle Cores with Stand and Glue Dot, Warning Label for DIY Candle Making</p><p>$9.99</p><a href="https://www.amazon.com/dp/B0BV1NCQ28?tag=eloabder-20&linkCode=osi&th=1&psc=1">View Product</a></div><div class="product"><a href="https://www.amazon.com/dp/B08LPKTVZW?tag=eloabder-20&linkCode=osi&th=1&psc=1"><img src="https://m.media-amazon.com/images/I/41AtaynrIqL._SL500_.jpg" alt="Product Image"></a><p>BEADNOVA Candle Cotton Wicks 4 Inch 150pcs Short Candle Making Wicks Cotton Wicks for Candle Making DIY</p><p>$4.99</p><a href="https://www.amazon.com/dp/B08LPKTVZW?tag=eloabder-20&linkCode=osi&th=1&psc=1">View Product</a></div><div class="product"><a href="https://www.amazon.com/dp/B0925G2VBY?tag=eloabder-20&linkCode=osi&th=1&psc=1"><img src="https://m.media-amazon.com/images/I/51EzgDRsxoL._SL500_.jpg" alt="Product Image"></a><p>CHEFBEE 200 FT Organic Hemp Wick, Hemp Wick Well Coated Natural Beeswax for Hemp Wick Lighter or Candle Making, Slow Burn, No Dripping, Standard Size(1.1mm)</p><p>$6.99</p><a href="https://www.amazon.com/dp/B0925G2VBY?tag=eloabder-20&linkCode=osi&th=1&psc=1">View Product</a></div>
<div class="product"><a href="https://www.amazon.com/dp/B0BJZYCQV3?tag=eloabder-20&linkCode=osi&th=1&psc=1"><img src="https://m.media-amazon.com/images/I/41dS7xm9bKL._SL500_.jpg" alt="Product Image"></a><p>Simetufy Canvas Boards for Painting 12 Pack,8 x 10 Inch Painting Canvas Panels, Blank Canvas for Painting- Gesso Primed Acid-Free 100% Cotton for Acrylics Oil Watercolor Tempera Paints</p><p>$12.99</p><a href="https://www.amazon.com/dp/B0BJZYCQV3?tag=eloabder-20&linkCode=osi&th=1&psc=1">View Product</a></div><div class="product"><a href="https://www.amazon.com/dp/B085F4JH1H?tag=eloabder-20&linkCode=osi&th=1&psc=1"><img src="https://m.media-amazon.com/images/I/41l7Efp7ILL._SL500_.jpg" alt="Product Image"></a><p>KEFF Canvas Boards for Painting - 24 Pack - Art Supplies Paint Canvas 5x7, 8x10, 9x12, 11x14 Canvas Panels, 100% Cotton Pre-Primed Large Canvas for Painting Supplies, Acrylic, Oil, Watercolor, Tempera</p><p>$24.99</p><a href="https://www.amazon.com/dp/B085F4JH1H?tag=eloabder-20&linkCode=osi&th=1&psc=1">View Product</a></div><div class="product"><a href="https://www.amazon.com/dp/B0CMXFTNDC?tag=eloabder-20&linkCode=osi&th=1&psc=1"><img src="https://m.media-amazon.com/images/I/41WZD2Y6GfL._SL500_.jpg" alt="Product Image"></a><p>ESRICH Canvas Boards for Painting, 5 Pack Canvases for Painting 8x10 Cotton Primed Acid Free Blank Canvas Panels for Oil Paint, Watercolor, Acrylic Paint, Gouache and Tempera.</p><p>$5.99</p><a href="https://www.amazon.com/dp/B0CMXFTNDC?tag=eloabder-20&linkCode=osi&th=1&psc=1">View Product</a></div><div class="product"><a href="https://www.amazon.com/dp/B0C6LMPMPJ?tag=eloabder-20&linkCode=osi&th=1&psc=1"><img src="https://m.media-amazon.com/images/I/51QF5c5qRiL._SL500_.jpg" alt="Product Image"></a><p>Simetufy Canvas Boards for Painting 32 Pack, Paint Canvas Panels Set - 5x7, 8x10, 9x12, 11x14 Inches, Pre-Primed 100% Cotton Blank Canvases for Oil Acrylic Watercolor Pouring Paint for Kids & Artists</p><p>$24.99</p><a href="https://www.amazon.com/dp/B0C6LMPMPJ?tag=eloabder-20&linkCode=osi&th=1&psc=1">View Product</a></div><div class="product"><a href="https://www.amazon.com/dp/B0CSD8VYYM?tag=eloabder-20&linkCode=osi&th=1&psc=1"><img src="https://m.media-amazon.com/images/I/41PeXd8MwvL._SL500_.jpg" alt="Product Image"></a><p>4 Pack 11x14 Inch Canvas Boards for Painting, Blank Canvases for Painting,Triple Primed for Oil & Acrylic Paints,100% Cotton Canvas Panels for Acrylics Oil Watercolor Tempera Paints,3mm Thickness</p><p>$8.49</p><a href="https://www.amazon.com/dp/B0CSD8VYYM?tag=eloabder-20&linkCode=osi&th=1&psc=1">View Product</a></div><div class="product"><a href="https://www.amazon.com/dp/B0D59RDVM5?tag=eloabder-20&linkCode=osi&th=1&psc=1"><img src="https://m.media-amazon.com/images/I/519TRFsibfL._SL500_.jpg" alt="Product Image"></a><p>Paroto Canvas Boards for Painting 12 Pack, Multi-Size Painting Canvas Set 5x7, 8x10, 10x12, 12x16 Inches, 100% Cotton Blank Canvas Oil Acrylic Watercolor Pouring Paint for Kids, Beginners, Artists</p><p>$23.99</p><a href="https://www.amazon.com/dp/B0D59RDVM5?tag=eloabder-20&linkCode=osi&th=1&psc=1">View Product</a></div><div class="product"><a href="https://www.amazon.com/dp/B0CSD8YM4L?tag=eloabder-20&linkCode=osi&th=1&psc=1"><img src="https://m.media-amazon.com/images/I/41ZgWqkIMFL._SL500_.jpg" alt="Product Image"></a><p>4 Pack 8x10 Inch Canvas Boards for Painting, Blank Canvases for Painting,Triple Primed for Oil & Acrylic Paints, 100% Cotton Canvas Panels, 3mm Thickness</p><p>$3.99</p><a href="https://www.amazon.com/dp/B0CSD8YM4L?tag=eloabder-20&linkCode=osi&th=1&psc=1">View Product</a></div><div class="product"><a href="https://www.amazon.com/dp/B0CQFTW7MH?tag=eloabder-20&linkCode=osi&th=1&psc=1"><img src="https://m.media-amazon.com/images/I/41PiitKvQTL._SL500_.jpg" alt="Product Image"></a><p>Simetufy 4 Pack Canvas Boards for Painting 12x16 inch, Canvases for Painting, Gesso Primed Acid-Free 100% Cotton Large Canvas Panels for Acrylics Oil Watercolor Tempera Paints</p><p>$11.99</p><a href="https://www.amazon.com/dp/B0CQFTW7MH?tag=eloabder-20&linkCode=osi&th=1&psc=1">View Product</a></div>
<div class="product"><a href="https://www.amazon.com/dp/B07D6V7H85?tag=eloabder-20&linkCode=osi&th=1&psc=1"><img src="https://m.media-amazon.com/images/I/41EEPf6prIL._SL500_.jpg" alt="Product Image"></a><p>U.S. Art Supply 36" Wide x 6 Yards (18 Feet) Long Unstretched Canvas Roll - 100% Cotton, 12-Ounce Triple Primed Gesso, Acid-Free - Pro Artist Quality, Oil & Acrylic Painting, Murals Backdrop, Cut Size</p><p>$49.99</p><a href="https://www.amazon.com/dp/B07D6V7H85?tag=eloabder-20&linkCode=osi&th=1&psc=1">View Product</a></div><div class="product"><a href="https://www.amazon.com/dp/B0C98L44GG?tag=eloabder-20&linkCode=osi&th=1&psc=1"><img src="https://m.media-amazon.com/images/I/31gEyNH9+sL._SL500_.jpg" alt="Product Image"></a><p>Kinlop Double Primed Cotton Canvas White Canvas Roll for Oil and Acrylic Paint (20 Feet x 48 Inch)</p><p>$38.99</p><a href="https://www.amazon.com/dp/B0C98L44GG?tag=eloabder-20&linkCode=osi&th=1&psc=1">View Product</a></div><div class="product"><a href="https://www.amazon.com/dp/B0CLSXCD1W?tag=eloabder-20&linkCode=osi&th=1&psc=1"><img src="https://m.media-amazon.com/images/I/414jbnjcrQL._SL500_.jpg" alt="Product Image"></a><p>U.S. Art Supply 10-Ounce Unprimed 63" Wide x 2 Yards (6 Feet) Long Heavyweight Unstretched Canvas Roll - 100% Cotton, Woven - Oil & Acrylic Painting, Murals, Backdrop - Cut To Stretcher Bar Frame Size</p><p>$24.99</p><a href="https://www.amazon.com/dp/B0CLSXCD1W?tag=eloabder-20&linkCode=osi&th=1&psc=1">View Product</a></div><div class="product"><a href="https://www.amazon.com/dp/B09MCHDSPR?tag=eloabder-20&linkCode=osi&th=1&psc=1"><img src="https://m.media-amazon.com/images/I/41S+37Lx2wL._SL500_.jpg" alt="Product Image"></a><p>100% Natural Cotton 7 oz Canvas Fabric (Duck), 63 Inches Wide X 3 Yards Long</p><p>$29.95</p><a href="https://www.amazon.com/dp/B09MCHDSPR?tag=eloabder-20&linkCode=osi&th=1&psc=1">View Product</a></div><div class="product"><a href="https://www.amazon.com/dp/B07VX9TLM1?tag=eloabder-20&linkCode=osi&th=1&psc=1"><img src="https://m.media-amazon.com/images/I/41-bqGVrblL._SL500_.jpg" alt="Product Image"></a><p>Premium Polyster Matte Canvas Roll, Quick Dry, Wide Format Inkjet Printer Compatible, Perfect for Fine Art, Photography, Giclée Printing, Archival Quality Prints. (24"x60' 290gsm Polyester)</p><p>$69.99</p><a href="https://www.amazon.com/dp/B07VX9TLM1?tag=eloabder-20&linkCode=osi&th=1&psc=1">View Product</a></div><div class="product"><a href="https://www.amazon.com/dp/B079VP3F1B?tag=eloabder-20&linkCode=osi&th=1&psc=1"><img src="https://m.media-amazon.com/images/I/31eaUH1-cWL._SL500_.jpg" alt="Product Image"></a><p>VViViD Double Primed Cotton Canvas 12" Wide Roll Choose Your Size! (10ft x 12" Roll)</p><p>$16.88</p><a href="https://www.amazon.com/dp/B079VP3F1B?tag=eloabder-20&linkCode=osi&th=1&psc=1">View Product</a></div><div class="product"><a href="https://www.amazon.com/dp/B09954KKH3?tag=eloabder-20&linkCode=osi&th=1&psc=1"><img src="https://m.media-amazon.com/images/I/41SwQCPSmAL._SL500_.jpg" alt="Product Image"></a><p>Polyester Canvas Roll Professional Matte Canvas Roll Wide format Inkjet Printing For Printing Drawing Oil Acrylic Or Water-Based Painting (200GSM Polyester 36"x100ft)</p><p>$123.99</p><a href="https://www.amazon.com/dp/B09954KKH3?tag=eloabder-20&linkCode=osi&th=1&psc=1">View Product</a></div>
<div class="product"><a href="https://www.amazon.com/dp/B003A2I5T8?tag=eloabder-20&linkCode=osi&th=1&psc=1"><img src="https://m.media-amazon.com/images/I/41LvtrGFjVL._SL500_.jpg" alt="Product Image"></a><p>Astrobrights/Neenah Bright White Cardstock, 8.5" x 11", 65 lb/176 gsm, White, 75 Sheets (90905-02) - Packaging May Vary</p><p>$6.99</p><a href="https://www.amazon.com/dp/B003A2I5T8?tag=eloabder-20&linkCode=osi&th=1&psc=1">View Product</a></div><div class="product"><a href="https://www.amazon.com/dp/B00006IDRW?tag=eloabder-20&linkCode=osi&th=1&psc=1"><img src="https://m.media-amazon.com/images/I/412xLv5ae7L._SL500_.jpg" alt="Product Image"></a><p>Neenah Premium Cardstock, 8.5" x 11", 65 lb/176 gsm, Bright White, 250 Sheets (91904)</p><p>$14.29</p><a href="https://www.amazon.com/dp/B00006IDRW?tag=eloabder-20&linkCode=osi&th=1&psc=1">View Product</a></div><div class="product"><a href="https://www.amazon.com/dp/B07FX5LCXK?tag=eloabder-20&linkCode=osi&th=1&psc=1"><img src="https://m.media-amazon.com/images/I/41n9D1rlKgL._SL500_.jpg" alt="Product Image"></a><p>Printworks White Cardstock, 67 lb, 92 Bright, FSC Certified, Perfect for School and Craft Projects, 8.5 x 11 Inch, 100 Sheets (00540)</p><p>$11.49</p><a href="https://www.amazon.com/dp/B07FX5LCXK?tag=eloabder-20&linkCode=osi&th=1&psc=1">View Product</a></div><div class="product"><a href="https://www.amazon.com/dp/B07QQ3L753?tag=eloabder-20&linkCode=osi&th=1&psc=1"><img src="https://m.media-amazon.com/images/I/41n0Ue3DLbL._SL500_.jpg" alt="Product Image"></a><p>Neenah White Index Paper, Mediumweight, 300 Sheets, 199 gsm, 94 Brightness, 8.5" x 11" - MORE SHEETS! (91635)</p><p>$15.99</p><a href="https://www.amazon.com/dp/B07QQ3L753?tag=eloabder-20&linkCode=osi&th=1&psc=1">View Product</a></div><div class="product"><a href="https://www.amazon.com/dp/B07D4YF3K4?tag=eloabder-20&linkCode=osi&th=1&psc=1"><img src="https://m.media-amazon.com/images/I/41ffykOOE7L._SL500_.jpg" alt="Product Image"></a><p>Neenah Index Cardstock, 8.5" x 11", 90 lb/163 gsm, White, Lightweight, 94 Brightness, 300 Sheets (91437)</p><p>$19.24</p><a href="https://www.amazon.com/dp/B07D4YF3K4?tag=eloabder-20&linkCode=osi&th=1&psc=1">View Product</a></div><div class="product"><a href="https://www.amazon.com/dp/B08DCF5B4P?tag=eloabder-20&linkCode=osi&th=1&psc=1"><img src="https://m.media-amazon.com/images/I/41GRzmuulDL._SL500_.jpg" alt="Product Image"></a><p>Hammermill White Cardstock, 110 Lb, 8.5 x 11 Colored Cardstock, 1 Pack (200 Sheets) - Thick Card Stock, Made in the USA, 168380R</p><p>$13.32</p><a href="https://www.amazon.com/dp/B08DCF5B4P?tag=eloabder-20&linkCode=osi&th=1&psc=1">View Product</a></div><div class="product"><a href="https://www.amazon.com/dp/B0CYPPHFV9?tag=eloabder-20&linkCode=osi&th=1&psc=1"><img src="https://m.media-amazon.com/images/I/51IQR4E5R1L._SL500_.jpg" alt="Product Image"></a><p>96 Sheets Colored Cardstock 24 Colors, 8.5x11 Color Cardstock Bulk, 200gsm/75lb Assorted Colors Construction Paper for Printing, Card Making, Die Cutting, Crafts, Scrapbooking, Party Decorations</p><p>$12.99</p><a href="https://www.amazon.com/dp/B0CYPPHFV9?tag=eloabder-20&linkCode=osi&th=1&psc=1">View Product</a></div><div class="product"><a href="https://www.amazon.com/dp/B07QNMF4ZP?tag=eloabder-20&linkCode=osi&th=1&psc=1"><img src="https://m.media-amazon.com/images/I/41mVi2qUcyL._SL500_.jpg" alt="Product Image"></a><p>Printworks White Cardstock, Standard, 67 lb. Vellum, 92 Bright, 250 sheets, 8.5 x 11, For Office, Home & School Printing, Craft Projects (00564)</p><p>$12.92</p><a href="https://www.amazon.com/dp/B07QNMF4ZP?tag=eloabder-20&linkCode=osi&th=1&psc=1">View Product</a></div><div class="product"><a href="https://www.amazon.com/dp/B09Y681BML?tag=eloabder-20&linkCode=osi&th=1&psc=1"><img src="https://m.media-amazon.com/images/I/41whFoq6OEL._SL500_.jpg" alt="Product Image"></a><p>Astrobrights Mega Collection, Colored Cardstock, Punchy Pastel 5-Color Assortment, 320 Sheets, 65 lb./176 gsm, 8.5" x 11" - MORE SHEETS! (91780)</p><p>$19.87</p><a href="https://www.amazon.com/dp/B09Y681BML?tag=eloabder-20&linkCode=osi&th=1&psc=1">View Product</a></div>


<div class="product"><a href="https://www.amazon.com/dp/B0B7DZ4YPN?tag=eloabder-20&linkCode=osi&th=1&psc=1"><img src="https://m.media-amazon.com/images/I/51NIBuS801L._SL500_.jpg" alt="Product Image"></a><p>Epoxy Resin 64OZ - Crystal Clear Epoxy Resin Kit - No Yellowing No Bubble Art Resin Casting Resin for Art Crafts, Jewelry Making, Wood & Resin Molds(32OZ x 2)</p><p>$34.99 ($0.55 / Ounce)</p><a href="https://www.amazon.com/dp/B0B7DZ4YPN?tag=eloabder-20&linkCode=osi&th=1&psc=1">View Product</a></div><div class="product"><a href="https://www.amazon.com/dp/B0CPVCRD93?tag=eloabder-20&linkCode=osi&th=1&psc=1"><img src="https://m.media-amazon.com/images/I/51mBmD2NCqL._SL500_.jpg" alt="Product Image"></a><p>Puduo Epoxy Resin Kit 72OZ，Newly Formulated Crystal Clear Epoxy Resin，Strong, Bubble-Free, Anti-Yellowing Art Resin That，Suitable for Casting, DIY, Resin Art, Molds, Jewelry, Easy to Mix 1:1 Ratio</p><p>$36.99 ($0.51 / Ounce)</p><a href="https://www.amazon.com/dp/B0CPVCRD93?tag=eloabder-20&linkCode=osi&th=1&psc=1">View Product</a></div><div class="product"><a href="https://www.amazon.com/dp/B0BY2PFY62?tag=eloabder-20&linkCode=osi&th=1&psc=1"><img src="https://m.media-amazon.com/images/I/51jY4DbLEVL._SL500_.jpg" alt="Product Image"></a><p>LET'S RESIN Polyurethane Resin, 60oz 2 Part Casting Resin, Fast Cured Resin within 10 Minutes, Ultra Low Viscosity & Low Odor Pourable Liquid Plastic for Casting Models, Prototypes & Other Resin Craft</p><p>$40.99 ($0.68 / Ounce)</p><a href="https://www.amazon.com/dp/B0BY2PFY62?tag=eloabder-20&linkCode=osi&th=1&psc=1">View Product</a></div><div class="product"><a href="https://www.amazon.com/dp/B0CXLX1BF1?tag=eloabder-20&linkCode=osi&th=1&psc=1"><img src="https://m.media-amazon.com/images/I/51B03piFSWL._SL500_.jpg" alt="Product Image"></a><p>Epoxy Resin,1 Gallon Crystal Clear Epoxy Resin Kit, High-Gloss & Bubbles Free Resin and Hardener Kit, Art Resin Casting Resin for Art Crafts, Jewelry Making, Wood & Resin Molds…</p><p>$49.99</p><a href="https://www.amazon.com/dp/B0CXLX1BF1?tag=eloabder-20&linkCode=osi&th=1&psc=1">View Product</a></div><div class="product"><a href="https://www.amazon.com/dp/B0B79JKMTN?tag=eloabder-20&linkCode=osi&th=1&psc=1"><img src="https://m.media-amazon.com/images/I/51awzY+fOoL._SL500_.jpg" alt="Product Image"></a><p>Teexpert Crystal Clear Epoxy Resin Kit 1 Gallon Self-Leveling Coating and Casting Resin, High-Gloss & Bubbles Free Resin and Hardener Kit for DIY Art, Jewelry, Table Top, Molds, Wood 1:1 Ratio</p><p>$49.49 ($0.39 / Fl Oz)</p><a href="https://www.amazon.com/dp/B0B79JKMTN?tag=eloabder-20&linkCode=osi&th=1&psc=1">View Product</a></div><div class="product"><a href="https://www.amazon.com/dp/B0CZDCWRDS?tag=eloabder-20&linkCode=osi&th=1&psc=1"><img src="https://m.media-amazon.com/images/I/51NoC3Siy8L._SL500_.jpg" alt="Product Image"></a><p>Puduo Epoxy Resin Kit 1.1Gallon，Newly Formulated Crystal Clear Epoxy Resin，Strong, Bubble-Free, Anti-Yellowing Art Resin That，Suitable for Casting, DIY, Resin Art, Molds, Easy to Mix 1:1 Ratio</p><p>$48.99 ($0.35 / Ounce)</p><a href="https://www.amazon.com/dp/B0CZDCWRDS?tag=eloabder-20&linkCode=osi&th=1&psc=1">View Product</a></div><div class="product"><a href="https://www.amazon.com/dp/B0C786S8ZW?tag=eloabder-20&linkCode=osi&th=1&psc=1"><img src="https://m.media-amazon.com/images/I/51PD1cgR+-L._SL500_.jpg" alt="Product Image"></a><p>LET'S RESIN EPOXY RESIN 2 Gallon Casting Resin with Pumps, Bubble Free & High-Gloss Resin Epoxy Kit, Crystal Clear Epoxy Resin and Hardener for DIY Art, Molds Casting,Craft</p><p>$87.00 ($0.34 / Fl Oz)</p><a href="https://www.amazon.com/dp/B0C786S8ZW?tag=eloabder-20&linkCode=osi&th=1&psc=1">View Product</a></div><div class="product"><a href="https://www.amazon.com/dp/B0BYV7YX2K?tag=eloabder-20&linkCode=osi&th=1&psc=1"><img src="https://m.media-amazon.com/images/I/41dTpbgWB+L._SL500_.jpg" alt="Product Image"></a><p>TAKIMO 1 Gallon Crystal Clear Resin Kit,No Bubble & Not Yellowing Epoxy Resin for Coating, Casting, Table Top,DIY, Bar Top, River Tables, Resin Art, Wood with High Gloss Finish</p><p>$39.99</p><a href="https://www.amazon.com/dp/B0BYV7YX2K?tag=eloabder-20&linkCode=osi&th=1&psc=1">View Product</a></div>
<div class="product"><a href="https://www.amazon.com/dp/B093D6Q4V2?tag=eloabder-20&linkCode=osi&th=1&psc=1"><img src="https://m.media-amazon.com/images/I/51GS6ht5RsS._SL500_.jpg" alt="Product Image"></a><p>Brusarth Professional Charcoal Pencils Drawing Set - 6 Pieces Soft Medium and Hard Charcoal Pencils for Drawing, Sketching, Shading</p><p>$5.57</p><a href="https://www.amazon.com/dp/B093D6Q4V2?tag=eloabder-20&linkCode=osi&th=1&psc=1">View Product</a></div><div class="product"><a href="https://www.amazon.com/dp/B000VXONF4?tag=eloabder-20&linkCode=osi&th=1&psc=1"><img src="https://m.media-amazon.com/images/I/51DxvUPz4nL._SL500_.jpg" alt="Product Image"></a><p>General Pencil 957ABP Compressed Charcoal Sticks 4/Pkg-Black - Soft Assorted</p><p>$6.09 ($1.52 / Count)</p><a href="https://www.amazon.com/dp/B000VXONF4?tag=eloabder-20&linkCode=osi&th=1&psc=1">View Product</a></div><div class="product"><a href="https://www.amazon.com/dp/B0BZSZ2W1B?tag=eloabder-20&linkCode=osi&th=1&psc=1"><img src="https://m.media-amazon.com/images/I/41aJEjrQ16L._SL500_.jpg" alt="Product Image"></a><p>ANNECOSK Willow Charcoal Sticks, 10PCS Willow Charcoal Pencils for Artists Drawing, Sketching</p><p>$7.99</p><a href="https://www.amazon.com/dp/B0BZSZ2W1B?tag=eloabder-20&linkCode=osi&th=1&psc=1">View Product</a></div><div class="product"><a href="https://www.amazon.com/dp/B088K31QB7?tag=eloabder-20&linkCode=osi&th=1&psc=1"><img src="https://m.media-amazon.com/images/I/51giSzQeUzL._SL500_.jpg" alt="Product Image"></a><p>MARKART Professional Charcoal Pencils Drawing Set - 10 Pieces Soft Medium and Hard Charcoal Pencils for Drawing, Sketching, Shading</p><p>$5.99</p><a href="https://www.amazon.com/dp/B088K31QB7?tag=eloabder-20&linkCode=osi&th=1&psc=1">View Product</a></div><div class="product"><a href="https://www.amazon.com/dp/B0CHM9YB18?tag=eloabder-20&linkCode=osi&th=1&psc=1"><img src="https://m.media-amazon.com/images/I/51-cFJewi5L._SL500_.jpg" alt="Product Image"></a><p>PANDAFLY Willow Charcoal Sticks, Soft, Black Artist Vine Charcoal for Artists, Beginners, Students, Great for Sketching, Drawing, Shading and Fine Art, 7-9mm, 25 Pack</p><p>$7.99</p><a href="https://www.amazon.com/dp/B0CHM9YB18?tag=eloabder-20&linkCode=osi&th=1&psc=1">View Product</a></div><div class="product"><a href="https://www.amazon.com/dp/B004O7FFR8?tag=eloabder-20&linkCode=osi&th=1&psc=1"><img src="https://m.media-amazon.com/images/I/51JJnYm-n2L._SL500_.jpg" alt="Product Image"></a><p>Strathmore 300 Series Charcoal Paper Pad, Top Wire Bound, 9x12 inches, 32 Sheets (64lb/95g) - Artist Paper for Adults and Students - Charcoal and Pastel</p><p>$8.86</p><a href="https://www.amazon.com/dp/B004O7FFR8?tag=eloabder-20&linkCode=osi&th=1&psc=1">View Product</a></div><div class="product"><a href="https://www.amazon.com/dp/B09KY8MT2T?tag=eloabder-20&linkCode=osi&th=1&psc=1"><img src="https://m.media-amazon.com/images/I/31buTPEV5IL._SL500_.jpg" alt="Product Image"></a><p>Raven Powders Premium Charcoal Powder for Drawing and Art</p><p>$9.99</p><a href="https://www.amazon.com/dp/B09KY8MT2T?tag=eloabder-20&linkCode=osi&th=1&psc=1">View Product</a></div><div class="product"><a href="https://www.amazon.com/dp/B0021IK626?tag=eloabder-20&linkCode=osi&th=1&psc=1"><img src="https://m.media-amazon.com/images/I/317wgA0GITL._SL500_.jpg" alt="Product Image"></a><p>Winsor & Newton Artist Vine Charcoal Sticks, Soft, Box of 12 Sticks</p><p>$10.56</p><a href="https://www.amazon.com/dp/B0021IK626?tag=eloabder-20&linkCode=osi&th=1&psc=1">View Product</a></div>
<div class="product"><a href="https://www.amazon.com/dp/B0CHF9KZSW?tag=eloabder-20&linkCode=osi&th=1&psc=1"><img src="https://m.media-amazon.com/images/I/61lm2iV1gGL._SL500_.jpg" alt="Product Image"></a><p>KALOUR Professional Charcoal Pencils Drawing Set -12 Pieces Soft, Medium and Hard Charcoal Pencils for Drawing, Sketching, Shading, Artist Pencils for Beginners & Artists</p><p>$5.99</p><a href="https://www.amazon.com/dp/B0CHF9KZSW?tag=eloabder-20&linkCode=osi&th=1&psc=1">View Product</a></div><div class="product"><a href="https://www.amazon.com/dp/B0D41JG73W?tag=eloabder-20&linkCode=osi&th=1&psc=1"><img src="https://m.media-amazon.com/images/I/41K5KaeEE0L._SL500_.jpg" alt="Product Image"></a><p>Aenir White Charcoal Pencils, Pack of 12 Charcoal Drawing Pencils, Charcoal Pencils for Artists, Art Supplies for Drawing and Highlighting, Charcoal Pencils for Drawing, Sketching, Shading & Coloring.</p><p>$7.99</p><a href="https://www.amazon.com/dp/B0D41JG73W?tag=eloabder-20&linkCode=osi&th=1&psc=1">View Product</a></div><div class="product"><a href="https://www.amazon.com/dp/B004BPNUMA?tag=eloabder-20&linkCode=osi&th=1&psc=1"><img src="https://m.media-amazon.com/images/I/41EWfMXntlL._SL500_.jpg" alt="Product Image"></a><p>Peel & Sketch Charcoal Pencils 3/Pkg-</p><p>$6.96</p><a href="https://www.amazon.com/dp/B004BPNUMA?tag=eloabder-20&linkCode=osi&th=1&psc=1">View Product</a></div><div class="product"><a href="https://www.amazon.com/dp/B0C5V1QWPJ?tag=eloabder-20&linkCode=osi&th=1&psc=1"><img src="https://m.media-amazon.com/images/I/51bZBOoKtoL._SL500_.jpg" alt="Product Image"></a><p>Brusarth Charcoal Drawing Set -12 pc Black charcoal pencils, White Charcoal Pencils, Eraser Pencils, Blending Stumps for Drawing, Sketching, Shading, Artist Pencils for Beginners & Artists</p><p>$7.99</p><a href="https://www.amazon.com/dp/B0C5V1QWPJ?tag=eloabder-20&linkCode=osi&th=1&psc=1">View Product</a></div>
<div class="product"><a href="https://www.amazon.com/dp/B001BYK7RA?tag=eloabder-20&linkCode=osi&th=1&psc=1"><img src="https://m.media-amazon.com/images/I/316EZYjc1XL._SL500_.jpg" alt="Product Image"></a><p>Winsor & Newton Artist Vine Charcoal Sticks, Soft, Box of 3 Sticks</p><p>$4.09 ($1.36 / Count)</p><a href="https://www.amazon.com/dp/B001BYK7RA?tag=eloabder-20&linkCode=osi&th=1&psc=1">View Product</a></div>
<div class="product"><a href="https://www.amazon.com/dp/B08LR2TBPG?tag=eloabder-20&linkCode=osi&th=1&psc=1"><img src="https://m.media-amazon.com/images/I/31VBhMwmhTL._SL500_.jpg" alt="Product Image"></a><p>Chipboard Sheets 8.5" x 11" - 100 Sheets of 22 Point Chip Board for Crafts - This Kraft Board is a Great Alternative to MDF Board and Cardboard Sheets</p><p>$19.97</p><a href="https://www.amazon.com/dp/B08LR2TBPG?tag=eloabder-20&linkCode=osi&th=1&psc=1">View Product</a></div><div class="product"><a href="https://www.amazon.com/dp/B079F1FYG3?tag=eloabder-20&linkCode=osi&th=1&psc=1"><img src="https://m.media-amazon.com/images/I/41-kpBNtjSL._SL500_.jpg" alt="Product Image"></a><p>100 Thick Kraft Chipboard (30pt) - 8 1/2" x 11" - Perfect for Scrapbooking, Crafts & Product Backing…</p><p>$19.95</p><a href="https://www.amazon.com/dp/B079F1FYG3?tag=eloabder-20&linkCode=osi&th=1&psc=1">View Product</a></div><div class="product"><a href="https://www.amazon.com/dp/B07BYPGP5H?tag=eloabder-20&linkCode=osi&th=1&psc=1"><img src="https://m.media-amazon.com/images/I/31rUtsWIN5L._SL500_.jpg" alt="Product Image"></a><p>100 Chipboard Sheets 8 x 10 inch - 22pt (point) Light Weight Brown Kraft Cardboard for Scrapbooking & Picture Frame Backing (.022 Caliper Thick) Paper Board | MagicWater Supply</p><p>$21.99</p><a href="https://www.amazon.com/dp/B07BYPGP5H?tag=eloabder-20&linkCode=osi&th=1&psc=1">View Product</a></div><div class="product"><a href="https://www.amazon.com/dp/B07BYP99DJ?tag=eloabder-20&linkCode=osi&th=1&psc=1"><img src="https://m.media-amazon.com/images/I/31EMxvnjGrL._SL500_.jpg" alt="Product Image"></a><p>25 Chipboard Sheets 11 x 17 inch - 50pt (point) Heavy Weight Brown Kraft Cardboard for Scrapbooking & Picture Frame Backing (.050 Caliper Thick) Paper Board | MagicWater Supply</p><p>$26.99</p><a href="https://www.amazon.com/dp/B07BYP99DJ?tag=eloabder-20&linkCode=osi&th=1&psc=1">View Product</a></div><div class="product"><a href="https://www.amazon.com/dp/B07BYFXJDL?tag=eloabder-20&linkCode=osi&th=1&psc=1"><img src="https://m.media-amazon.com/images/I/310RbtxO26L._SL500_.jpg" alt="Product Image"></a><p>100 Chipboard Sheets 5 x 7 inch - 22pt (point) Light Weight Brown Kraft Cardboard for Scrapbooking & Picture Frame Backing (.022 Caliper Thick) Paper Board | MagicWater Supply</p><p>$14.99</p><a href="https://www.amazon.com/dp/B07BYFXJDL?tag=eloabder-20&linkCode=osi&th=1&psc=1">View Product</a></div><div class="product"><a href="https://www.amazon.com/dp/B0B6GK2MFD?tag=eloabder-20&linkCode=osi&th=1&psc=1"><img src="https://m.media-amazon.com/images/I/31-IEV+iYgL._SL500_.jpg" alt="Product Image"></a><p>10 EcoSwift 8.5x11 Chipboard Cardboard Craft Scrapbook Material Scrapbooking Packaging Sheets Shipping Pads Inserts 8 1/2 inch x 11 inch Chip Board</p><p>$4.99</p><a href="https://www.amazon.com/dp/B0B6GK2MFD?tag=eloabder-20&linkCode=osi&th=1&psc=1">View Product</a></div><div class="product"><a href="https://www.amazon.com/dp/B07BYKB2ZL?tag=eloabder-20&linkCode=osi&th=1&psc=1"><img src="https://m.media-amazon.com/images/I/31WIwma4xfL._SL500_.jpg" alt="Product Image"></a><p>Chipboard Sheets 8.5 x 11 inch - 50pt (Point) Heavy Weight Brown Kraft Cardboard for Scrapbooking & Picture Frame Backing (.050 Caliper Thick) Paper Board | MagicWater Supply (Kraft 100 Pack)</p><p>$38.99</p><a href="https://www.amazon.com/dp/B07BYKB2ZL?tag=eloabder-20&linkCode=osi&th=1&psc=1">View Product</a></div><div class="product"><a href="https://www.amazon.com/dp/B00161W6L8?tag=eloabder-20&linkCode=osi&th=1&psc=1"><img src="https://m.media-amazon.com/images/I/41MflHlo3JL._SL500_.jpg" alt="Product Image"></a><p>GRAFIX Natural Medium Weight Chipboard Sheets 8.5"X11" 25/Pkg, 8.5"x11"x0.057", Count</p><p>$15.14 ($0.61 / Count)</p><a href="https://www.amazon.com/dp/B00161W6L8?tag=eloabder-20&linkCode=osi&th=1&psc=1">View Product</a></div><div class="product"><a href="https://www.amazon.com/dp/B0013JRFUA?tag=eloabder-20&linkCode=osi&th=1&psc=1"><img src="https://m.media-amazon.com/images/I/41JzQAJkDoL._SL500_.jpg" alt="Product Image"></a><p>Grafix Medium Weight Acid-Free 0.057” Chipboard Sheets, Create Three-Dimensional Embellishments for Cards, Papercrafts, Mixed Media, Home Décor, and More, 12 x 12, Natural, 25 Count</p><p>$14.51 ($0.58 / Count)</p><a href="https://www.amazon.com/dp/B0013JRFUA?tag=eloabder-20&linkCode=osi&th=1&psc=1">View Product</a></div>








<div class="product"><a href="https://www.amazon.com/dp/B0C2YPJDFL?tag=eloabder-20&linkCode=osi&th=1&psc=1"><img src="https://m.media-amazon.com/images/I/51WB6B3vguL._SL500_.jpg" alt="Product Image"></a><p>Yagol Colored Pencils for Adult Coloring Books, 72 Colored Professional Drawing Pencils, Coloring Pencils for Adults Beginners kids & Pro.</p><p>$9.99</p><a href="https://www.amazon.com/dp/B0C2YPJDFL?tag=eloabder-20&linkCode=osi&th=1&psc=1">View Product</a></div><div class="product"><a href="https://www.amazon.com/dp/B01N09ZDEI?tag=eloabder-20&linkCode=osi&th=1&psc=1"><img src="https://m.media-amazon.com/images/I/51awfumPEiL._SL500_.jpg" alt="Product Image"></a><p>Soucolor 72-Color Colored Pencils for Adult Coloring Books, Back to School Supplies, Soft Core Artist Sketching Drawing Pencils Drawing Supplies, Art Supplies Kit for Adults Kids, Coloring Pencils Set</p><p>$9.99</p><a href="https://www.amazon.com/dp/B01N09ZDEI?tag=eloabder-20&linkCode=osi&th=1&psc=1">View Product</a></div><div class="product"><a href="https://www.amazon.com/dp/B0B772BZ4G?tag=eloabder-20&linkCode=osi&th=1&psc=1"><img src="https://m.media-amazon.com/images/I/41VSyVENyTL._SL500_.jpg" alt="Product Image"></a><p>FUNLAVIE Colored Pencils 48 Coloring Pencils Premium Professional Art Drawing Pencil for Adults Coloring Book</p><p>$9.99</p><a href="https://www.amazon.com/dp/B0B772BZ4G?tag=eloabder-20&linkCode=osi&th=1&psc=1">View Product</a></div><div class="product"><a href="https://www.amazon.com/dp/B0B8MFGW36?tag=eloabder-20&linkCode=osi&th=1&psc=1"><img src="https://m.media-amazon.com/images/I/51umBJsfZDL._SL500_.jpg" alt="Product Image"></a><p>KALOUR Premium Colored Pencils,Set of 120 Colors,Artists Soft Core with Vibrant Color,Ideal for Drawing Sketching Shading,Coloring Pencils for Adults Beginners kids</p><p>$24.99</p><a href="https://www.amazon.com/dp/B0B8MFGW36?tag=eloabder-20&linkCode=osi&th=1&psc=1">View Product</a></div><div class="product"><a href="https://www.amazon.com/dp/B0D5GSMGMG?tag=eloabder-20&linkCode=osi&th=1&psc=1"><img src="https://m.media-amazon.com/images/I/41aprDliB4L._SL500_.jpg" alt="Product Image"></a><p>Colored Pencils for Adult Coloring Books, Set of 72 Color Pencils, Oil-Based Core Drawing Pencils, 3.8mm Soft Leads with Adult Coloring Pencils, Professional Art Supplies for Adults, Beginner and Kids</p><p>$9.99</p><a href="https://www.amazon.com/dp/B0D5GSMGMG?tag=eloabder-20&linkCode=osi&th=1&psc=1">View Product</a></div><div class="product"><a href="https://www.amazon.com/dp/B0CZBPK6L5?tag=eloabder-20&linkCode=osi&th=1&psc=1"><img src="https://m.media-amazon.com/images/I/31Q1khczz5L._SL500_.jpg" alt="Product Image"></a><p>Colored Pencils for Adult Coloring Books, 72 Colors Drawing Pencils with Oil-Based Cores, Professional Art Supplies for Artists, Coloring Pencils for Adults, Color Pencils Set for Beginners and Teens.</p><p>$9.49</p><a href="https://www.amazon.com/dp/B0CZBPK6L5?tag=eloabder-20&linkCode=osi&th=1&psc=1">View Product</a></div>
<div class="product"><a href="https://www.amazon.com/dp/B0BTJRPJHJ?tag=eloabder-20&linkCode=osi&th=1&psc=1"><img src="https://m.media-amazon.com/images/I/61eh6iSlGRL._SL500_.jpg" alt="Product Image"></a><p>READY 2 LEARN Colored Sand - Turquoise - 2.2 lbs - Play Sand for Kids - Perfect for Arts and Crafts, Sensory Bins, Wedding Decorations and Vase Filler</p><p>$9.32</p><a href="https://www.amazon.com/dp/B0BTJRPJHJ?tag=eloabder-20&linkCode=osi&th=1&psc=1">View Product</a></div><div class="product"><a href="https://www.amazon.com/dp/B0BTJWH6L3?tag=eloabder-20&linkCode=osi&th=1&psc=1"><img src="https://m.media-amazon.com/images/I/61OHaobOoGL._SL500_.jpg" alt="Product Image"></a><p>READY 2 LEARN Colored Sand - Light Blue - 2.2 lbs - Play Sand for Kids - Perfect for Wedding Unity Ceremonies, Crafts, Sensory Bins and Vase Filler</p><p>$9.99</p><a href="https://www.amazon.com/dp/B0BTJWH6L3?tag=eloabder-20&linkCode=osi&th=1&psc=1">View Product</a></div><div class="product"><a href="https://www.amazon.com/dp/B00DZS4AA0?tag=eloabder-20&linkCode=osi&th=1&psc=1"><img src="https://m.media-amazon.com/images/I/41htpdoeWSL._SL500_.jpg" alt="Product Image"></a><p>Activa Pink Decorative Colored Sand in Resealable Bag, 5lb (2.27kg) | Fine Grain & Fade-Proof Sand For Arts & Crafts</p><p>$8.99</p><a href="https://www.amazon.com/dp/B00DZS4AA0?tag=eloabder-20&linkCode=osi&th=1&psc=1">View Product</a></div><div class="product"><a href="https://www.amazon.com/dp/B00GNED6YE?tag=eloabder-20&linkCode=osi&th=1&psc=1"><img src="https://m.media-amazon.com/images/I/41T-AKVqV5L._SL500_.jpg" alt="Product Image"></a><p>Sandsational Sparkle Champagne Unity Sand - 1.5 LB (22oz), Beige Colored Sand for Weddings, Vase Filler, Home Décor, Craft Sand, Aquarium Sand, and More</p><p>$15.99</p><a href="https://www.amazon.com/dp/B00GNED6YE?tag=eloabder-20&linkCode=osi&th=1&psc=1">View Product</a></div><div class="product"><a href="https://www.amazon.com/dp/B007VC4F6A?tag=eloabder-20&linkCode=osi&th=1&psc=1"><img src="https://m.media-amazon.com/images/I/51EtMIBeueL._SL500_.jpg" alt="Product Image"></a><p>Sandsational Sparkle Tropic Blue Unity Sand, 1 LB (16 oz), Colored Sand for Weddings, Vase Filler, Home Décor, Craft Sand, Aquarium Sand, and More</p><p>$9.99</p><a href="https://www.amazon.com/dp/B007VC4F6A?tag=eloabder-20&linkCode=osi&th=1&psc=1">View Product</a></div><div class="product"><a href="https://www.amazon.com/dp/B007VC497K?tag=eloabder-20&linkCode=osi&th=1&psc=1"><img src="https://m.media-amazon.com/images/I/51oZOs1VRDL._SL500_.jpg" alt="Product Image"></a><p>Sandsational Sparkle Burnt Orange Unity Sand, 1 LB (16 oz), Colored Sand for Weddings, Vase Filler, Home Décor, Craft Sand, Aquarium Sand, and More</p><p>$9.99</p><a href="https://www.amazon.com/dp/B007VC497K?tag=eloabder-20&linkCode=osi&th=1&psc=1">View Product</a></div><div class="product"><a href="https://www.amazon.com/dp/B004BN9WWY?tag=eloabder-20&linkCode=osi&th=1&psc=1"><img src="https://m.media-amazon.com/images/I/41Hehnr6HkL._SL500_.jpg" alt="Product Image"></a><p>Activa Turquoise Decorative Colored Sand in Resealable Bag, 5lb (2.27kg) | Fine Grain & Fade-Proof Sand For Arts & Crafts</p><p>$17.99 ($0.22 / Ounce)</p><a href="https://www.amazon.com/dp/B004BN9WWY?tag=eloabder-20&linkCode=osi&th=1&psc=1">View Product</a></div><div class="product"><a href="https://www.amazon.com/dp/B007VC4CMM?tag=eloabder-20&linkCode=osi&th=1&psc=1"><img src="https://m.media-amazon.com/images/I/51MDELk9-bL._SL500_.jpg" alt="Product Image"></a><p>Sandsational Sparkle Hazelnut Unity Sand, 1 LB (16 oz), Colored Sand for Weddings, Vase Filler, Home Décor, Craft Sand, Aquarium Sand, and More</p><p>$9.99</p><a href="https://www.amazon.com/dp/B007VC4CMM?tag=eloabder-20&linkCode=osi&th=1&psc=1">View Product</a></div>

<div class="product"><a href="https://www.amazon.com/dp/B0868M9MFP?tag=eloabder-20&linkCode=osi&th=1&psc=1"><img src="https://m.media-amazon.com/images/I/41MathwPKuL._SL500_.jpg" alt="Product Image"></a><p>SIMETUFY 360 Sheets 36 Multicolor Tissue Paper Bulk Gift Wrapping Tissue Paper Decorative Art Rainbow Tissue Paper 11.5in x 8in for Art Craft Floral Birthday Party Festival Tissue Paper Pom Pom</p><p>$6.98 ($0.02 / Count)</p><a href="https://www.amazon.com/dp/B0868M9MFP?tag=eloabder-20&linkCode=osi&th=1&psc=1">View Product</a></div><div class="product"><a href="https://www.amazon.com/dp/B0CZNYNJL3?tag=eloabder-20&linkCode=osi&th=1&psc=1"><img src="https://m.media-amazon.com/images/I/41ZspqqmKpL._SL500_.jpg" alt="Product Image"></a><p>160 Sheets Colored Tissue Paper, Tissue Paper Bulk 14 X 20 Inches Tissue Paper for Gift Bags Wrapping DIY Crafts Wedding Birthday</p><p>$7.99 ($0.03 / Sq Ft)</p><a href="https://www.amazon.com/dp/B0CZNYNJL3?tag=eloabder-20&linkCode=osi&th=1&psc=1">View Product</a></div><div class="product"><a href="https://www.amazon.com/dp/B07QY9FQN2?tag=eloabder-20&linkCode=osi&th=1&psc=1"><img src="https://m.media-amazon.com/images/I/51DR9nknn7L._SL500_.jpg" alt="Product Image"></a><p>120 Sheets Colored Tissue Paper Bulk Wrapping Craft Paper 20 x 26" for Art Gift Tissue Decoration (24 Colors)</p><p>$15.59 ($0.13 / Count)</p><a href="https://www.amazon.com/dp/B07QY9FQN2?tag=eloabder-20&linkCode=osi&th=1&psc=1">View Product</a></div><div class="product"><a href="https://www.amazon.com/dp/B0CWR5FKGQ?tag=eloabder-20&linkCode=osi&th=1&psc=1"><img src="https://m.media-amazon.com/images/I/31iRzSH4cbL._SL500_.jpg" alt="Product Image"></a><p>Hlonon 100 Sheets Colored Tissue Paper 12×20 Inch Tissue Paper Bulk Gift Wrapping for Gift Bags DIY Crafts Birthday Wedding Holidays Decor 10 Colors</p><p>$4.59</p><a href="https://www.amazon.com/dp/B0CWR5FKGQ?tag=eloabder-20&linkCode=osi&th=1&psc=1">View Product</a></div><div class="product"><a href="https://www.amazon.com/dp/B09RXR9SXB?tag=eloabder-20&linkCode=osi&th=1&psc=1"><img src="https://m.media-amazon.com/images/I/51xWE-5f2lL._SL500_.jpg" alt="Product Image"></a><p>120 Sheets Colored Tissue Paper for Gift Bags - 25 Assorted Colors Tissue Paper for Packaging Bulk Colored Tissue Paper for Gift Wrapping -Tissue Paper Bulk for Crafts Large 20 X 26 Sheets</p><p>$13.99 ($0.12 / Count)</p><a href="https://www.amazon.com/dp/B09RXR9SXB?tag=eloabder-20&linkCode=osi&th=1&psc=1">View Product</a></div><div class="product"><a href="https://www.amazon.com/dp/B0BWPNFLXM?tag=eloabder-20&linkCode=osi&th=1&psc=1"><img src="https://m.media-amazon.com/images/I/51KYkgeBLCL._SL500_.jpg" alt="Product Image"></a><p>Colored Tissue Paper for Gift Bags, Colored Tissue Paper for Crafts, Gift Wrapping Tissue Paper Bulk - 375 Sheets in 36 Assorted Colors (12 in x 8.4 in)</p><p>$12.99 ($0.03 / Count)</p><a href="https://www.amazon.com/dp/B0BWPNFLXM?tag=eloabder-20&linkCode=osi&th=1&psc=1">View Product</a></div><div class="product"><a href="https://www.amazon.com/dp/B0D1JYM64F?tag=eloabder-20&linkCode=osi&th=1&psc=1"><img src="https://m.media-amazon.com/images/I/41wvUKH9PbL._SL500_.jpg" alt="Product Image"></a><p>Phinus 6300 Pcs 1 Inch Tissue Paper Squares, Tissue Paper for Crafts, 42 Assorted Colored Tissue Paper, Colors Art Rainbow Tissue Paper Bulk for Crafts, Art Projects, Birthday Party</p><p>$5.99</p><a href="https://www.amazon.com/dp/B0D1JYM64F?tag=eloabder-20&linkCode=osi&th=1&psc=1">View Product</a></div>
<div class="product"><a href="https://www.amazon.com/dp/B085DP36VF?tag=eloabder-20&linkCode=osi&th=1&psc=1"><img src="https://m.media-amazon.com/images/I/516vaNkg0iL._SL500_.jpg" alt="Product Image"></a><p>Soucolor Art Brush Markers Pens for Adult Coloring Books, 34 Colors Numbered Dual Tip (Brush and Fine Point) Marker Pen for Kids Note taking Planner Lettering Calligraphy Drawing Preppy School Stuff</p><p>$9.99</p><a href="https://www.amazon.com/dp/B085DP36VF?tag=eloabder-20&linkCode=osi&th=1&psc=1">View Product</a></div><div class="product"><a href="https://www.amazon.com/dp/B075WQPKNK?tag=eloabder-20&linkCode=osi&th=1&psc=1"><img src="https://m.media-amazon.com/images/I/51EOXvmdwnL._SL500_.jpg" alt="Product Image"></a><p>Dual Brush Marker Pens for Coloring Books, Tanmit Fine Tip Coloring Marker & Brush Pen Set for Journaling Note Taking Writing Planning Art Project</p><p>$7.97</p><a href="https://www.amazon.com/dp/B075WQPKNK?tag=eloabder-20&linkCode=osi&th=1&psc=1">View Product</a></div>
<div class="product"><a href="https://www.amazon.com/dp/B0BWH7CWFW?tag=eloabder-20&linkCode=osi&th=1&psc=1"><img src="https://m.media-amazon.com/images/I/51jUg2AkDyL._SL500_.jpg" alt="Product Image"></a><p>AnyMark 60 Colors Alcohol Markers, Markers Set, Dual Tip Alcohol Based Art Markers for Kids Adults Coloring Drawing, Chisel & Fine</p><p>$19.99 ($0.33 / Count)</p><a href="https://www.amazon.com/dp/B0BWH7CWFW?tag=eloabder-20&linkCode=osi&th=1&psc=1">View Product</a></div><div class="product"><a href="https://www.amazon.com/dp/B07CJ8QXF8?tag=eloabder-20&linkCode=osi&th=1&psc=1"><img src="https://m.media-amazon.com/images/I/51bChi4-H4L._SL500_.jpg" alt="Product Image"></a><p>Dual Markers Brush Pens, 36 Fine Point Art Marker, Double Tip Colored Pen for Adult Coloring Hand Lettering, School Classroom Art Suppliers</p><p>$9.99</p><a href="https://www.amazon.com/dp/B07CJ8QXF8?tag=eloabder-20&linkCode=osi&th=1&psc=1">View Product</a></div><div class="product"><a href="https://www.amazon.com/dp/B0CMLFSJ32?tag=eloabder-20&linkCode=osi&th=1&psc=1"><img src="https://m.media-amazon.com/images/I/51tOlopoSsL._SL500_.jpg" alt="Product Image"></a><p>TOSHARE Double Brush Marker Pens, 72 Colors Art Markers Set with Fine Tip and Brush Tip for Kids Adult Coloring Book Hand Lettering Calligraphy Drawing Art Supplies Kit</p><p>$29.99</p><a href="https://www.amazon.com/dp/B0CMLFSJ32?tag=eloabder-20&linkCode=osi&th=1&psc=1">View Product</a></div><div class="product"><a href="https://www.amazon.com/dp/B0BYD5M7LQ?tag=eloabder-20&linkCode=osi&th=1&psc=1"><img src="https://m.media-amazon.com/images/I/51sfVuA2MJL._SL500_.jpg" alt="Product Image"></a><p>AnyMark 48 Colors Alcohol Markers, Markers Set, Dual Tip Alcohol Based Art Markers for Kids Adults Coloring Drawing, Chisel & Fine</p><p>$12.99 ($0.27 / Count)</p><a href="https://www.amazon.com/dp/B0BYD5M7LQ?tag=eloabder-20&linkCode=osi&th=1&psc=1">View Product</a></div><div class="product"><a href="https://www.amazon.com/dp/B078N2RFJ9?tag=eloabder-20&linkCode=osi&th=1&psc=1"><img src="https://m.media-amazon.com/images/I/415IZ1EQzEL._SL500_.jpg" alt="Product Image"></a><p>MemOffice 80 Colors Dual Tip Artist Alcohol Markers Set with Carrying Case - Perfect for Coloring, Drawing, Sketching, Card Making and Illustration - Perfect for Adults and Kids</p><p>$22.99</p><a href="https://www.amazon.com/dp/B078N2RFJ9?tag=eloabder-20&linkCode=osi&th=1&psc=1">View Product</a></div><div class="product"><a href="https://www.amazon.com/dp/B0891WKPN3?tag=eloabder-20&linkCode=osi&th=1&psc=1"><img src="https://m.media-amazon.com/images/I/51qPnBJt4QL._SL500_.jpg" alt="Product Image"></a><p>Caliart 34 Double Tip Brush Pens Art Markers, Aesthetic Cute Preppy Stuff School Supplies, Artist Fine & Brush Pen Coloring Markers for Kids Adult Book Cards Drawing Craft Kit Teacher Office Supplies</p><p>$9.99</p><a href="https://www.amazon.com/dp/B0891WKPN3?tag=eloabder-20&linkCode=osi&th=1&psc=1">View Product</a></div><div class="product"><a href="https://www.amazon.com/dp/B08GX1FXG5?tag=eloabder-20&linkCode=osi&th=1&psc=1"><img src="https://m.media-amazon.com/images/I/61VK97q6UUL._SL500_.jpg" alt="Product Image"></a><p>Mogyann Markers for Adult 100 Colors Dual Tip Pens with Fine and Brush Tip for Coloring and Calligraphy Drawing</p><p>$26.99</p><a href="https://www.amazon.com/dp/B08GX1FXG5?tag=eloabder-20&linkCode=osi&th=1&psc=1">View Product</a></div>
<div class="product"><a href="https://www.amazon.com/dp/B002LARR8A?tag=eloabder-20&linkCode=osi&th=1&psc=1"><img src="https://m.media-amazon.com/images/I/41G5vXNB91L._SL500_.jpg" alt="Product Image"></a><p>Prang (Formerly SunWorks) Construction Paper, 10 Assorted Colors, 12" x 18", 100 Sheets</p><p>$13.09</p><a href="https://www.amazon.com/dp/B002LARR8A?tag=eloabder-20&linkCode=osi&th=1&psc=1">View Product</a></div><div class="product"><a href="https://www.amazon.com/dp/B001AZ9S6G?tag=eloabder-20&linkCode=osi&th=1&psc=1"><img src="https://m.media-amazon.com/images/I/41kI6AxAEvL._SL500_.jpg" alt="Product Image"></a><p>Prang (Formerly SunWorks) Construction Paper, White, 12" x 18", 50 Sheets</p><p>$6.86</p><a href="https://www.amazon.com/dp/B001AZ9S6G?tag=eloabder-20&linkCode=osi&th=1&psc=1">View Product</a></div>

<div class="product"><a href="https://www.amazon.com/dp/B003JJIEKC?tag=eloabder-20&linkCode=osi&th=1&psc=1"><img src="https://m.media-amazon.com/images/I/51CnC6280iL._SL500_.jpg" alt="Product Image"></a><p>2 Rolls/Pack 7/32 Copper Foil (Copper Backed)</p><p>$24.21</p><a href="https://www.amazon.com/dp/B003JJIEKC?tag=eloabder-20&linkCode=osi&th=1&psc=1">View Product</a></div><div class="product"><a href="https://www.amazon.com/dp/B0CXXD14QS?tag=eloabder-20&linkCode=osi&th=1&psc=1"><img src="https://m.media-amazon.com/images/I/31MLEFbqdaL._SL500_.jpg" alt="Product Image"></a><p>YEZHET 7/32 Inch Black Backed Copper foil for Stained Glass (2Roll)</p><p>$16.99</p><a href="https://www.amazon.com/dp/B0CXXD14QS?tag=eloabder-20&linkCode=osi&th=1&psc=1">View Product</a></div><div class="product"><a href="https://www.amazon.com/dp/B00359QVPG?tag=eloabder-20&linkCode=osi&th=1&psc=1"><img src="https://m.media-amazon.com/images/I/41hRCFiP1dL._SL500_.jpg" alt="Product Image"></a><p>Edco 3/16 Black Backed Copper Foil</p><p>$14.75</p><a href="https://www.amazon.com/dp/B00359QVPG?tag=eloabder-20&linkCode=osi&th=1&psc=1">View Product</a></div><div class="product"><a href="https://www.amazon.com/dp/B004BNDZSG?tag=eloabder-20&linkCode=osi&th=1&psc=1"><img src="https://m.media-amazon.com/images/I/519NZ7L73gL._SL500_.jpg" alt="Product Image"></a><p>Studio Pro 1/4-Inch Black Lined Copper Foil</p><p>$10.90</p><a href="https://www.amazon.com/dp/B004BNDZSG?tag=eloabder-20&linkCode=osi&th=1&psc=1">View Product</a></div><div class="product"><a href="https://www.amazon.com/dp/B0C3Z37LZK?tag=eloabder-20&linkCode=osi&th=1&psc=1"><img src="https://m.media-amazon.com/images/I/41bhh73eatL._SL500_.jpg" alt="Product Image"></a><p>YEZHET Copper Foil Tape 2 Pack (7/32Inch) with Double-Sided Conductive, for Stained Glass, Electrical Repairs, DIY Handicrafts, Paper Circuits, Crafting</p><p>$7.99 ($0.53 / Foot)</p><a href="https://www.amazon.com/dp/B0C3Z37LZK?tag=eloabder-20&linkCode=osi&th=1&psc=1">View Product</a></div><div class="product"><a href="https://www.amazon.com/dp/B00WVKO1LG?tag=eloabder-20&linkCode=osi&th=1&psc=1"><img src="https://m.media-amazon.com/images/I/31J15yH0QGL._SL500_.jpg" alt="Product Image"></a><p>K&S 6020 Metallic Copper Crafting Foil, 0.005" Thick x 12" Width x 30" Long, 1 Piece, Made in The USA</p><p>$14.89</p><a href="https://www.amazon.com/dp/B00WVKO1LG?tag=eloabder-20&linkCode=osi&th=1&psc=1">View Product</a></div>
<div class="product"><a href="https://www.amazon.com/dp/B08YJBQ7WZ?tag=eloabder-20&linkCode=osi&th=1&psc=1"><img src="https://m.media-amazon.com/images/I/51MPyR+wDWL._SL500_.jpg" alt="Product Image"></a><p>45 Color Options Macrame Cord 2mm/3mm/4mm/5mm/6mmx109 Yards Cotton Cord, 4 Ply Twisted Yarn, Natural Perfect Supplies DIY Crafts (Natural White)</p><p>$4.98 ($0.02 / Foot)</p><a href="https://www.amazon.com/dp/B08YJBQ7WZ?tag=eloabder-20&linkCode=osi&th=1&psc=1">View Product</a></div><div class="product"><a href="https://www.amazon.com/dp/B07ZGD2G6B?tag=eloabder-20&linkCode=osi&th=1&psc=1"><img src="https://m.media-amazon.com/images/I/51pexzF494L._SL500_.jpg" alt="Product Image"></a><p>Tenn Well Leather String, 100 Yards 2.6mm Flat Suede Cord, Faux Leather Cord for Jewelry Making, Necklaces, Bracelets, Dream Catchers and DIY Crafts (Brown)</p><p>$9.99 ($0.03 / Foot)</p><a href="https://www.amazon.com/dp/B07ZGD2G6B?tag=eloabder-20&linkCode=osi&th=1&psc=1">View Product</a></div><div class="product"><a href="https://www.amazon.com/dp/B0CQF1LC2R?tag=eloabder-20&linkCode=osi&th=1&psc=1"><img src="https://m.media-amazon.com/images/I/51O0PgsjtpL._SL500_.jpg" alt="Product Image"></a><p>Anezus Rainbow Color Nylon Cord, Nylon Craft String, Silky Satin Rattail Cord Beading String for Braided Bracelets, Pendants Necklace, Macrame Keychains, Lanyards, Drawstring Bags, DIY Crafts, Sewing</p><p>$6.99 ($0.02 / Foot)</p><a href="https://www.amazon.com/dp/B0CQF1LC2R?tag=eloabder-20&linkCode=osi&th=1&psc=1">View Product</a></div><div class="product"><a href="https://www.amazon.com/dp/B0B7J9BZSN?tag=eloabder-20&linkCode=osi&th=1&psc=1"><img src="https://m.media-amazon.com/images/I/41Orf+Dg9FL._SL500_.jpg" alt="Product Image"></a><p>2 mm 330 Feet Satin Nylon Cord String for Jewelry Making Bracelet Necklaces Beading Thread Rattail Macrame Kumihimo Chinese Knot Craft</p><p>$7.99 ($0.02 / Foot)</p><a href="https://www.amazon.com/dp/B0B7J9BZSN?tag=eloabder-20&linkCode=osi&th=1&psc=1">View Product</a></div><div class="product"><a href="https://www.amazon.com/dp/B08PZ2VDPM?tag=eloabder-20&linkCode=osi&th=1&psc=1"><img src="https://m.media-amazon.com/images/I/51DQgq3cfXL._SL500_.jpg" alt="Product Image"></a><p>Tenn Well Nylon Satin Cord, 295 Feet 2mm Black Nylon String for Jewelry Making, Silky Rattail Cord for Bracelets, Necklaces, Macrame Keychains, Lanyards, Beading</p><p>$7.99 ($0.03 / Foot)</p><a href="https://www.amazon.com/dp/B08PZ2VDPM?tag=eloabder-20&linkCode=osi&th=1&psc=1">View Product</a></div><div class="product"><a href="https://www.amazon.com/dp/B07TW9PGGB?tag=eloabder-20&linkCode=osi&th=1&psc=1"><img src="https://m.media-amazon.com/images/I/41C73YuzTWL._SL500_.jpg" alt="Product Image"></a><p>Macrame Cord,3mm x109 Yards 100% Natural Macrame Cords Colored Cotton Macrame Rope Craft Cord for DIY Crafts Knitting Plant Hangers Christmas Wedding Decor(Natural Color/Beige)</p><p>$4.98 ($0.02 / Foot)</p><a href="https://www.amazon.com/dp/B07TW9PGGB?tag=eloabder-20&linkCode=osi&th=1&psc=1">View Product</a></div><div class="product"><a href="https://www.amazon.com/dp/B0CS27R34B?tag=eloabder-20&linkCode=osi&th=1&psc=1"><img src="https://m.media-amazon.com/images/I/31hxjVrOTnL._SL500_.jpg" alt="Product Image"></a><p>2 mm x 330 Feet Satin Nylon Cord, Silky Smooth Nylon String for Jewelry Making Bracelet Necklaces Beading Thread Rattail Macrame Kumihimo Chinese Knot Craft</p><p>$7.99 ($0.02 / Foot)</p><a href="https://www.amazon.com/dp/B0CS27R34B?tag=eloabder-20&linkCode=osi&th=1&psc=1">View Product</a></div><div class="product"><a href="https://www.amazon.com/dp/B07GX8B3PC?tag=eloabder-20&linkCode=osi&th=1&psc=1"><img src="https://m.media-amazon.com/images/I/416oClGC4ZL._SL500_.jpg" alt="Product Image"></a><p>Tenn Well 5mm Macrame Cord, 165Feet Braided Cotton Rope Thick Craft Twine for Macrame Plant Hangers, Wall Hangings, Drawstrings, Clothes Lines, DIY Crafts (Beige)</p><p>$8.99 ($0.05 / Foot)</p><a href="https://www.amazon.com/dp/B07GX8B3PC?tag=eloabder-20&linkCode=osi&th=1&psc=1">View Product</a></div>
<div class="product"><a href="https://www.amazon.com/dp/B08LV18F93?tag=eloabder-20&linkCode=osi&th=1&psc=1"><img src="https://m.media-amazon.com/images/I/51XMGht9fSL._SL500_.jpg" alt="Product Image"></a><p>uxcell 20pcs Corrugated Cardboard Paper Sheets,Colorful,7.87-inch x 11.82-inch,for Craft and DIY Projects</p><p>$12.49 ($0.62 / Count)</p><a href="https://www.amazon.com/dp/B08LV18F93?tag=eloabder-20&linkCode=osi&th=1&psc=1">View Product</a></div><div class="product"><a href="https://www.amazon.com/dp/B009MRH3R0?tag=eloabder-20&linkCode=osi&th=1&psc=1"><img src="https://m.media-amazon.com/images/I/51KvHbQ47aL._SL500_.jpg" alt="Product Image"></a><p>Hygloss Corrugated Cardboard Sheets, 8-Pack, 8 Pieces</p><p>$10.13 ($1.27 / Count)</p><a href="https://www.amazon.com/dp/B009MRH3R0?tag=eloabder-20&linkCode=osi&th=1&psc=1">View Product</a></div><div class="product"><a href="https://www.amazon.com/dp/B08LV1DHM7?tag=eloabder-20&linkCode=osi&th=1&psc=1"><img src="https://m.media-amazon.com/images/I/41CqXQkVMyL._SL500_.jpg" alt="Product Image"></a><p>uxcell 10pcs Corrugated Cardboard Paper Sheets,Black,7.87-inch x 11.84-inch,for Craft and DIY Projects</p><p>$8.09 ($0.81 / Count)</p><a href="https://www.amazon.com/dp/B08LV1DHM7?tag=eloabder-20&linkCode=osi&th=1&psc=1">View Product</a></div><div class="product"><a href="https://www.amazon.com/dp/B07RNHX8GZ?tag=eloabder-20&linkCode=osi&th=1&psc=1"><img src="https://m.media-amazon.com/images/I/51LdlT0J20L._SL500_.jpg" alt="Product Image"></a><p>Bright Creations Corrugated Cardboard Paper Sheets (8.5 x 11 in, Black, 48-Pack)</p><p>$16.99 ($0.35 / Count)</p><a href="https://www.amazon.com/dp/B07RNHX8GZ?tag=eloabder-20&linkCode=osi&th=1&psc=1">View Product</a></div><div class="product"><a href="https://www.amazon.com/dp/B07GZHK7KC?tag=eloabder-20&linkCode=osi&th=1&psc=1"><img src="https://m.media-amazon.com/images/I/51LbINh9qtL._SL500_.jpg" alt="Product Image"></a><p>64 Pack Colored Corrugated Cardboard Sheets for Crafts, Art Projects, DIY Signs, 8 Bright Colors (8.3 x 11.8 in)</p><p>$19.99 ($0.31 / Count)</p><a href="https://www.amazon.com/dp/B07GZHK7KC?tag=eloabder-20&linkCode=osi&th=1&psc=1">View Product</a></div><div class="product"><a href="https://www.amazon.com/dp/B08LV1FW8M?tag=eloabder-20&linkCode=osi&th=1&psc=1"><img src="https://m.media-amazon.com/images/I/41glvw8zT3L._SL500_.jpg" alt="Product Image"></a><p>uxcell 10pcs Corrugated Cardboard Paper Sheets,White,7.87-inch x 11.86-inch,for Craft and DIY Projects</p><p>$9.49 ($0.95 / Count)</p><a href="https://www.amazon.com/dp/B08LV1FW8M?tag=eloabder-20&linkCode=osi&th=1&psc=1">View Product</a></div><div class="product"><a href="https://www.amazon.com/dp/B071KP3K72?tag=eloabder-20&linkCode=osi&th=1&psc=1"><img src="https://m.media-amazon.com/images/I/41Dr9t+PB8L._SL500_.jpg" alt="Product Image"></a><p>Corobuff Corrugated Paper, Brite Blue, 48" x 25', 1 Roll</p><p>$38.52</p><a href="https://www.amazon.com/dp/B071KP3K72?tag=eloabder-20&linkCode=osi&th=1&psc=1">View Product</a></div><div class="product"><a href="https://www.amazon.com/dp/B09TB1LKLG?tag=eloabder-20&linkCode=osi&th=1&psc=1"><img src="https://m.media-amazon.com/images/I/31ttSeubU9L._SL500_.jpg" alt="Product Image"></a><p>MECCANIXITY Corrugated Paper Sheets 25pcs 11.8-inch x 7.87-inch White Cardboard for DIY Craft</p><p>$13.99</p><a href="https://www.amazon.com/dp/B09TB1LKLG?tag=eloabder-20&linkCode=osi&th=1&psc=1">View Product</a></div><div class="product"><a href="https://www.amazon.com/dp/B0C372CGHG?tag=eloabder-20&linkCode=osi&th=1&psc=1"><img src="https://m.media-amazon.com/images/I/41EDnL7EWDL._SL500_.jpg" alt="Product Image"></a><p>DMiotech 5 Pack 7.87x11.81 Inch Corrugated Cardboard Paper Sheets DIY Projects Black for Box Making, Cards, Scrapbooks</p><p>$6.99 ($1.40 / Count)</p><a href="https://www.amazon.com/dp/B0C372CGHG?tag=eloabder-20&linkCode=osi&th=1&psc=1">View Product</a></div>
<div class="product"><a href="https://www.amazon.com/dp/B08PBJSDSH?tag=eloabder-20&linkCode=osi&th=1&psc=1"><img src="https://m.media-amazon.com/images/I/41pj8xbkfyL._SL500_.jpg" alt="Product Image"></a><p>100 Pieces Cotton Spun Paper Balls White Natural Spun Cotton Paper Balls Coloring Paper Balls for Making Paper Flowers DIY Crafts Decorations</p><p>$9.49</p><a href="https://www.amazon.com/dp/B08PBJSDSH?tag=eloabder-20&linkCode=osi&th=1&psc=1">View Product</a></div><div class="product"><a href="https://www.amazon.com/dp/B083W75XRT?tag=eloabder-20&linkCode=osi&th=1&psc=1"><img src="https://m.media-amazon.com/images/I/41C8TlFRJvL._SL500_.jpg" alt="Product Image"></a><p>Lia Griffith Cotton Spun Paper Balls, White, 20mm, 24 Count</p><p>$11.30 ($0.47 / Count)</p><a href="https://www.amazon.com/dp/B083W75XRT?tag=eloabder-20&linkCode=osi&th=1&psc=1">View Product</a></div>
<div class="product"><a href="https://www.amazon.com/dp/B0B1J8TYT1?tag=eloabder-20&linkCode=osi&th=1&psc=1"><img src="https://m.media-amazon.com/images/I/41NdyrANVlL._SL500_.jpg" alt="Product Image"></a><p>HOTGODEN Medium Weight 100% Cotton Muslin Fabric: 63 inch x 2,5,10 Yards Unbleached Muslin Linen Fabric Material for Sewing Material Apparel Cloth</p><p>$12.99</p><a href="https://www.amazon.com/dp/B0B1J8TYT1?tag=eloabder-20&linkCode=osi&th=1&psc=1">View Product</a></div><div class="product"><a href="https://www.amazon.com/dp/B0B9HHD1QM?tag=eloabder-20&linkCode=osi&th=1&psc=1"><img src="https://m.media-amazon.com/images/I/313O1FHX2vL._SL500_.jpg" alt="Product Image"></a><p>Craftido-19 Options-100% Cotton Fabric by The yard in Solid Color 44”Wide by 3yd (9 ft) -Medium Weight 5.2 oz- for Quilting, Sewing, Crafts, Binding, Backing and Lining - White</p><p>$22.99</p><a href="https://www.amazon.com/dp/B0B9HHD1QM?tag=eloabder-20&linkCode=osi&th=1&psc=1">View Product</a></div><div class="product"><a href="https://www.amazon.com/dp/B0BHVMLTWV?tag=eloabder-20&linkCode=osi&th=1&psc=1"><img src="https://m.media-amazon.com/images/I/21vOg9h0nXL._SL500_.jpg" alt="Product Image"></a><p>HOTGODEN Light Weight 100% Cotton Muslin Fabric: 63 inch x 2,5,10 Yards Unbleached Muslin Linen Fabric Material for Sewing Material Apparel Cloth</p><p>$12.99</p><a href="https://www.amazon.com/dp/B0BHVMLTWV?tag=eloabder-20&linkCode=osi&th=1&psc=1">View Product</a></div><div class="product"><a href="https://www.amazon.com/dp/B093BQ3GMM?tag=eloabder-20&linkCode=osi&th=1&psc=1"><img src="https://m.media-amazon.com/images/I/61UmpTb+DVS._SL500_.jpg" alt="Product Image"></a><p>42Pcs 10"x10" Quilting Cotton Fabric Squares Sheets Pre-Cut Multi-Color Design Printed Floral Craft Fabric for DIY Sewing Scrapbooking Quilting Craft Patchwork (Red/Pink/Yellow/Green/Blue/Purple)</p><p>$12.88</p><a href="https://www.amazon.com/dp/B093BQ3GMM?tag=eloabder-20&linkCode=osi&th=1&psc=1">View Product</a></div><div class="product"><a href="https://www.amazon.com/dp/B08DTBZTFC?tag=eloabder-20&linkCode=osi&th=1&psc=1"><img src="https://m.media-amazon.com/images/I/41NKhg34TpL._SL500_.jpg" alt="Product Image"></a><p>Master FAB -Black 100% Cotton Fabric by The Yard for Sewing DIY Crafting Fashion Design Washable Cloth Bundles Voile;Full Width cuttable39 x 55inches (100x140cm) (Black Solid)</p><p>$9.99</p><a href="https://www.amazon.com/dp/B08DTBZTFC?tag=eloabder-20&linkCode=osi&th=1&psc=1">View Product</a></div>
<div class="product"><a href="https://www.amazon.com/dp/B08TZZ7F3P?tag=eloabder-20&linkCode=osi&th=1&psc=1"><img src="https://m.media-amazon.com/images/I/41J8e8Zfz1S._SL500_.jpg" alt="Product Image"></a><p>Hdviai Macrame Cord - Natural Unbleached Macrame Rope - 4 Strand Twisted Cotton Rope for Wall Hanging，DIY Craft Making，Plant Hangers，Knotting Decorative Projects (White, 8mm x 20 Yards)</p><p>$9.99 ($0.17 / Foot)</p><a href="https://www.amazon.com/dp/B08TZZ7F3P?tag=eloabder-20&linkCode=osi&th=1&psc=1">View Product</a></div><div class="product"><a href="https://www.amazon.com/dp/B094Y2M3G5?tag=eloabder-20&linkCode=osi&th=1&psc=1"><img src="https://m.media-amazon.com/images/I/51C-4p5OSsS._SL500_.jpg" alt="Product Image"></a><p>SEMINI 100% Natural Cotton Cord,5mm x40 Yard Mixed Color Twine String Cord Colored Cotton Rope Craft Cord for DIY Crafts Knitting Plant Hangers Christmas Wedding Decorate (Mix Color)</p><p>$12.99</p><a href="https://www.amazon.com/dp/B094Y2M3G5?tag=eloabder-20&linkCode=osi&th=1&psc=1">View Product</a></div><div class="product"><a href="https://www.amazon.com/dp/B07NTT82FH?tag=eloabder-20&linkCode=osi&th=1&psc=1"><img src="https://m.media-amazon.com/images/I/41aw9F3nkmL._SL500_.jpg" alt="Product Image"></a><p>Feelmate 6mm x 164 Feet Cotton Rope Macrame Cord for Crafts Jewelry Making Home Decoration Gift Wrapping</p><p>$14.99 ($0.09 / Foot)</p><a href="https://www.amazon.com/dp/B07NTT82FH?tag=eloabder-20&linkCode=osi&th=1&psc=1">View Product</a></div><div class="product"><a href="https://www.amazon.com/dp/B09KRYCT3B?tag=eloabder-20&linkCode=osi&th=1&psc=1"><img src="https://m.media-amazon.com/images/I/41H918apC-L._SL500_.jpg" alt="Product Image"></a><p>Natural Cotton Rope, JEUIHAU 328 Feet 1/4 Inch Cotton Clothesline Rope, All-Purpose Braided Cotton Rope Utility Cord for Clothes Hanging, Crafting, Macrame, Basket Making, and DIY Art Projects</p><p>$25.99 ($0.08 / Foot)</p><a href="https://www.amazon.com/dp/B09KRYCT3B?tag=eloabder-20&linkCode=osi&th=1&psc=1">View Product</a></div>
<div class="product"><a href="https://www.amazon.com/dp/B07RRD6TBN?tag=eloabder-20&linkCode=osi&th=1&psc=1"><img src="https://m.media-amazon.com/images/I/31YqtfxjDuL._SL500_.jpg" alt="Product Image"></a><p>Connecting Threads 100% Cotton Thread - 1200 Yard Spool (White)</p><p>$8.99</p><a href="https://www.amazon.com/dp/B07RRD6TBN?tag=eloabder-20&linkCode=osi&th=1&psc=1">View Product</a></div><div class="product"><a href="https://www.amazon.com/dp/B07G4N3HCZ?tag=eloabder-20&linkCode=osi&th=1&psc=1"><img src="https://m.media-amazon.com/images/I/413UnNketKL._SL500_.jpg" alt="Product Image"></a><p>2-Pack - Gutermann Natural Cotton Thread Solids 876 Yards Each - White (800C 5709)</p><p>$16.17 ($8.08 / Count)</p><a href="https://www.amazon.com/dp/B07G4N3HCZ?tag=eloabder-20&linkCode=osi&th=1&psc=1">View Product</a></div><div class="product"><a href="https://www.amazon.com/dp/B07RSFSYLY?tag=eloabder-20&linkCode=osi&th=1&psc=1"><img src="https://m.media-amazon.com/images/I/31dM1Mx2uIL._SL500_.jpg" alt="Product Image"></a><p>Connecting Threads 100% Cotton Essential Thread 5000 Yard Cone (White)</p><p>$16.99</p><a href="https://www.amazon.com/dp/B07RSFSYLY?tag=eloabder-20&linkCode=osi&th=1&psc=1">View Product</a></div><div class="product"><a href="https://www.amazon.com/dp/B074H1JTPK?tag=eloabder-20&linkCode=osi&th=1&psc=1"><img src="https://m.media-amazon.com/images/I/41tOL4rkfFL._SL500_.jpg" alt="Product Image"></a><p>Simthread 12 Multi Colors 100% Cotton Sewing Thread 50s/3 Thread for Quilting etc - 550 Yards Each 12C02</p><p>$21.99 ($0.00 / Foot)</p><a href="https://www.amazon.com/dp/B074H1JTPK?tag=eloabder-20&linkCode=osi&th=1&psc=1">View Product</a></div><div class="product"><a href="https://www.amazon.com/dp/B07RPCNYXW?tag=eloabder-20&linkCode=osi&th=1&psc=1"><img src="https://m.media-amazon.com/images/I/41iUqMPb-gL._SL500_.jpg" alt="Product Image"></a><p>Connecting Threads 100% Cotton Thread - 1200 Yard Spool (Red)</p><p>$8.99</p><a href="https://www.amazon.com/dp/B07RPCNYXW?tag=eloabder-20&linkCode=osi&th=1&psc=1">View Product</a></div>
<div class="product"><a href="https://www.amazon.com/dp/B09SL5LT8W?tag=eloabder-20&linkCode=osi&th=1&psc=1"><img src="https://m.media-amazon.com/images/I/512Dhz0oTrL._SL500_.jpg" alt="Product Image"></a><p>B-7000 Glue Clear for Rhinestone Crafts, Jewelry and Bead Adhesive B7000 Semi Fluid High Viscosity Glues for Clothes Shoes Fabric Cell Phones Screen Repair Metal Stone Nail Art Glass (4x15 ml/0.5 oz)</p><p>$5.45</p><a href="https://www.amazon.com/dp/B09SL5LT8W?tag=eloabder-20&linkCode=osi&th=1&psc=1">View Product</a></div><div class="product"><a href="https://www.amazon.com/dp/B00178KLEY?tag=eloabder-20&linkCode=osi&th=1&psc=1"><img src="https://m.media-amazon.com/images/I/31wcgL5xRkL._SL500_.jpg" alt="Product Image"></a><p>Aleene's All Purpose Tacky Glue, 8-Ounce</p><p>$2.44 ($0.30 / Fl Oz)</p><a href="https://www.amazon.com/dp/B00178KLEY?tag=eloabder-20&linkCode=osi&th=1&psc=1">View Product</a></div><div class="product"><a href="https://www.amazon.com/dp/B088NN5GD8?tag=eloabder-20&linkCode=osi&th=1&psc=1"><img src="https://m.media-amazon.com/images/I/417dgxV3dfL._SL500_.jpg" alt="Product Image"></a><p>Bearly Art Precision Craft Glue - The Mini - 2fl oz with Tip Kit - Acid Free Archival - Strong Hold Adhesive - Ideal for Fine Paper Crafting Scrapbooking and Card Making - Made in USA</p><p>$12.99</p><a href="https://www.amazon.com/dp/B088NN5GD8?tag=eloabder-20&linkCode=osi&th=1&psc=1">View Product</a></div><div class="product"><a href="https://www.amazon.com/dp/B000BY6THS?tag=eloabder-20&linkCode=osi&th=1&psc=1"><img src="https://m.media-amazon.com/images/I/41WhjtET6sL._SL500_.jpg" alt="Product Image"></a><p>Aleene's Clear Gel Tacky Glue 4oz</p><p>$2.33</p><a href="https://www.amazon.com/dp/B000BY6THS?tag=eloabder-20&linkCode=osi&th=1&psc=1">View Product</a></div><div class="product"><a href="https://www.amazon.com/dp/B00KD6ZHA4?tag=eloabder-20&linkCode=osi&th=1&psc=1"><img src="https://m.media-amazon.com/images/I/31oecXt0Q+L._SL500_.jpg" alt="Product Image"></a><p>Aleene's Gel Glue, 8-Ounce, Clear</p><p>$4.44 ($0.56 / Fl Oz)</p><a href="https://www.amazon.com/dp/B00KD6ZHA4?tag=eloabder-20&linkCode=osi&th=1&psc=1">View Product</a></div><div class="product"><a href="https://www.amazon.com/dp/B07Y6RWHP1?tag=eloabder-20&linkCode=osi&th=1&psc=1"><img src="https://m.media-amazon.com/images/I/41B6C8VaOWL._SL500_.jpg" alt="Product Image"></a><p>Bearly Art Precision Craft Glue - The Original - 4fl oz - Tip Kit Included - Dries Clear - Metal Tip - Wrinkle Resistant - Flexible and Crack Resistant - Strong Hold Adhesive - Made in USA</p><p>$19.99 ($5.00 / Fl Oz)</p><a href="https://www.amazon.com/dp/B07Y6RWHP1?tag=eloabder-20&linkCode=osi&th=1&psc=1">View Product</a></div><div class="product"><a href="https://www.amazon.com/dp/B0D1BYTYWD?tag=eloabder-20&linkCode=osi&th=1&psc=1"><img src="https://m.media-amazon.com/images/I/41P6pr3DnTL._SL500_.jpg" alt="Product Image"></a><p>Joez Wonderful 6 Sheets Foam Adhesive Squares, 990pcs Total Double Sided Self Adhesive Dots, Precut Squares Strips Foam Tape for DIY Arts & Crafts, 2 Sizes (0.47in/12mm, 0.24in/6mm)</p><p>$5.59</p><a href="https://www.amazon.com/dp/B0D1BYTYWD?tag=eloabder-20&linkCode=osi&th=1&psc=1">View Product</a></div><div class="product"><a href="https://www.amazon.com/dp/B001683NAO?tag=eloabder-20&linkCode=osi&th=1&psc=1"><img src="https://m.media-amazon.com/images/I/31cwr-m138L._SL500_.jpg" alt="Product Image"></a><p>BEACON 3-in-1 Advanced Craft Glue - Fast-Drying, Crystal Clear Adhesive for Wood, Ceramics, Fabrics, and More, 4-Ounce</p><p>$8.99 ($2.25 / Fl Oz)</p><a href="https://www.amazon.com/dp/B001683NAO?tag=eloabder-20&linkCode=osi&th=1&psc=1">View Product</a></div><div class="product"><a href="https://www.amazon.com/dp/B0C5CB2KCT?tag=eloabder-20&linkCode=osi&th=1&psc=1"><img src="https://m.media-amazon.com/images/I/51GvFpuq9BL._SL500_.jpg" alt="Product Image"></a><p>B-7000 Craft Glue for Jewelry Making - 15ml/0.5oz (2 Pack) - Multi-Function B-7000 Super Adhesive Glues Liquid Fusion Glue for Rhinestones Crafts, Clothes Shoes, Fabric, Jewelry Making, Cell Phones</p><p>$5.99</p><a href="https://www.amazon.com/dp/B0C5CB2KCT?tag=eloabder-20&linkCode=osi&th=1&psc=1">View Product</a></div><div class="product"><a href="https://www.amazon.com/dp/B0011N832C?tag=eloabder-20&linkCode=osi&th=1&psc=1"><img src="https://m.media-amazon.com/images/I/41VYA3-u1QL._SL500_.jpg" alt="Product Image"></a><p>Glue Dots, Craft Dots, Double-Sided, 1/2", .5 Inch, 200 Dots, DIY Craft Glue Tape, Sticky Adhesive Glue Points, Liquid Hot Glue Alternative, Clear</p><p>$4.88 ($0.02 / Count)</p><a href="https://www.amazon.com/dp/B0011N832C?tag=eloabder-20&linkCode=osi&th=1&psc=1">View Product</a></div>
<div class="product"><a href="https://www.amazon.com/dp/B07V3HLBVF?tag=eloabder-20&linkCode=osi&th=1&psc=1"><img src="https://m.media-amazon.com/images/I/41siDRjPEoL._SL500_.jpg" alt="Product Image"></a><p>bagmad 100 Pack 8x4.75x10 inch Plain Medium Paper Bags with Handles Bulk, Brown Kraft Bags, Craft Gift Bags, Grocery Shopping Retail Bags, Birthday Party Favors Wedding Bags Sacks (Brown, 100pcs)</p><p>$26.46 ($0.26 / Count)</p><a href="https://www.amazon.com/dp/B07V3HLBVF?tag=eloabder-20&linkCode=osi&th=1&psc=1">View Product</a></div><div class="product"><a href="https://www.amazon.com/dp/B07MLM81VG?tag=eloabder-20&linkCode=osi&th=1&psc=1"><img src="https://m.media-amazon.com/images/I/31j9z9qZ3mL._SL500_.jpg" alt="Product Image"></a><p>Qutuus Kraft Paper Bags with Handles Bulk 8x4.5x10 100 pcs Brown Paper Gift Bags Bulk Medium Size Kraft Bags, Brown Bags, Shopping Bags, Retail Bags, Craft Bags for Small Business</p><p>$25.99</p><a href="https://www.amazon.com/dp/B07MLM81VG?tag=eloabder-20&linkCode=osi&th=1&psc=1">View Product</a></div><div class="product"><a href="https://www.amazon.com/dp/B0CJ8PHN2Z?tag=eloabder-20&linkCode=osi&th=1&psc=1"><img src="https://m.media-amazon.com/images/I/41e7VEiBNIL._SL500_.jpg" alt="Product Image"></a><p>100 Pack 5.8x3.2x8.25 Inch Brown Kraft Paper Gift Bags with Handles - Bulk Small Plain Natural Bags for Birthday Party Favors, Grocery, Retail Shopping, Wedding, Craft, Goody, Takeouts, and Business</p><p>$18.99</p><a href="https://www.amazon.com/dp/B0CJ8PHN2Z?tag=eloabder-20&linkCode=osi&th=1&psc=1">View Product</a></div><div class="product"><a href="https://www.amazon.com/dp/B0BWMY43TD?tag=eloabder-20&linkCode=osi&th=1&psc=1"><img src="https://m.media-amazon.com/images/I/41FVul0hWRL._SL500_.jpg" alt="Product Image"></a><p>Brothersbox Brown Paper Bags with Handles Bulk 100PCS Kraft Paper Bags, 8 * 4.76 * 10 Inch Medium Craft Paper Gift Bags for Birthday Party Grocery Retail Shopping Business</p><p>$24.99</p><a href="https://www.amazon.com/dp/B0BWMY43TD?tag=eloabder-20&linkCode=osi&th=1&psc=1">View Product</a></div><div class="product"><a href="https://www.amazon.com/dp/B0C13GRG4D?tag=eloabder-20&linkCode=osi&th=1&psc=1"><img src="https://m.media-amazon.com/images/I/41L33B24HtL._SL500_.jpg" alt="Product Image"></a><p>Toovip 90 Pack Plain Brown Kraft Paper Bags with Handles Bulk, Multiple 3 Assorted Sizes Gift Bags for Favors Grocery Retail Party Birthday Shopping Business Goody Craft Merchandise Take Out Sacks</p><p>$26.99 ($0.30 / Count)</p><a href="https://www.amazon.com/dp/B0C13GRG4D?tag=eloabder-20&linkCode=osi&th=1&psc=1">View Product</a></div><div class="product"><a href="https://www.amazon.com/dp/B09Z2N3QKT?tag=eloabder-20&linkCode=osi&th=1&psc=1"><img src="https://m.media-amazon.com/images/I/416VQ3Ke3PL._SL500_.jpg" alt="Product Image"></a><p>Moretoes 40pcs Brown Paper Bags with Handles Assorted Size Gift Bags, Kraft Paper Bags, Paper Shopping Bags, Craft Bags, Merchandise Bags</p><p>$20.99</p><a href="https://www.amazon.com/dp/B09Z2N3QKT?tag=eloabder-20&linkCode=osi&th=1&psc=1">View Product</a></div><div class="product"><a href="https://www.amazon.com/dp/B0CHMTKBWS?tag=eloabder-20&linkCode=osi&th=1&psc=1"><img src="https://m.media-amazon.com/images/I/31QBYQW7LOL._SL500_.jpg" alt="Product Image"></a><p>Oikss 100 Pack 10x5x13 Plain Natural Brown Kraft Paper Bags with Handles Bulk for Birthday Party Favors Grocery Retail Shopping Business Goody Recycled Craft Gift Bags (Large Size, 100 Count)</p><p>$30.99</p><a href="https://www.amazon.com/dp/B0CHMTKBWS?tag=eloabder-20&linkCode=osi&th=1&psc=1">View Product</a></div><div class="product"><a href="https://www.amazon.com/dp/B0CRD6RXP3?tag=eloabder-20&linkCode=osi&th=1&psc=1"><img src="https://m.media-amazon.com/images/I/51lEnA2mgNL._SL500_.jpg" alt="Product Image"></a><p>XPCARE 100Pack Brown Paper Bags 8x4.5x10 Inch, Plain Medium Paper Bags with Handles Bulk, Kraft Paper Gift Bags, Retail Bags, Party Bags, Shopping Bags, Favor Bags</p><p>$19.99</p><a href="https://www.amazon.com/dp/B0CRD6RXP3?tag=eloabder-20&linkCode=osi&th=1&psc=1">View Product</a></div><div class="product"><a href="https://www.amazon.com/dp/B07V3J3Y5V?tag=eloabder-20&linkCode=osi&th=1&psc=1"><img src="https://m.media-amazon.com/images/I/41wn1f3QStL._SL500_.jpg" alt="Product Image"></a><p>bagmad 100 Pack 5.25x3.25x8 inch Brown Small Paper Bags with Handles Bulk, Gift Paper Bags, Kraft Birthday Party Favors Grocery Retail Shopping Craft Bags Takeouts Business (Plain Natural 100pcs)</p><p>$20.99 ($0.21 / Count)</p><a href="https://www.amazon.com/dp/B07V3J3Y5V?tag=eloabder-20&linkCode=osi&th=1&psc=1">View Product</a></div><div class="product"><a href="https://www.amazon.com/dp/B09HBN5248?tag=eloabder-20&linkCode=osi&th=1&psc=1"><img src="https://m.media-amazon.com/images/I/41iWymlepRL._SL500_.jpg" alt="Product Image"></a><p>Oikss 100 Pack 5.25x3.25x8.25 Inch Small Plain Natural Paper Kraft Gift Bags with Handles Bulk for Birthday Party Favors Grocery Retail Shopping Business Goody Craft Bags Cub (Brown 100 Count)</p><p>$20.99 ($0.21 / Count)</p><a href="https://www.amazon.com/dp/B09HBN5248?tag=eloabder-20&linkCode=osi&th=1&psc=1">View Product</a></div>
<div class="product"><a href="https://www.amazon.com/dp/B09C1YL7RQ?tag=eloabder-20&linkCode=osi&th=1&psc=1"><img src="https://m.media-amazon.com/images/I/615lFU8obCL._SL500_.jpg" alt="Product Image"></a><p>1000+ pcs Pony Beads, Multi-Colored Bracelet Beads for Hair Braids, Crafts, Plastic Beads (Medium Pack, Classic)…</p><p>$6.99 ($0.01 / Count)</p><a href="https://www.amazon.com/dp/B09C1YL7RQ?tag=eloabder-20&linkCode=osi&th=1&psc=1">View Product</a></div>
<div class="product"><a href="https://www.amazon.com/dp/B0C1RC5Y7F?tag=eloabder-20&linkCode=osi&th=1&psc=1"><img src="https://m.media-amazon.com/images/I/41Sf-YEnE+L._SL500_.jpg" alt="Product Image"></a><p>PerkHomy Brown Kraft Paper Roll 17.5" x 1,200" (100') for Gift Wrapping Bulletin Board Kids Craft Art Bouquet Flower Packing Moving Shipping Floor Covering Table 70GSM 50LB (Brown, 17.5" x 100')</p><p>$5.98</p><a href="https://www.amazon.com/dp/B0C1RC5Y7F?tag=eloabder-20&linkCode=osi&th=1&psc=1">View Product</a></div>
<div class="product"><a href="https://www.amazon.com/dp/B0044SA67G?tag=eloabder-20&linkCode=osi&th=1&psc=1"><img src="https://m.media-amazon.com/images/I/51UEqn6-w3L._SL500_.jpg" alt="Product Image"></a><p>Hygloss Products - 77640 Colorful Blank Books – Books for Journaling, Sketching, Writing & More – Great for Arts & Crafts - 10 Assorted Bright, Fun Colors - Pocket-Size - 4.25 x 5.5 Inches - 10 Pack</p><p>$8.18 ($0.82 / Count)</p><a href="https://www.amazon.com/dp/B0044SA67G?tag=eloabder-20&linkCode=osi&th=1&psc=1">View Product</a></div><div class="product"><a href="https://www.amazon.com/dp/B09WQCHK3M?tag=eloabder-20&linkCode=osi&th=1&psc=1"><img src="https://m.media-amazon.com/images/I/61JMYPiYGRL._SL500_.jpg" alt="Product Image"></a><p>Aigybobo Origami Paper Set, 308PCS Kids Craft Paper Kit with Instructional Book for Girls Age 6,7,8,9,10,11,12, Art Projects Supplies for School Class Craft Lessons- Christmas Gifts for Boys&Girls</p><p>$12.99</p><a href="https://www.amazon.com/dp/B09WQCHK3M?tag=eloabder-20&linkCode=osi&th=1&psc=1">View Product</a></div><div class="product"><a href="https://www.amazon.com/dp/B00I7E56NC?tag=eloabder-20&linkCode=osi&th=1&psc=1"><img src="https://m.media-amazon.com/images/I/21cxSReF5yL._SL500_.jpg" alt="Product Image"></a><p>Hygloss Products White Blank Books – Great Books for Journaling, Sketching, Writing & More – Fun for Arts & Crafts - Pocket-size - 4.25 x 5.5 Inches - 10 Pack</p><p>$13.00</p><a href="https://www.amazon.com/dp/B00I7E56NC?tag=eloabder-20&linkCode=osi&th=1&psc=1">View Product</a></div><div class="product"><a href="https://www.amazon.com/dp/B07YGRCXVT?tag=eloabder-20&linkCode=osi&th=1&psc=1"><img src="https://m.media-amazon.com/images/I/51Oxy0SqbES._SL500_.jpg" alt="Product Image"></a><p>Origami Paper | 350 Origami Paper Kit | Set Includes - 300 Sheets 20 Colors 6x6 | 50 Traditional Japanese Patterns | Origami Book 25 Easy Colored Projects | Kids Crafts | Christmas Gifts for boys 8-12</p><p>$17.99</p><a href="https://www.amazon.com/dp/B07YGRCXVT?tag=eloabder-20&linkCode=osi&th=1&psc=1">View Product</a></div><div class="product"><a href="https://www.amazon.com/dp/B07VDCVN3T?tag=eloabder-20&linkCode=osi&th=1&psc=1"><img src="https://m.media-amazon.com/images/I/516u8vopNML._SL500_.jpg" alt="Product Image"></a><p>Gamenote Colorful Origami Kit for Kids 54 Projects 120 Double Sided Origami Paper 12 Sheets Practice Papers Instructional Origami Book Origami Gift for 4+ Girls Boys Adult Beginners Training Craft</p><p>$11.99</p><a href="https://www.amazon.com/dp/B07VDCVN3T?tag=eloabder-20&linkCode=osi&th=1&psc=1">View Product</a></div>



<div class="product"><a href="https://www.amazon.com/dp/B01GCLS32M?tag=eloabder-20&linkCode=osi&th=1&psc=1"><img src="https://m.media-amazon.com/images/I/51xf1ALKGyL._SL500_.jpg" alt="Product Image"></a><p>42pcs Felt Fabric Sheet 4"x4" Assorted Color DIY Craft Squares Nonwoven 1mm Thick</p><p>$6.68</p><a href="https://www.amazon.com/dp/B01GCLS32M?tag=eloabder-20&linkCode=osi&th=1&psc=1">View Product</a></div><div class="product"><a href="https://www.amazon.com/dp/B0CY56NFL7?tag=eloabder-20&linkCode=osi&th=1&psc=1"><img src="https://m.media-amazon.com/images/I/51jZtTDxNCL._SL500_.jpg" alt="Product Image"></a><p>XSEINO 12 Rolls 8"x35"(20.5x90cm) 1.4mm Thick Soft Felt Fabric Sheet 12 Assorted Colors Felt Pack for DIY Craft Sewing Squares Nonwoven Patchwork</p><p>$11.99</p><a href="https://www.amazon.com/dp/B0CY56NFL7?tag=eloabder-20&linkCode=osi&th=1&psc=1">View Product</a></div><div class="product"><a href="https://www.amazon.com/dp/B07VHMT14L?tag=eloabder-20&linkCode=osi&th=1&psc=1"><img src="https://m.media-amazon.com/images/I/61DSrnEAvjL._SL500_.jpg" alt="Product Image"></a><p>150Pcs 4" x 4" (10cm x 10cm) Cotton Craft Fabric Bundle Squares,Squares Sheets Patchwork,Pre-Cut Quilt Squares,DIY Sewing Quarters Bundle,Quilting Fabric Bundles</p><p>$9.99</p><a href="https://www.amazon.com/dp/B07VHMT14L?tag=eloabder-20&linkCode=osi&th=1&psc=1">View Product</a></div><div class="product"><a href="https://www.amazon.com/dp/B08GJHYMGN?tag=eloabder-20&linkCode=osi&th=1&psc=1"><img src="https://m.media-amazon.com/images/I/51wD1FT1eeL._SL500_.jpg" alt="Product Image"></a><p>50pcs 8 x 8 inches Multicolor Cotton Fabric Bundle Squares for Quilting Sewing, Precut Fabric Squares for Craft Patchwork</p><p>$13.77</p><a href="https://www.amazon.com/dp/B08GJHYMGN?tag=eloabder-20&linkCode=osi&th=1&psc=1">View Product</a></div><div class="product"><a href="https://www.amazon.com/dp/B0C6K98T96?tag=eloabder-20&linkCode=osi&th=1&psc=1"><img src="https://m.media-amazon.com/images/I/51M-+hitpAL._SL500_.jpg" alt="Product Image"></a><p>42pcs 6 x 6 inches Felt Fabric Sheets - Fabrics DIY Craftwork Sewing Patchwork, Felt Crafts Assorted Colour Polyester Felt Sheet for Art and Craft</p><p>$4.99</p><a href="https://www.amazon.com/dp/B0C6K98T96?tag=eloabder-20&linkCode=osi&th=1&psc=1">View Product</a></div><div class="product"><a href="https://www.amazon.com/dp/B0C9BYD9ND?tag=eloabder-20&linkCode=osi&th=1&psc=1"><img src="https://m.media-amazon.com/images/I/418r7XqmEKL._SL500_.jpg" alt="Product Image"></a><p>40Pcs Felt Fabric Sheets - 4x4 inch DIY Craft Felt, 1mm Thick Non-Woven Patchwork Material for School Projects & Decoration - 40 Assorted Colors (10 x 10cm)</p><p>$4.99</p><a href="https://www.amazon.com/dp/B0C9BYD9ND?tag=eloabder-20&linkCode=osi&th=1&psc=1">View Product</a></div><div class="product"><a href="https://www.amazon.com/dp/B0BWRN4RHP?tag=eloabder-20&linkCode=osi&th=1&psc=1"><img src="https://m.media-amazon.com/images/I/51HHQcV3njL._SL500_.jpg" alt="Product Image"></a><p>Large Stiff Felt Sheets Bundle: LOTOFUN 10pcs 8x35Inch Assorted Rainbow Color Felts Sheet for Kids Crafts Squares Nonwoven Patchwork DIY Sewing</p><p>$11.99</p><a href="https://www.amazon.com/dp/B0BWRN4RHP?tag=eloabder-20&linkCode=osi&th=1&psc=1">View Product</a></div>
<div class="product"><a href="https://www.amazon.com/dp/B003U6QIUC?tag=eloabder-20&linkCode=osi&th=1&psc=1"><img src="https://m.media-amazon.com/images/I/51PyPJgIPlL._SL500_.jpg" alt="Product Image"></a><p>School Smart 85836 Maribu Feathers - 1/2 Ounce - Set of 150 - Assorted Colors</p><p>$3.52</p><a href="https://www.amazon.com/dp/B003U6QIUC?tag=eloabder-20&linkCode=osi&th=1&psc=1">View Product</a></div>
<div class="product"><a href="https://www.amazon.com/dp/B089DPDYKV?tag=eloabder-20&linkCode=osi&th=1&psc=1"><img src="https://m.media-amazon.com/images/I/51L58by1dXL._SL500_.jpg" alt="Product Image"></a><p>Better Office Products 100 Pack EVA Foam Sheets, 5.5 x 8.5 Inch, Assorted Colors (20 Colors), 2mm Thick, for Arts and Crafts, 100 Sheets</p><p>$13.99 ($0.14 / Count)</p><a href="https://www.amazon.com/dp/B089DPDYKV?tag=eloabder-20&linkCode=osi&th=1&psc=1">View Product</a></div><div class="product"><a href="https://www.amazon.com/dp/B08YXYN327?tag=eloabder-20&linkCode=osi&th=1&psc=1"><img src="https://m.media-amazon.com/images/I/41VfV+-ZFTL._SL500_.jpg" alt="Product Image"></a><p>EVA Foam Cosplay - 2mm (1mm to 10mm) - Black or White - 14" x 39" Sheet - Ultra High Density Craft Foam 85 kg/m3 - by The Foamory</p><p>$14.99</p><a href="https://www.amazon.com/dp/B08YXYN327?tag=eloabder-20&linkCode=osi&th=1&psc=1">View Product</a></div><div class="product"><a href="https://www.amazon.com/dp/B0CMTJDYRN?tag=eloabder-20&linkCode=osi&th=1&psc=1"><img src="https://m.media-amazon.com/images/I/310JuSzt+mL._SL500_.jpg" alt="Product Image"></a><p>Do²ping White Foam Sheets Crafts, 8.5x5.5 Inch Eva Craft Foam Paper for Crafts Project Classroom Scrapbook DIY Cosplay (White-10 Sheets)</p><p>$4.89 ($0.49 / Count)</p><a href="https://www.amazon.com/dp/B0CMTJDYRN?tag=eloabder-20&linkCode=osi&th=1&psc=1">View Product</a></div><div class="product"><a href="https://www.amazon.com/dp/B0C8B6N9TG?tag=eloabder-20&linkCode=osi&th=1&psc=1"><img src="https://m.media-amazon.com/images/I/51j0TiXHCTL._SL500_.jpg" alt="Product Image"></a><p>120 Pack EVA Foam Sheets, 8 x 6 Inch, 1mm Thick, Assorted 15 Colors Craft Foam Paper for School Supply and DIY Handcraft Projects</p><p>$15.99 ($0.13 / Count)</p><a href="https://www.amazon.com/dp/B0C8B6N9TG?tag=eloabder-20&linkCode=osi&th=1&psc=1">View Product</a></div>
<div class="product"><a href="https://www.amazon.com/dp/B01EK7LGH4?tag=eloabder-20&linkCode=osi&th=1&psc=1"><img src="https://m.media-amazon.com/images/I/41Xx+D+j6XL._SL500_.jpg" alt="Product Image"></a><p>Aleene's 3 Pack, 8 oz Tacky Glue, 8 FL OZ, Original Version 3 Count</p><p>$11.17 ($0.47 / Fl Oz)</p><a href="https://www.amazon.com/dp/B01EK7LGH4?tag=eloabder-20&linkCode=osi&th=1&psc=1">View Product</a></div><div class="product"><a href="https://www.amazon.com/dp/B0D59G56SG?tag=eloabder-20&linkCode=osi&th=1&psc=1"><img src="https://m.media-amazon.com/images/I/41BsDwUSwdL._SL500_.jpg" alt="Product Image"></a><p>4oz Craft Glue & Precision Tips, Strong Tacky Glue, Craft Glue Bottles with Fine Tip, Craft Glue Dry Clear, Fabric Glue Permanent for Paper Crafting Scrapbooking/Card Making/Etc</p><p>$8.58</p><a href="https://www.amazon.com/dp/B0D59G56SG?tag=eloabder-20&linkCode=osi&th=1&psc=1">View Product</a></div><div class="product"><a href="https://www.amazon.com/dp/B004DNX6EW?tag=eloabder-20&linkCode=osi&th=1&psc=1"><img src="https://m.media-amazon.com/images/I/51RkAeJv5hL._SL500_.jpg" alt="Product Image"></a><p>ELMERS CraftBond Extra Strength Glue Sticks, 6 Grams, 4 Count</p><p>$9.89 ($2.47 / Count)</p><a href="https://www.amazon.com/dp/B004DNX6EW?tag=eloabder-20&linkCode=osi&th=1&psc=1">View Product</a></div>
<div class="product"><a href="https://www.amazon.com/dp/B01ELWWX98?tag=eloabder-20&linkCode=osi&th=1&psc=1"><img src="https://m.media-amazon.com/images/I/51g67GhksOL._SL500_.jpg" alt="Product Image"></a><p>Maybe Swearing Will Help Adult Coloring Book Set - for Adults Relaxation with Markers in a Case - Motivational Swear Word Anxiety Relief - Color Cuss & Laugh Your Way to Less Stress</p><p>$24.99</p><a href="https://www.amazon.com/dp/B01ELWWX98?tag=eloabder-20&linkCode=osi&th=1&psc=1">View Product</a></div><div class="product"><a href="https://www.amazon.com/dp/B09X1YX59W?tag=eloabder-20&linkCode=osi&th=1&psc=1"><img src="https://m.media-amazon.com/images/I/61Cr68venIL._SL500_.jpg" alt="Product Image"></a><p>Hula Home Stained Glass Mandala Art Kit - DIY Window Clings with Markers, 10 Suncatchers - Perfect Hobby for Adults, Kids, Teens & Seniors - Ideal Gift for Beginners, Women & Elderly</p><p>$15.99</p><a href="https://www.amazon.com/dp/B09X1YX59W?tag=eloabder-20&linkCode=osi&th=1&psc=1">View Product</a></div><div class="product"><a href="https://www.amazon.com/dp/B0CGD74KX7?tag=eloabder-20&linkCode=osi&th=1&psc=1"><img src="https://m.media-amazon.com/images/I/51rNpMlv3wL._SL500_.jpg" alt="Product Image"></a><p>Shimmer Markers Outline Double Line: 12 Colors Metallic Glitter Pens Set Sparkle Kid Age 4 8 10 14 16 Year Old Gift Doodle Drawing Supplies Art Craft Teen Girl Cute Stuff Mother's Day Basket Ideas</p><p>$9.99</p><a href="https://www.amazon.com/dp/B0CGD74KX7?tag=eloabder-20&linkCode=osi&th=1&psc=1">View Product</a></div>

<div class="product"><a href="https://www.amazon.com/dp/B08395C5GC?tag=eloabder-20&linkCode=osi&th=1&psc=1"><img src="https://m.media-amazon.com/images/I/61OgJOjMgQL._SL500_.jpg" alt="Product Image"></a><p>hapray Origami Kit 144 sheets Origami Paper for Kids 72 Patterns with Craft Guiding Book</p><p>$13.97</p><a href="https://www.amazon.com/dp/B08395C5GC?tag=eloabder-20&linkCode=osi&th=1&psc=1">View Product</a></div><div class="product"><a href="https://www.amazon.com/dp/B098WP659T?tag=eloabder-20&linkCode=osi&th=1&psc=1"><img src="https://m.media-amazon.com/images/I/61D4gTo+S1L._SL500_.jpg" alt="Product Image"></a><p>pigipigi Craft Origami Paper for Kids - 208 Sheets Vivid Colorful Folding Papers 54 Patterns Art Projects Kit for 5 6 7 8 9 10 11 12 Years Old Girl Boy Teen Birthday Gift Preschool Educational Toy</p><p>$11.99</p><a href="https://www.amazon.com/dp/B098WP659T?tag=eloabder-20&linkCode=osi&th=1&psc=1">View Product</a></div>
<div class="product"><a href="https://www.amazon.com/dp/B08TWGWRG4?tag=eloabder-20&linkCode=osi&th=1&psc=1"><img src="https://m.media-amazon.com/images/I/51KMwCTx2eL._SL500_.jpg" alt="Product Image"></a><p>Homum 200pcs Premium Gift Tags with 200 Root Natural Jute Twine, Double-Sided Available Kraft Paper Price Tags, Craft Tags Labels Jewelry Tags with String for Wedding Christmas Day Thanksgiving</p><p>$5.99</p><a href="https://www.amazon.com/dp/B08TWGWRG4?tag=eloabder-20&linkCode=osi&th=1&psc=1">View Product</a></div><div class="product"><a href="https://www.amazon.com/dp/B0BNG993ZV?tag=eloabder-20&linkCode=osi&th=1&psc=1"><img src="https://m.media-amazon.com/images/I/51xRPDQUVHL._SL500_.jpg" alt="Product Image"></a><p>200 Pack 2.2 Inch Wood Tags with Hole and Twine, Clipped Corner Rectangle Wooden Gifts Tag for Crafts Unfinished Labels (1.2x2.2 in)</p><p>$9.99 ($0.05 / Count)</p><a href="https://www.amazon.com/dp/B0BNG993ZV?tag=eloabder-20&linkCode=osi&th=1&psc=1">View Product</a></div><div class="product"><a href="https://www.amazon.com/dp/B07N1T58K9?tag=eloabder-20&linkCode=osi&th=1&psc=1"><img src="https://m.media-amazon.com/images/I/41dUfeOE8BL._SL500_.jpg" alt="Product Image"></a><p>2.5" x 3" Vintage Frame Brown Kraft Present Tag Sticker / 250 Present Labels/Canning Packaging Organization Label/Made in The USA</p><p>$15.99</p><a href="https://www.amazon.com/dp/B07N1T58K9?tag=eloabder-20&linkCode=osi&th=1&psc=1">View Product</a></div>
<div class="product"><a href="https://www.amazon.com/dp/B08Y8YRXVQ?tag=eloabder-20&linkCode=osi&th=1&psc=1"><img src="https://m.media-amazon.com/images/I/51DyT7Dd1BL._SL500_.jpg" alt="Product Image"></a><p>72 Pieces Craft Magnets Glass Ceramic Ferrite Magnet with Adhesive Backing and Transparent Clear Glass Cabochons for DIY Craft Fridge Refrigerator Magnets Pendants(Round,1 Inch)</p><p>$12.99 ($0.18 / Count)</p><a href="https://www.amazon.com/dp/B08Y8YRXVQ?tag=eloabder-20&linkCode=osi&th=1&psc=1">View Product</a></div><div class="product"><a href="https://www.amazon.com/dp/B07XDC7FP9?tag=eloabder-20&linkCode=osi&th=1&psc=1"><img src="https://m.media-amazon.com/images/I/41JKgogWT9L._SL500_.jpg" alt="Product Image"></a><p>Magnetic Dots - Self Adhesive Magnet Dots (0.8" x 0.8") - Classroom Must Have Peel & Stick Magnetic Circles - Flexible Sticky Magnets - Sheets is Alternative, Stickers, Strip, Magnetic Tape (120 Pcs)</p><p>$17.99</p><a href="https://www.amazon.com/dp/B07XDC7FP9?tag=eloabder-20&linkCode=osi&th=1&psc=1">View Product</a></div><div class="product"><a href="https://www.amazon.com/dp/B0CSS92G7H?tag=eloabder-20&linkCode=osi&th=1&psc=1"><img src="https://m.media-amazon.com/images/I/51HRyW91ivL._SL500_.jpg" alt="Product Image"></a><p>116pcs Craft Magnets Glass Ceramic Ferrite Magnet with Adhesive Backing and Clear Glass Cabochons for DIY Craft Fridge Refrigerator Magnets (Round,1 Inch,58 Sets)</p><p>$11.96</p><a href="https://www.amazon.com/dp/B0CSS92G7H?tag=eloabder-20&linkCode=osi&th=1&psc=1">View Product</a></div><div class="product"><a href="https://www.amazon.com/dp/B09WCXS3NV?tag=eloabder-20&linkCode=osi&th=1&psc=1"><img src="https://m.media-amazon.com/images/I/51jUQGCcMPL._SL500_.jpg" alt="Product Image"></a><p>DIYMAG Magnetic Adhesive Sheets, |4" x 6"|, 10 Pack Cuttable, Flexible magnet sheets with adhesive for Crafts, Photos, Easy Peel and Stick</p><p>$5.99 ($0.60 / Count)</p><a href="https://www.amazon.com/dp/B09WCXS3NV?tag=eloabder-20&linkCode=osi&th=1&psc=1">View Product</a></div><div class="product"><a href="https://www.amazon.com/dp/B08MVRBN2C?tag=eloabder-20&linkCode=osi&th=1&psc=1"><img src="https://m.media-amazon.com/images/I/51YQW8Hbf3S._SL500_.jpg" alt="Product Image"></a><p>Round Magnets with Adhesive Backing, 120 Pieces Magnet Circles (Diameter 0.8’” x 0.08”) on 4 Tape Sheets, with 3M Strong Adhesive Backing. Perfect for DIY, Art Projects, whiteboards & Fridge</p><p>$10.95</p><a href="https://www.amazon.com/dp/B08MVRBN2C?tag=eloabder-20&linkCode=osi&th=1&psc=1">View Product</a></div><div class="product"><a href="https://www.amazon.com/dp/B0CJHYN7K2?tag=eloabder-20&linkCode=osi&th=1&psc=1"><img src="https://m.media-amazon.com/images/I/51ZowdEZwbL._SL500_.jpg" alt="Product Image"></a><p>124pcs Craft Magnets Glass w Adhesive Backing and Transparent Clear Glass Cabochons DIY Craft Fridge Magnets Sticker for Refrigerator(62 Sets,1 Inch)</p><p>$13.99 ($0.23 / Count)</p><a href="https://www.amazon.com/dp/B0CJHYN7K2?tag=eloabder-20&linkCode=osi&th=1&psc=1">View Product</a></div><div class="product"><a href="https://www.amazon.com/dp/B09BBHBZMG?tag=eloabder-20&linkCode=osi&th=1&psc=1"><img src="https://m.media-amazon.com/images/I/51kT5DaZIPL._SL500_.jpg" alt="Product Image"></a><p>Mr. Pen- Adhesive Magnetic Sheets, 4" x 6", 10 Pack, with Adhesive Backing, Flexible Picture Magnets, Cuttable Magnetic Sheets.</p><p>$5.85</p><a href="https://www.amazon.com/dp/B09BBHBZMG?tag=eloabder-20&linkCode=osi&th=1&psc=1">View Product</a></div><div class="product"><a href="https://www.amazon.com/dp/B07V4STWPV?tag=eloabder-20&linkCode=osi&th=1&psc=1"><img src="https://m.media-amazon.com/images/I/51g56RBuH8L._SL500_.jpg" alt="Product Image"></a><p>Magnetic Sheets with Adhesive Backing - Each 4" x 6" - Flexible Magnetic Paper with Strong Self Adhesive - Sticky Magnet Sheets for Photo and Picture Magnets, Stickers and Other Craft Magnets</p><p>$5.99 ($0.60 / Count)</p><a href="https://www.amazon.com/dp/B07V4STWPV?tag=eloabder-20&linkCode=osi&th=1&psc=1">View Product</a></div>
<div class="product"><a href="https://www.amazon.com/dp/B09VCYS41G?tag=eloabder-20&linkCode=osi&th=1&psc=1"><img src="https://m.media-amazon.com/images/I/61bdWXYPddL._SL500_.jpg" alt="Product Image"></a><p>Betem 24 Colors Dual Tip Acrylic Paint Pens Markers, Premium Acrylic Paint Pens for Wood, Canvas, Stone, Rock Painting, Glass, Ceramic Surfaces, DIY Crafts Making Art Supplies</p><p>$11.99</p><a href="https://www.amazon.com/dp/B09VCYS41G?tag=eloabder-20&linkCode=osi&th=1&psc=1">View Product</a></div><div class="product"><a href="https://www.amazon.com/dp/B0BN7WJFPR?tag=eloabder-20&linkCode=osi&th=1&psc=1"><img src="https://m.media-amazon.com/images/I/51vvJ6c6MPL._SL500_.jpg" alt="Product Image"></a><p>24 Colors Acrylic Paint Pens, Dual Tip Acrylic Paint Markers with Brush Tip and Fine Tip, Acrylic Pens for Rock Painting, Wood, Canvas, Stone, Glass, Ceramic,DIY Crafts Making Art Supplies</p><p>$9.99</p><a href="https://www.amazon.com/dp/B0BN7WJFPR?tag=eloabder-20&linkCode=osi&th=1&psc=1">View Product</a></div><div class="product"><a href="https://www.amazon.com/dp/B0CX1BD86P?tag=eloabder-20&linkCode=osi&th=1&psc=1"><img src="https://m.media-amazon.com/images/I/51w2YBDoYfL._SL500_.jpg" alt="Product Image"></a><p>TBC The Best Crafts 24 Colors Dual Tip Acrylic Paint Markers,Waterproof, Non-Toxic, odorless, Suitable for Paper, Pottery, Stones, Backpacks, Glass</p><p>$9.99</p><a href="https://www.amazon.com/dp/B0CX1BD86P?tag=eloabder-20&linkCode=osi&th=1&psc=1">View Product</a></div><div class="product"><a href="https://www.amazon.com/dp/B09SWJRSSX?tag=eloabder-20&linkCode=osi&th=1&psc=1"><img src="https://m.media-amazon.com/images/I/61OthBr2r9L._SL500_.jpg" alt="Product Image"></a><p>Acrylic Paint Pens Paint Markers Set of 18: Fine Point for Rock Painting Glass Wood Ceramic Fabric Metal Canvas Easter Eggs Pumpkin Kit, Drawing Art Crafts for Adults Scrapbooking Supplies</p><p>$10.99</p><a href="https://www.amazon.com/dp/B09SWJRSSX?tag=eloabder-20&linkCode=osi&th=1&psc=1">View Product</a></div><div class="product"><a href="https://www.amazon.com/dp/B09H2JRV1Y?tag=eloabder-20&linkCode=osi&th=1&psc=1"><img src="https://m.media-amazon.com/images/I/511FMxcdCzL._SL500_.jpg" alt="Product Image"></a><p>IVSUN 24 Colors Premium Extra Fine Point Acrylic Paint Marker Pens for Wood, Canvas, Stone, Rock Painting, Glass, Ceramic Surfaces, DIY Crafts Making Art Supplies (24PCS (0.7mm))</p><p>$8.99</p><a href="https://www.amazon.com/dp/B09H2JRV1Y?tag=eloabder-20&linkCode=osi&th=1&psc=1">View Product</a></div><div class="product"><a href="https://www.amazon.com/dp/B0BN8CW9ZY?tag=eloabder-20&linkCode=osi&th=1&psc=1"><img src="https://m.media-amazon.com/images/I/51n2byYcjqL._SL500_.jpg" alt="Product Image"></a><p>Acrylic Paint Pens Markers, 24 Colors Dual Tip Acrylic Paint Pens for Rock Painting, Wood, Canvas, Stone, Glass, Ceramic Surfaces, DIY Crafts Making Art Supplies (Round Tip and Fine Tip)</p><p>$9.99</p><a href="https://www.amazon.com/dp/B0BN8CW9ZY?tag=eloabder-20&linkCode=osi&th=1&psc=1">View Product</a></div><div class="product"><a href="https://www.amazon.com/dp/B07DB1TVND?tag=eloabder-20&linkCode=osi&th=1&psc=1"><img src="https://m.media-amazon.com/images/I/51KvMUBvqRL._SL500_.jpg" alt="Product Image"></a><p>JR.WHITE Acrylic Paint Pens Paint Markers for Rock Painting, Canvas, Wood, Glass, Fabric, Metal, Plastic, Arts Crafts Easter Eggs, Pumpkin, Scrapbooking Supplies, Graffiti Markers for Adults Kids</p><p>$11.19 ($0.93 / Count )</p><a href="https://www.amazon.com/dp/B07DB1TVND?tag=eloabder-20&linkCode=osi&th=1&psc=1">View Product</a></div><div class="product"><a href="https://www.amazon.com/dp/B07M6Y4FXZ?tag=eloabder-20&linkCode=osi&th=1&psc=1"><img src="https://m.media-amazon.com/images/I/61wQ1qJutWL._SL500_.jpg" alt="Product Image"></a><p>AROIC Paint Pens Paint Markers, 16 colors Oil-Based Waterproof Paint Marker Pen Set On Rock, Wood, Fabric, Metal, Plastic, Glass, Canvas, Mugs, Waterproof, DIY Craft and More</p><p>$11.99</p><a href="https://www.amazon.com/dp/B07M6Y4FXZ?tag=eloabder-20&linkCode=osi&th=1&psc=1">View Product</a></div>

<div class="product"><a href="https://www.amazon.com/dp/B0BQTYYVZH?tag=eloabder-20&linkCode=osi&th=1&psc=1"><img src="https://m.media-amazon.com/images/I/31i9+BVpDCL._SL500_.jpg" alt="Product Image"></a><p>Vanhench Brown Wrapping Paper, Craft Paper, Kraft Paper 17.5"x 1200"(100'), Gift Wrapping Bulletin Board Arts & Crafts, Bouquet Flower Table Covering Poster Packing Shipping Moving Supplies 65GSM 45LB</p><p>$5.98</p><a href="https://www.amazon.com/dp/B0BQTYYVZH?tag=eloabder-20&linkCode=osi&th=1&psc=1">View Product</a></div><div class="product"><a href="https://www.amazon.com/dp/B0CQZ1TYX9?tag=eloabder-20&linkCode=osi&th=1&psc=1"><img src="https://m.media-amazon.com/images/I/41RknmvlWSL._SL500_.jpg" alt="Product Image"></a><p>PerkHomy 36" x 2,400" (200') Brown Kraft Paper Roll for Gift Wrapping Bulletin Board Bouquet Flower Kids Wall Art Craft Packing Moving Shipping Parcel Postal Floor Covering Table Runner 70GSM 50LB</p><p>$30.99 ($0.05 / Sq Ft)</p><a href="https://www.amazon.com/dp/B0CQZ1TYX9?tag=eloabder-20&linkCode=osi&th=1&psc=1">View Product</a></div><div class="product"><a href="https://www.amazon.com/dp/B0C743LQ3M?tag=eloabder-20&linkCode=osi&th=1&psc=1"><img src="https://m.media-amazon.com/images/I/21HvZSNwJML._SL500_.jpg" alt="Product Image"></a><p>White Wrapping Paper Craft Paper Kraft Paper Roll 15" x 450", Bulletin Board Paper Roll, Arts & Crafts, Gift Wrapping Moving Packing Painting Drawing Paint Easel Poster Chart Paper, Kids Art Supplies</p><p>$4.99 ($0.11 / Sq Ft)</p><a href="https://www.amazon.com/dp/B0C743LQ3M?tag=eloabder-20&linkCode=osi&th=1&psc=1">View Product</a></div><div class="product"><a href="https://www.amazon.com/dp/B0D14FL3DF?tag=eloabder-20&linkCode=osi&th=1&psc=1"><img src="https://m.media-amazon.com/images/I/31IQZPHBHfL._SL500_.jpg" alt="Product Image"></a><p>SMART&CASUAL 15" x 450" (37.5') Kraft Paper Roll for Art Craft Supplies Gift Wrapping Moving Packing Kids Painting Drawing Paint Easel Poster Chart Paper (White, 15"W x 450"L (37.5'))</p><p>$4.98</p><a href="https://www.amazon.com/dp/B0D14FL3DF?tag=eloabder-20&linkCode=osi&th=1&psc=1">View Product</a></div><div class="product"><a href="https://www.amazon.com/dp/B0CX5D7W62?tag=eloabder-20&linkCode=osi&th=1&psc=1"><img src="https://m.media-amazon.com/images/I/31+skUeyllL._SL500_.jpg" alt="Product Image"></a><p>SMART&CASUAL 17.8"×1,200"(100') Brown Kraft Wrapping Paper for Craft Gift Bulletin Board Bouquet Flower Table Covering Packing Shipping Moving 70GSM 50LB</p><p>$7.98</p><a href="https://www.amazon.com/dp/B0CX5D7W62?tag=eloabder-20&linkCode=osi&th=1&psc=1">View Product</a></div><div class="product"><a href="https://www.amazon.com/dp/B0C2P7FGFM?tag=eloabder-20&linkCode=osi&th=1&psc=1"><img src="https://m.media-amazon.com/images/I/31Mnush+a-L._SL500_.jpg" alt="Product Image"></a><p>Brown Packing Paper 15"×450"(38'), Brown Paper Roll, Art Craft Paper, Kraft Paper Roll for Moving Boxes Supplies, Gift Wrapping Bouquet Flower Paper, Poster Bulletin Board Paper, Arts and Crafts</p><p>$4.99</p><a href="https://www.amazon.com/dp/B0C2P7FGFM?tag=eloabder-20&linkCode=osi&th=1&psc=1">View Product</a></div><div class="product"><a href="https://www.amazon.com/dp/B0BNCBSZRR?tag=eloabder-20&linkCode=osi&th=1&psc=1"><img src="https://m.media-amazon.com/images/I/31NTgModxdL._SL500_.jpg" alt="Product Image"></a><p>Kraft Paper Sheets - 15 x 15 in. - 240 Sheets of Brown Wrapping Paper – Heavy Duty Craft Paper for Shipping - Light Brown Construction Paper - 80 GSM - 375 Square feet</p><p>$23.89 ($0.10 / Count)</p><a href="https://www.amazon.com/dp/B0BNCBSZRR?tag=eloabder-20&linkCode=osi&th=1&psc=1">View Product</a></div><div class="product"><a href="https://www.amazon.com/dp/B09J9ZGX8S?tag=eloabder-20&linkCode=osi&th=1&psc=1"><img src="https://m.media-amazon.com/images/I/31R819QZXxL._SL500_.jpg" alt="Product Image"></a><p>IDL Packaging 36" x 2160" (180 ft) Brown Kraft Paper Roll, 30 lbs - Quality Paper for Packing, Moving, Shipping, Crafts - 100% Recyclable Natural Kraft Wrapping Paper</p><p>$33.95 ($0.06 / Sq Ft)</p><a href="https://www.amazon.com/dp/B09J9ZGX8S?tag=eloabder-20&linkCode=osi&th=1&psc=1">View Product</a></div>
<div class="product"><a href="https://www.amazon.com/dp/B0BR9M5GT6?tag=eloabder-20&linkCode=osi&th=1&psc=1"><img src="https://m.media-amazon.com/images/I/61jKQSVpNKL._SL500_.jpg" alt="Product Image"></a><p>Drawdart 47 Pack Acrylic Paint Set, 36 Colors Art Painting Supplies for Canvas Wood Fabric Ceramic Crafts, Non Toxic & Rich Pigments for Artists & Hobby Painters, 2 fl oz / 60 ml Bottles</p><p>$24.99 ($0.35 / Fl Oz)</p><a href="https://www.amazon.com/dp/B0BR9M5GT6?tag=eloabder-20&linkCode=osi&th=1&psc=1">View Product</a></div><div class="product"><a href="https://www.amazon.com/dp/B006AT7P6M?tag=eloabder-20&linkCode=osi&th=1&psc=1"><img src="https://m.media-amazon.com/images/I/415ZwGErxOL._SL500_.jpg" alt="Product Image"></a><p>Apple Barrel Acrylic Paint in Assorted Colors (2 oz), 20501, Bright Red</p><p>$0.58 ($0.29 / Fl Oz)</p><a href="https://www.amazon.com/dp/B006AT7P6M?tag=eloabder-20&linkCode=osi&th=1&psc=1">View Product</a></div><div class="product"><a href="https://www.amazon.com/dp/B0BNV7BMN2?tag=eloabder-20&linkCode=osi&th=1&psc=1"><img src="https://m.media-amazon.com/images/I/51K4iYzckvL._SL500_.jpg" alt="Product Image"></a><p>Fantastory Acrylic Paint Set, 24 Classic Colors(2oz), Professional Craft Paint Kit,Canvas/Rock/Stone/Ceramic/Model/Wood Painting with 12 Brushes</p><p>$25.99 ($0.36 / Fl Oz)</p><a href="https://www.amazon.com/dp/B0BNV7BMN2?tag=eloabder-20&linkCode=osi&th=1&psc=1">View Product</a></div><div class="product"><a href="https://www.amazon.com/dp/B0728B4CLJ?tag=eloabder-20&linkCode=osi&th=1&psc=1"><img src="https://m.media-amazon.com/images/I/41aBzZtF9-L._SL500_.jpg" alt="Product Image"></a><p>FolkArt Acrylic Paint in Assorted Colors (2 oz), , Mossy Meadow</p><p>$1.17 ($0.58 / Fl Oz)</p><a href="https://www.amazon.com/dp/B0728B4CLJ?tag=eloabder-20&linkCode=osi&th=1&psc=1">View Product</a></div><div class="product"><a href="https://www.amazon.com/dp/B0BY3G2CXG?tag=eloabder-20&linkCode=osi&th=1&psc=1"><img src="https://m.media-amazon.com/images/I/51Cn6kY12wL._SL500_.jpg" alt="Product Image"></a><p>36 Assorted Acrylic Paint Set by Craft Smart - Non-Toxic Paint for Drawing, Painting, Art & Crafts Supplies - 1 Pack</p><p>$28.98</p><a href="https://www.amazon.com/dp/B0BY3G2CXG?tag=eloabder-20&linkCode=osi&th=1&psc=1">View Product</a></div>

<div class="product"><a href="https://www.amazon.com/dp/B08722TFPH?tag=eloabder-20&linkCode=osi&th=1&psc=1"><img src="https://m.media-amazon.com/images/I/51DqPIU5lcL._SL500_.jpg" alt="Product Image"></a><p>LIUYAXI 20 Colors 100 Yard Satin Ribbon Fabric Ribbon Silk Ribbon Assorted Colors Rolls, 2/5" Wide 5 Yard/Roll, Ribbons Perfect for Gift Wrapping,Crafts, Hair Bows, Wedding Party Decoration and More</p><p>$7.99 ($0.03 / Foot)</p><a href="https://www.amazon.com/dp/B08722TFPH?tag=eloabder-20&linkCode=osi&th=1&psc=1">View Product</a></div><div class="product"><a href="https://www.amazon.com/dp/B08M3BDRX3?tag=eloabder-20&linkCode=osi&th=1&psc=1"><img src="https://m.media-amazon.com/images/I/51qwMfv7kXL._SL500_.jpg" alt="Product Image"></a><p>Winlyn 36 Colors 900 Yards Fabric Ribbons Satin Ribbons Metallic Glitter Ribbons Rolls Craft Ribbons Embellish Decorative Ribbons 2/5" Wide for Floral Bouquet Gifts Crafts Bows Party Wedding</p><p>$13.99 ($0.01 / Foot)</p><a href="https://www.amazon.com/dp/B08M3BDRX3?tag=eloabder-20&linkCode=osi&th=1&psc=1">View Product</a></div><div class="product"><a href="https://www.amazon.com/dp/B08NXF43DB?tag=eloabder-20&linkCode=osi&th=1&psc=1"><img src="https://m.media-amazon.com/images/I/51fTtUVKi5L._SL500_.jpg" alt="Product Image"></a><p>MEEDEE Rainbow Ribbon Solid Color Assortment 10 Colors Double Face Satin Ribbon for Gift Wrapping Happy Birthday Party Decorations, 3/8" X 5 Yard Each Total 50 Yds Per Package</p><p>$7.99 ($0.05 / Foot)</p><a href="https://www.amazon.com/dp/B08NXF43DB?tag=eloabder-20&linkCode=osi&th=1&psc=1">View Product</a></div><div class="product"><a href="https://www.amazon.com/dp/B01N8W0Z45?tag=eloabder-20&linkCode=osi&th=1&psc=1"><img src="https://m.media-amazon.com/images/I/61OkEfd-1BL._SL500_.jpg" alt="Product Image"></a><p>QingHan Grosgrain Ribbons for Crafts Gifts Wrapping 3/8" Boutique Polka Dot Fabric Ribbon 40yd (20 x 2yd)</p><p>$5.99 ($0.05 / Foot)</p><a href="https://www.amazon.com/dp/B01N8W0Z45?tag=eloabder-20&linkCode=osi&th=1&psc=1">View Product</a></div><div class="product"><a href="https://www.amazon.com/dp/B0CS5G5PCX?tag=eloabder-20&linkCode=osi&th=1&psc=1"><img src="https://m.media-amazon.com/images/I/51xzSU+d8QL._SL500_.jpg" alt="Product Image"></a><p>Ribbli Rainbow Satin Ribbon 3/8 Inch x 12 Rolls Total 60 Yards- Colorful Ribbon for Gift Wrapping Craft Party Decoration Baby Shower Wedding</p><p>$7.99 ($0.04 / Foot)</p><a href="https://www.amazon.com/dp/B0CS5G5PCX?tag=eloabder-20&linkCode=osi&th=1&psc=1">View Product</a></div><div class="product"><a href="https://www.amazon.com/dp/B009V35YVC?tag=eloabder-20&linkCode=osi&th=1&psc=1"><img src="https://m.media-amazon.com/images/I/41OYxs2N6GL._SL500_.jpg" alt="Product Image"></a><p>LaRibbons 10 Color 50Yards Solid Satin Ribbon,3/8" X 5 Yard/Roll Colorful Double Face Rainbow Ribbon for Crafts,Flower Bouquet,Gift Wrapping,Hair Bows,Birthday,Wedding Party Decoration</p><p>$4.99</p><a href="https://www.amazon.com/dp/B009V35YVC?tag=eloabder-20&linkCode=osi&th=1&psc=1">View Product</a></div><div class="product"><a href="https://www.amazon.com/dp/B07BDG8KXB?tag=eloabder-20&linkCode=osi&th=1&psc=1"><img src="https://m.media-amazon.com/images/I/61zpTp+xLjL._SL500_.jpg" alt="Product Image"></a><p>Supla 16 Colors 400 Yard Fabric Ribbon Silk Satin Roll Satin Ribbon Rolls in 2/5" Wide, 25 Yard/roll,16 Rolls,Satin Ribbon Fabric Ribbon Embellish Ribbon Ribbon for Bows Crafts Gifts Party Wedding</p><p>$8.99 ($0.01 / Foot)</p><a href="https://www.amazon.com/dp/B07BDG8KXB?tag=eloabder-20&linkCode=osi&th=1&psc=1">View Product</a></div><div class="product"><a href="https://www.amazon.com/dp/B0CRD7S24X?tag=eloabder-20&linkCode=osi&th=1&psc=1"><img src="https://m.media-amazon.com/images/I/51Xe-SI-ZHL._SL500_.jpg" alt="Product Image"></a><p>LIUYAXI 100 Yards Solid Grosgrain Ribbon, 3/8" X 5 Yard/Roll, 20 Colors Rainbow Multicolor Fabric Ribbons Roll Perfect for Crafts Gifts Wrapping Flower Bouquet Hair Bows & Other Projects</p><p>$7.99 ($0.03 / Foot)</p><a href="https://www.amazon.com/dp/B0CRD7S24X?tag=eloabder-20&linkCode=osi&th=1&psc=1">View Product</a></div>


<div class="product"><a href="https://www.amazon.com/dp/B08MZ6MQZM?tag=eloabder-20&linkCode=osi&th=1&psc=1"><img src="https://m.media-amazon.com/images/I/51rVPzuNy4L._SL500_.jpg" alt="Product Image"></a><p>Basic Shapes 1: Circles, Triangles, Squares, Ovals, 676 Pieces US Made Card Stock Punch Out Geometric Shapes in 3 Sizes and 4 PRIMARY Colors for Math, Pattern Play and DIY Crafting</p><p>$11.99</p><a href="https://www.amazon.com/dp/B08MZ6MQZM?tag=eloabder-20&linkCode=osi&th=1&psc=1">View Product</a></div><div class="product"><a href="https://www.amazon.com/dp/B072JW6NQT?tag=eloabder-20&linkCode=osi&th=1&psc=1"><img src="https://m.media-amazon.com/images/I/61uY6781clL._SL500_.jpg" alt="Product Image"></a><p>260 Pieces Colorful Glitter Foam Stickers Self Adhesive Stars Mini Heart Shapes Glitter Stickers, Kid's Arts Craft Supplies Greeting Cards Home Decoration Stars&Heart Shapes</p><p>$6.74 ($0.03 / Count)</p><a href="https://www.amazon.com/dp/B072JW6NQT?tag=eloabder-20&linkCode=osi&th=1&psc=1">View Product</a></div>


<div class="product"><a href="https://www.amazon.com/dp/B07KD1WKXY?tag=eloabder-20&linkCode=osi&th=1&psc=1"><img src="https://m.media-amazon.com/images/I/51y9zQOd9XL._SL500_.jpg" alt="Product Image"></a><p>(109 Yards/1.5mm/35 Colors Optional) Cotton Baker Twine DIY Craft Macramé Natural Cotton Rope Craft Making Knitting String Rope DIY Wedding Decor Supply Christmas Wrapping(deep green)</p><p>$4.98 ($0.02 / Foot)</p><a href="https://www.amazon.com/dp/B07KD1WKXY?tag=eloabder-20&linkCode=osi&th=1&psc=1">View Product</a></div><div class="product"><a href="https://www.amazon.com/dp/B0C7G868WP?tag=eloabder-20&linkCode=osi&th=1&psc=1"><img src="https://m.media-amazon.com/images/I/51YFxbYrxGL._SL500_.jpg" alt="Product Image"></a><p>Ohtomber Bracelet String Elastic Cord - 2 Rolls 1MM Stretchy String for Bracelet Making, Rainbow Elastic Bracelets String Thread for Clay Beads, Bracelets, Jewelry Making, Necklaces, Sewing and Crafts</p><p>$5.99 ($0.01 / Foot)</p><a href="https://www.amazon.com/dp/B0C7G868WP?tag=eloabder-20&linkCode=osi&th=1&psc=1">View Product</a></div>
<div class="product"><a href="https://www.amazon.com/dp/B0CHTZD63Q?tag=eloabder-20&linkCode=osi&th=1&psc=1"><img src="https://m.media-amazon.com/images/I/511hgeOlnkL._SL500_.jpg" alt="Product Image"></a><p>Secopad Scrapbook Tape, 4 Pack Double Sided Tape Roller for Crafts, Sticky Glue Tape Runner Scrapbooking Supplies Journaling School Office for Kids and Adults, 0.3IN x 26FT</p><p>$6.63 ($1.66 / Count)</p><a href="https://www.amazon.com/dp/B0CHTZD63Q?tag=eloabder-20&linkCode=osi&th=1&psc=1">View Product</a></div><div class="product"><a href="https://www.amazon.com/dp/B0BKZ2WVFY?tag=eloabder-20&linkCode=osi&th=1&psc=1"><img src="https://m.media-amazon.com/images/I/519ga5fVbbL._SL500_.jpg" alt="Product Image"></a><p>Guirnd 12PCS Colored Masking Tape, Kids Art Supplies Colored Tape, DIY Craft Tape, Colored Tape Rolls, Colored Painters Tape 1.7cm x 12m (2/3In x 13Yards)</p><p>$5.99 ($0.50 / Count)</p><a href="https://www.amazon.com/dp/B0BKZ2WVFY?tag=eloabder-20&linkCode=osi&th=1&psc=1">View Product</a></div><div class="product"><a href="https://www.amazon.com/dp/B0B1ZYCJPG?tag=eloabder-20&linkCode=osi&th=1&psc=1"><img src="https://m.media-amazon.com/images/I/51zcGqodSPL._SL500_.jpg" alt="Product Image"></a><p>Simetufy 5400 Pcs 1 Inch Tissue Paper Squares, 36 Assorted Colored Tissue Paper for Crafts, Art Rainbow Tissue Paper Bulk for Art Projects, Collage, Suncatchers, Scrapbooking - Non Bleeding</p><p>$7.49</p><a href="https://www.amazon.com/dp/B0B1ZYCJPG?tag=eloabder-20&linkCode=osi&th=1&psc=1">View Product</a></div>

<div class="product"><a href="https://www.amazon.com/dp/B07RZFHS87?tag=eloabder-20&linkCode=osi&th=1&psc=1"><img src="https://m.media-amazon.com/images/I/418QZBtYWTL._SL500_.jpg" alt="Product Image"></a><p>Lazydrop Double-Sided Tape for Arts, Crafts, Photography, Scrapbooking, Tear-by-Hand, Paper Backing (6 Rolls) (Width: 6mm/ 9mm/ 12mm/ 15mm)</p><p>$7.99 ($0.01 / Foot)</p><a href="https://www.amazon.com/dp/B07RZFHS87?tag=eloabder-20&linkCode=osi&th=1&psc=1">View Product</a></div><div class="product"><a href="https://www.amazon.com/dp/B0BPS4V3TG?tag=eloabder-20&linkCode=osi&th=1&psc=1"><img src="https://m.media-amazon.com/images/I/41fTeS+RuRL._SL500_.jpg" alt="Product Image"></a><p>Double Sided Tape for Crafts, Double-Sided Tape for Arts, Scrapbook Supplies, Photography, Gifts Box, Scrapbooking, Card Making, Paper Backing, Tear-by-Hand, 6 Roll Heavy Duty Multi-Size Adhesive Tape</p><p>$6.29 ($0.02 / Foot)</p><a href="https://www.amazon.com/dp/B0BPS4V3TG?tag=eloabder-20&linkCode=osi&th=1&psc=1">View Product</a></div><div class="product"><a href="https://www.amazon.com/dp/B098FCBMQV?tag=eloabder-20&linkCode=osi&th=1&psc=1"><img src="https://m.media-amazon.com/images/I/41E1XYg1+gL._SL500_.jpg" alt="Product Image"></a><p>Craftzilla Colored Masking Tape – 7 Roll Multi Pack – 210 Feet x 1 Inch of Colorful Craft Tape – Vibrant Rainbow Masking Tape –Colored Tape Rolls for Arts & Crafts, Labeling and Color-Coding</p><p>$12.95 ($0.01 / Foot)</p><a href="https://www.amazon.com/dp/B098FCBMQV?tag=eloabder-20&linkCode=osi&th=1&psc=1">View Product</a></div><div class="product"><a href="https://www.amazon.com/dp/B0CBRTT4SY?tag=eloabder-20&linkCode=osi&th=1&psc=1"><img src="https://m.media-amazon.com/images/I/41Ne5OTMBHL._SL500_.jpg" alt="Product Image"></a><p>XEHAHOSH 3 Rolls Double Sided Tape for Crafts, Arts, Scrapbooking, Photography, Paper Backing, Tear-by-Hand. 0.6in by 43-FT</p><p>$5.29</p><a href="https://www.amazon.com/dp/B0CBRTT4SY?tag=eloabder-20&linkCode=osi&th=1&psc=1">View Product</a></div><div class="product"><a href="https://www.amazon.com/dp/B08ZJB4XBX?tag=eloabder-20&linkCode=osi&th=1&psc=1"><img src="https://m.media-amazon.com/images/I/41FzzlZNG0L._SL500_.jpg" alt="Product Image"></a><p>8 Rolls Colored Masking Tape Rainbow Colors Painters Tape Colorful Craft Art Paper Tape for Kids Labeling Arts Crafts DIY Decorative Coding Decoration Teaching Supplies, 0.6 Inch x 16 Yard, 8 Colors</p><p>$6.99 ($0.87 / Count)</p><a href="https://www.amazon.com/dp/B08ZJB4XBX?tag=eloabder-20&linkCode=osi&th=1&psc=1">View Product</a></div><div class="product"><a href="https://www.amazon.com/dp/B09GDZH5PV?tag=eloabder-20&linkCode=osi&th=1&psc=1"><img src="https://m.media-amazon.com/images/I/41cZAy06SiL._SL500_.jpg" alt="Product Image"></a><p>DGTANGYIN 1/4" 2 Rolls Double Sided Adhesive Sticky Tape for Arts, DIY, Crafts, Photography, Scrapbooking, Card Making, Gift Wrapping, Office School Stationery Supplies, Home Supplies(Width: 6mm)</p><p>$3.99 ($0.00 / Foot)</p><a href="https://www.amazon.com/dp/B09GDZH5PV?tag=eloabder-20&linkCode=osi&th=1&psc=1">View Product</a></div>
<div class="product"><a href="https://www.amazon.com/dp/B09XR1XBWG?tag=eloabder-20&linkCode=osi&th=1&psc=1"><img src="https://m.media-amazon.com/images/I/31h+RS-Nv6L._SL500_.jpg" alt="Product Image"></a><p>10PCS 7mil Blank Mylar Stencil Sheets,12X12 inch Milky Translucent PET Blank Stencils Sheets,Template Material for Cutting Machines, Laser Cutting, Food-Safe Craft Plastic</p><p>$8.99</p><a href="https://www.amazon.com/dp/B09XR1XBWG?tag=eloabder-20&linkCode=osi&th=1&psc=1">View Product</a></div>


<div class="product"><a href="https://www.amazon.com/dp/B0D3HPD7WP?tag=eloabder-20&linkCode=osi&th=1&psc=1"><img src="https://m.media-amazon.com/images/I/31KSmmAWUWL._SL500_.jpg" alt="Product Image"></a><p>50 Sheets Grey Cardstock Paper, Colored Printer Paper 8.5 x 11, Thick Construction Paper for Cards Making, Scrapbook，Office Printing, Invitations, Certificates，DIY Crafting 92 lb/250gsm</p><p>$9.99</p><a href="https://www.amazon.com/dp/B0D3HPD7WP?tag=eloabder-20&linkCode=osi&th=1&psc=1">View Product</a></div>
<div class="product"><a href="https://www.amazon.com/dp/B076CP6F36?tag=eloabder-20&linkCode=osi&th=1&psc=1"><img src="https://m.media-amazon.com/images/I/51rfEIvgI+L._SL500_.jpg" alt="Product Image"></a><p>Apple Barrel, Vibrant Spectrum Collection Acrylic Craft Paint, PROMOABIII, 2 fl oz each, 16 assorted matte colors, 16 count</p><p>$15.97 ($0.50 / Fl Oz)</p><a href="https://www.amazon.com/dp/B076CP6F36?tag=eloabder-20&linkCode=osi&th=1&psc=1">View Product</a></div><div class="product"><a href="https://www.amazon.com/dp/B0BKFLSYQF?tag=eloabder-20&linkCode=osi&th=1&psc=1"><img src="https://m.media-amazon.com/images/I/51a0PmPRknL._SL500_.jpg" alt="Product Image"></a><p>72 Pack Acrylic Paint Set, Shuttle Art 60 Colors Acrylic Paint Including Extra White Black & 12 Brushes, 2oz/60ml, Rich Pigmented, Water Proof, Ideal for Artists, Beginners on Canvas Rock Wood Ceramic</p><p>$45.99 ($23.00 / Fl Oz)</p><a href="https://www.amazon.com/dp/B0BKFLSYQF?tag=eloabder-20&linkCode=osi&th=1&psc=1">View Product</a></div><div class="product"><a href="https://www.amazon.com/dp/B08CB3JH79?tag=eloabder-20&linkCode=osi&th=1&psc=1"><img src="https://m.media-amazon.com/images/I/51OUZsFdnTL._SL500_.jpg" alt="Product Image"></a><p>Acrylic Paint Set of 36 Colors 2fl oz 60ml Bottles,Non Toxic 36 Colors Acrylic Paint No Fading Rich Pigment for Kids Adults Artists Canvas Crafts Wood Painting</p><p>$32.99 ($0.46 / Fl Oz)</p><a href="https://www.amazon.com/dp/B08CB3JH79?tag=eloabder-20&linkCode=osi&th=1&psc=1">View Product</a></div><div class="product"><a href="https://www.amazon.com/dp/B0018NBVKQ?tag=eloabder-20&linkCode=osi&th=1&psc=1"><img src="https://m.media-amazon.com/images/I/31YlSvZMTCL._SL500_.jpg" alt="Product Image"></a><p>Apple Barrel Acrylic Paint in Assorted Colors (8 Ounce), 20403 White</p><p>$2.67 ($0.33 / Fl Oz)</p><a href="https://www.amazon.com/dp/B0018NBVKQ?tag=eloabder-20&linkCode=osi&th=1&psc=1">View Product</a></div><div class="product"><a href="https://www.amazon.com/dp/B077WSBLZ1?tag=eloabder-20&linkCode=osi&th=1&psc=1"><img src="https://m.media-amazon.com/images/I/51KPkXpLn1L._SL500_.jpg" alt="Product Image"></a><p>Shuttle Art Acrylic Paint Set, 30 x12ml Tubes Artist Quality Non Toxic Rich Pigments Colors Great for Kids Adults Professional Painting on Rocks Canvas Wood Clay Fabric Ceramic Crafts</p><p>$12.99 ($1.08 / Fl Oz)</p><a href="https://www.amazon.com/dp/B077WSBLZ1?tag=eloabder-20&linkCode=osi&th=1&psc=1">View Product</a></div><div class="product"><a href="https://www.amazon.com/dp/B00889Z5Y6?tag=eloabder-20&linkCode=osi&th=1&psc=1"><img src="https://m.media-amazon.com/images/I/41MQjsyDbSL._SL500_.jpg" alt="Product Image"></a><p>Apple Barrel Acrylic Paint in Assorted Colors (2 oz), 20764, Apricot</p><p>$0.58 ($0.29 / Fl Oz)</p><a href="https://www.amazon.com/dp/B00889Z5Y6?tag=eloabder-20&linkCode=osi&th=1&psc=1">View Product</a></div><div class="product"><a href="https://www.amazon.com/dp/B09TWQD5ZL?tag=eloabder-20&linkCode=osi&th=1&psc=1"><img src="https://m.media-amazon.com/images/I/41B0L003QXL._SL500_.jpg" alt="Product Image"></a><p>Artkey Acrylic Paint Set - 24 colors 2 oz/59 ml Acrylic Paints Professional Artists Painting Kit for Canvases Fabric Rock Leather Easter Egg Wood Ceramic Glass Art Craft Painting</p><p>$19.99 ($0.42 / Fl Oz)</p><a href="https://www.amazon.com/dp/B09TWQD5ZL?tag=eloabder-20&linkCode=osi&th=1&psc=1">View Product</a></div><div class="product"><a href="https://www.amazon.com/dp/B07Z93LQDB?tag=eloabder-20&linkCode=osi&th=1&psc=1"><img src="https://m.media-amazon.com/images/I/51veoN6zK0L._SL500_.jpg" alt="Product Image"></a><p>Shuttle Art Acrylic Paint Set, 36 Colors Acrylic Paint with Brushes & Palette, 2oz Bottles, Rich Pigments Non-toxic Paint for Artists Kids & Adults, Art Supplies for Canvas Rock Ceramic Wood Painting</p><p>$27.99</p><a href="https://www.amazon.com/dp/B07Z93LQDB?tag=eloabder-20&linkCode=osi&th=1&psc=1">View Product</a></div><div class="product"><a href="https://www.amazon.com/dp/B002665SYY?tag=eloabder-20&linkCode=osi&th=1&psc=1"><img src="https://m.media-amazon.com/images/I/31sJJeWK6OS._SL500_.jpg" alt="Product Image"></a><p>Liquitex BASICS Acrylic Paint, 250ml (8.5-oz) Tube, Titanium White</p><p>$9.99 ($1.18 / Fl Oz)</p><a href="https://www.amazon.com/dp/B002665SYY?tag=eloabder-20&linkCode=osi&th=1&psc=1">View Product</a></div>
<div class="product"><a href="https://www.amazon.com/dp/B0CC98XLGL?tag=eloabder-20&linkCode=osi&th=1&psc=1"><img src="https://m.media-amazon.com/images/I/51ZLw+nThiL._SL500_.jpg" alt="Product Image"></a><p>HUIRUSO 4 Pack Double Sided Tape Roller, Scrapbook Supplies, Glue Tape Roller for Crafts, Double-Sided Adhesive Tape Runner for Scrapbooking, School Office Journaling Supplies (0.31 in X 26.25 ft)</p><p>$6.99 ($1.75 / Count)</p><a href="https://www.amazon.com/dp/B0CC98XLGL?tag=eloabder-20&linkCode=osi&th=1&psc=1">View Product</a></div><div class="product"><a href="https://www.amazon.com/dp/B007XAAE6K?tag=eloabder-20&linkCode=osi&th=1&psc=1"><img src="https://m.media-amazon.com/images/I/414qxYVR0wL._SL500_.jpg" alt="Product Image"></a><p>Scotch Double Sided Tape Runner, 1-Pack, 0.27 in x 26 ft., Perfect for Holiday Crafts, Gifts, and More</p><p>$4.47</p><a href="https://www.amazon.com/dp/B007XAAE6K?tag=eloabder-20&linkCode=osi&th=1&psc=1">View Product</a></div><div class="product"><a href="https://www.amazon.com/dp/B0BZVGPFSK?tag=eloabder-20&linkCode=osi&th=1&psc=1"><img src="https://m.media-amazon.com/images/I/51-ue9+7JkL._SL500_.jpg" alt="Product Image"></a><p>Birllaid Double Sided Tape for Walls, Picture Hanging Strips Removable Mounting Dots Adhesive Heavy Duty, Removable for Art Craft, Decoration, Party Supplies, Multipurpose</p><p>$11.99</p><a href="https://www.amazon.com/dp/B0BZVGPFSK?tag=eloabder-20&linkCode=osi&th=1&psc=1">View Product</a></div><div class="product"><a href="https://www.amazon.com/dp/B0CGVN9SL1?tag=eloabder-20&linkCode=osi&th=1&psc=1"><img src="https://m.media-amazon.com/images/I/41Hy+i4CnoL._SL500_.jpg" alt="Product Image"></a><p>30Ft x 1 Inch Hook and Loop Strips with Adhesive,Double Rolls of Heavy Duty Self Adhesive Tape with Backing, Nylon Self Adhesive Tape for Home Office School and Crafting,White</p><p>$9.99</p><a href="https://www.amazon.com/dp/B0CGVN9SL1?tag=eloabder-20&linkCode=osi&th=1&psc=1">View Product</a></div><div class="product"><a href="https://www.amazon.com/dp/B07Y3VDPLF?tag=eloabder-20&linkCode=osi&th=1&psc=1"><img src="https://m.media-amazon.com/images/I/41cyKQ2OMuL._SL500_.jpg" alt="Product Image"></a><p>Melsan 1x4 inch Hook and Loop Strips with Adhesive - 15 Sets, Strong Back Adhesive Fasten Mounting Tape for Home or Office Use - Instead of Holes and Screws, Black</p><p>$7.82</p><a href="https://www.amazon.com/dp/B07Y3VDPLF?tag=eloabder-20&linkCode=osi&th=1&psc=1">View Product</a></div><div class="product"><a href="https://www.amazon.com/dp/B07V57VJT5?tag=eloabder-20&linkCode=osi&th=1&psc=1"><img src="https://m.media-amazon.com/images/I/514JO3bvl3L._SL500_.jpg" alt="Product Image"></a><p>XFasten Adhesive Roller for Scrapbooking, 8mm x 30ft 4-Pack Double Sided Glue Tape Roller, Scrapbook Supplies for Adults, Photo Tape for Scrapbooking</p><p>$9.99 ($2.50 / Count)</p><a href="https://www.amazon.com/dp/B07V57VJT5?tag=eloabder-20&linkCode=osi&th=1&psc=1">View Product</a></div><div class="product"><a href="https://www.amazon.com/dp/B07JLTGQHX?tag=eloabder-20&linkCode=osi&th=1&psc=1"><img src="https://m.media-amazon.com/images/I/51Eqfo7kUZL._SL500_.jpg" alt="Product Image"></a><p>UPINS 120 Pack Double Sided Foam Tape Square Self-Adhesive Foam Tape Black Strong Tape Pads for DIY Art Crafts Supplies</p><p>$9.99 ($0.08 / Count)</p><a href="https://www.amazon.com/dp/B07JLTGQHX?tag=eloabder-20&linkCode=osi&th=1&psc=1">View Product</a></div><div class="product"><a href="https://www.amazon.com/dp/B005FM6XF4?tag=eloabder-20&linkCode=osi&th=1&psc=1"><img src="https://m.media-amazon.com/images/I/51-vp1WJ89L._SL500_.jpg" alt="Product Image"></a><p>AdTech 5603 Permanent Crafter's Tape, 0.31" x 315", Pack of 4</p><p>$7.84 ($0.07 / Foot)</p><a href="https://www.amazon.com/dp/B005FM6XF4?tag=eloabder-20&linkCode=osi&th=1&psc=1">View Product</a></div><div class="product"><a href="https://www.amazon.com/dp/B0CJF1FLFJ?tag=eloabder-20&linkCode=osi&th=1&psc=1"><img src="https://m.media-amazon.com/images/I/51dig1RqzdL._SL500_.jpg" alt="Product Image"></a><p>UPINS 150Pack Double Sided Foam Tape Strong Sticky Double Sided Foam Pads for Crafts Self-Adhesive Mounting Foam Tape Heavy Duty for Home Wall Decor 40 * 40 * 2mm</p><p>$8.99 ($0.06 / Count)</p><a href="https://www.amazon.com/dp/B0CJF1FLFJ?tag=eloabder-20&linkCode=osi&th=1&psc=1">View Product</a></div><div class="product"><a href="https://www.amazon.com/dp/B0D4YWRGCL?tag=eloabder-20&linkCode=osi&th=1&psc=1"><img src="https://m.media-amazon.com/images/I/41EqJ553-KL._SL500_.jpg" alt="Product Image"></a><p>Amanbo Glue Tape for Scrapbooking, 6 Pack Scrapbook Tape, Double Sided Tape Roller for Crafts, Total 120 Ft x 0.24 in Tape Runner, Craft Supplies for Scrapbooking, Gift Wrapping and Photo Tape</p><p>$6.99</p><a href="https://www.amazon.com/dp/B0D4YWRGCL?tag=eloabder-20&linkCode=osi&th=1&psc=1">View Product</a></div>
<div class="product"><a href="https://www.amazon.com/dp/B0CC5HPPTN?tag=eloabder-20&linkCode=osi&th=1&psc=1"><img src="https://m.media-amazon.com/images/I/519M81S201L._SL500_.jpg" alt="Product Image"></a><p>Airbrush Paint - 30 Colors with 3 Thinner, Ready to Spray Airbrush Paint Set, Water-Based Acrylic Air brush Paints for Metal, Plastic Models, Canvas, Wood, 20ml/Bottle</p><p>$32.99 ($1.48 / Fl Oz)</p><a href="https://www.amazon.com/dp/B0CC5HPPTN?tag=eloabder-20&linkCode=osi&th=1&psc=1">View Product</a></div>
<div class="product"><a href="https://www.amazon.com/dp/B0CXPSGK36?tag=eloabder-20&linkCode=osi&th=1&psc=1"><img src="https://m.media-amazon.com/images/I/51dd2dYOtrL._SL500_.jpg" alt="Product Image"></a><p>Letter Stickers 30 Sheets 1500 PCS Large Alphabet Sticker 2 Inch Vinyl Self Adhesive Stick on Stickers for Water Bottles Cup Mailbox Number Address Craft Scrapbooking Bulletin Board Decor Multicolor</p><p>$9.99</p><a href="https://www.amazon.com/dp/B0CXPSGK36?tag=eloabder-20&linkCode=osi&th=1&psc=1">View Product</a></div><div class="product"><a href="https://www.amazon.com/dp/B07NNYFMGY?tag=eloabder-20&linkCode=osi&th=1&psc=1"><img src="https://m.media-amazon.com/images/I/51yDnU+gEXL._SL500_.jpg" alt="Product Image"></a><p>20 Sheets Alphabet Letter Stickers 10 Colors Self Adhesive Sticker Colorful PU Material Convex Feeling (Colored Letter Stickers 1)</p><p>$6.99 ($0.35 / Count)</p><a href="https://www.amazon.com/dp/B07NNYFMGY?tag=eloabder-20&linkCode=osi&th=1&psc=1">View Product</a></div>

<div class="product"><a href="https://www.amazon.com/dp/B01DDN8854?tag=eloabder-20&linkCode=osi&th=1&psc=1"><img src="https://m.media-amazon.com/images/I/61dPubDZBSL._SL500_.jpg" alt="Product Image"></a><p>Hugs 'n Kisses HNKHABY13 Applique Paper (20 Pack)</p><p>$19.72 ($0.99 / Count)</p><a href="https://www.amazon.com/dp/B01DDN8854?tag=eloabder-20&linkCode=osi&th=1&psc=1">View Product</a></div>
<div class="product"><a href="https://www.amazon.com/dp/B09KPNFJW1?tag=eloabder-20&linkCode=osi&th=1&psc=1"><img src="https://m.media-amazon.com/images/I/41abn5fELmL._SL500_.jpg" alt="Product Image"></a><p>UniPleased Disposable Aprons (50 Count), Plastic apron for Painting Party, Cooking, Housework, Picnic etc.</p><p>$5.69</p><a href="https://www.amazon.com/dp/B09KPNFJW1?tag=eloabder-20&linkCode=osi&th=1&psc=1">View Product</a></div>
<div class="product"><a href="https://www.amazon.com/dp/B087M21MM2?tag=eloabder-20&linkCode=osi&th=1&psc=1"><img src="https://m.media-amazon.com/images/I/41Xf-jehhLL._SL500_.jpg" alt="Product Image"></a><p>GOTIDEAL Stretched Canvas, Multi Pack 4x4, 5x7, 8x10,9x12, 11x14 Set of 10, Primed White - 100% Cotton Artist Canvas Boards for Painting, Acrylic Pouring, Oil Paint Dry & Wet Art Media</p><p>$24.99</p><a href="https://www.amazon.com/dp/B087M21MM2?tag=eloabder-20&linkCode=osi&th=1&psc=1">View Product</a></div><div class="product"><a href="https://www.amazon.com/dp/B00OQJYISG?tag=eloabder-20&linkCode=osi&th=1&psc=1"><img src="https://m.media-amazon.com/images/I/31fEDLPkkcL._SL500_.jpg" alt="Product Image"></a><p>6 Count 12” x 16” Super Value Canvas by Artist's Loft Necessities - Acid Free Cotton Canvas for Paint, Acrylic, & Oils - 1 Pack</p><p>$19.99</p><a href="https://www.amazon.com/dp/B00OQJYISG?tag=eloabder-20&linkCode=osi&th=1&psc=1">View Product</a></div><div class="product"><a href="https://www.amazon.com/dp/B09CDKB9HY?tag=eloabder-20&linkCode=osi&th=1&psc=1"><img src="https://m.media-amazon.com/images/I/51+p5xnClGL._SL500_.jpg" alt="Product Image"></a><p>DPDIAN Canvas Boards for Painting 40 Pack, 8 inch x 10 inch Super Value Pack, Artist Canvas Panels for Oil & Acrylic Painting</p><p>$29.99</p><a href="https://www.amazon.com/dp/B09CDKB9HY?tag=eloabder-20&linkCode=osi&th=1&psc=1">View Product</a></div><div class="product"><a href="https://www.amazon.com/dp/B0CFBGP29G?tag=eloabder-20&linkCode=osi&th=1&psc=1"><img src="https://m.media-amazon.com/images/I/3147Az5plbL._SL500_.jpg" alt="Product Image"></a><p>ArtSkills Stretched Canvases for Painting, 12x16 Canvas Painting Supplies for Artists, Blank Canvas Pack, 2-Pack</p><p>$16.99</p><a href="https://www.amazon.com/dp/B0CFBGP29G?tag=eloabder-20&linkCode=osi&th=1&psc=1">View Product</a></div><div class="product"><a href="https://www.amazon.com/dp/B07BNGQ1SS?tag=eloabder-20&linkCode=osi&th=1&psc=1"><img src="https://m.media-amazon.com/images/I/410ZVtygUwS._SL500_.jpg" alt="Product Image"></a><p>PHOENIX Stretched Canvas for Painting 8x10 Inch/10 Value Pack, 8 Oz Triple Primed 5/8 Inch Profile 100% Cotton White Blank Canvas, Artist Framed Canvas for Oil Acrylic & Pouring Art</p><p>$22.99</p><a href="https://www.amazon.com/dp/B07BNGQ1SS?tag=eloabder-20&linkCode=osi&th=1&psc=1">View Product</a></div><div class="product"><a href="https://www.amazon.com/dp/B0922JP1H4?tag=eloabder-20&linkCode=osi&th=1&psc=1"><img src="https://m.media-amazon.com/images/I/41BmiEND1KL._SL500_.jpg" alt="Product Image"></a><p>GOTIDEAL Canvases for Painting, 18 Pack Canvas Boards Multipack 4x4, 5x7, 8x10, 9x12,11x14,Primed White Blank Artist Canvas Variety Pack for Acrylic Paint, Oil Paint, Watercolor, Gouache</p><p>$19.99</p><a href="https://www.amazon.com/dp/B0922JP1H4?tag=eloabder-20&linkCode=osi&th=1&psc=1">View Product</a></div>


<div class="product"><a href="https://www.amazon.com/dp/B0872VFHBH?tag=eloabder-20&linkCode=osi&th=1&psc=1"><img src="https://m.media-amazon.com/images/I/51k3bekQheS._SL500_.jpg" alt="Product Image"></a><p>Bachmore Drawing Pad 9X12 Inch (110lb/180g), 60 Sheets, Top Spiral Bound Multi-Media for Artist Pro & Amateurs | Acrylic Art, Ink, Paint, Oil Pastels,Watercolor Mixed Media Sketch</p><p>$11.99</p><a href="https://www.amazon.com/dp/B0872VFHBH?tag=eloabder-20&linkCode=osi&th=1&psc=1">View Product</a></div><div class="product"><a href="https://www.amazon.com/dp/B0027A75A4?tag=eloabder-20&linkCode=osi&th=1&psc=1"><img src="https://m.media-amazon.com/images/I/51dyOxxcgYL._SL500_.jpg" alt="Product Image"></a><p>Strathmore 200 Series Sketch Pad, 9x12 inch, 100 Sheets, Tape Bound - Artist Sketchbook for Drawing, Illustration, Art Class Students</p><p>$6.99 ($0.07 / Count)</p><a href="https://www.amazon.com/dp/B0027A75A4?tag=eloabder-20&linkCode=osi&th=1&psc=1">View Product</a></div><div class="product"><a href="https://www.amazon.com/dp/B0BV13YQKX?tag=eloabder-20&linkCode=osi&th=1&psc=1"><img src="https://m.media-amazon.com/images/I/41VYfMpvXUL._SL500_.jpg" alt="Product Image"></a><p>Canson Graduate Watercolor Pad, Foldover, 9x12 inch, 20 Sheets | Artist Paper for Adults and Students - Painting, Gouache, Mixed Media and Ink</p><p>$4.97 ($0.41 / Count)</p><a href="https://www.amazon.com/dp/B0BV13YQKX?tag=eloabder-20&linkCode=osi&th=1&psc=1">View Product</a></div><div class="product"><a href="https://www.amazon.com/dp/B0024KMQ6K?tag=eloabder-20&linkCode=osi&th=1&psc=1"><img src="https://m.media-amazon.com/images/I/51sYdvPPUCL._SL500_.jpg" alt="Product Image"></a><p>Strathmore 400 Series Pastel Pad, Assorted Colors, 9"x12" Glue Bound, 24 Sheets</p><p>$9.11</p><a href="https://www.amazon.com/dp/B0024KMQ6K?tag=eloabder-20&linkCode=osi&th=1&psc=1">View Product</a></div><div class="product"><a href="https://www.amazon.com/dp/B00246O6PI?tag=eloabder-20&linkCode=osi&th=1&psc=1"><img src="https://m.media-amazon.com/images/I/517TUmckOIL._SL500_.jpg" alt="Product Image"></a><p>Strathmore 300 Series Drawing Paper Pad, Top Wire Bound, 11x14 inches, 50 Sheets (70lb/114g) - Artist Paper for Adults and Students - Charcoal, Colored Pencil, Ink, Pastel, Marker</p><p>$13.33</p><a href="https://www.amazon.com/dp/B00246O6PI?tag=eloabder-20&linkCode=osi&th=1&psc=1">View Product</a></div>
<div class="product"><a href="https://www.amazon.com/dp/B08ZMH7LJY?tag=eloabder-20&linkCode=osi&th=1&psc=1"><img src="https://m.media-amazon.com/images/I/51mJIsLJA-S._SL500_.jpg" alt="Product Image"></a><p>PANDAFLY Professional Drawing Sketching Pencil Set - 12 Pieces Graphite Pencils(14B - 2H), Ideal for Drawing Art, Sketching, Shading, Artist Pencils for Beginners & Pro Artists</p><p>$5.11</p><a href="https://www.amazon.com/dp/B08ZMH7LJY?tag=eloabder-20&linkCode=osi&th=1&psc=1">View Product</a></div><div class="product"><a href="https://www.amazon.com/dp/B088K1G5NL?tag=eloabder-20&linkCode=osi&th=1&psc=1"><img src="https://m.media-amazon.com/images/I/51F2bOMZWnL._SL500_.jpg" alt="Product Image"></a><p>MARKART Professional Drawing Sketching Pencil Set - 14 Pieces,Graphite,(12B - 4H), Ideal for Drawing Art, Sketching, Shading, Artist Pencils for Beginners & Pro Artists</p><p>$5.24</p><a href="https://www.amazon.com/dp/B088K1G5NL?tag=eloabder-20&linkCode=osi&th=1&psc=1">View Product</a></div><div class="product"><a href="https://www.amazon.com/dp/B08FHMRW4L?tag=eloabder-20&linkCode=osi&th=1&psc=1"><img src="https://m.media-amazon.com/images/I/51Pmn5gjyzL._SL500_.jpg" alt="Product Image"></a><p>Mr. Pen- Sketch Pencils for Drawing, 14 Pack, Drawing Pencils, Art Pencils, Graphite Pencils, Graphite Pencils for Drawing, Art Pencils for Drawing and Shading</p><p>$5.95</p><a href="https://www.amazon.com/dp/B08FHMRW4L?tag=eloabder-20&linkCode=osi&th=1&psc=1">View Product</a></div><div class="product"><a href="https://www.amazon.com/dp/B0BNQ58DC4?tag=eloabder-20&linkCode=osi&th=1&psc=1"><img src="https://m.media-amazon.com/images/I/51e-gQtCcCL._SL500_.jpg" alt="Product Image"></a><p>MARTCOLOR Drawing Sketching Pencils Set, 12 Pack Graphite Pencils(14B - 2H), Ideal for Drawing Art, Sketching, Shading, Artist Pencils for Beginners & Pro Artists</p><p>$5.99</p><a href="https://www.amazon.com/dp/B0BNQ58DC4?tag=eloabder-20&linkCode=osi&th=1&psc=1">View Product</a></div>

<div class="product"><a href="https://www.amazon.com/dp/B0851M3749?tag=eloabder-20&linkCode=osi&th=1&psc=1"><img src="https://m.media-amazon.com/images/I/41KKSGSDl5L._SL500_.jpg" alt="Product Image"></a><p>N NOROCME 12 PCS Blending Stumps and Tortillions Paper Art Blenders with Sandpaper Pencil Sharpener Pointer for Student Artist Charcoal Sketch Drawing Tools</p><p>$4.99</p><a href="https://www.amazon.com/dp/B0851M3749?tag=eloabder-20&linkCode=osi&th=1&psc=1">View Product</a></div><div class="product"><a href="https://www.amazon.com/dp/B09J3HKN8F?tag=eloabder-20&linkCode=osi&th=1&psc=1"><img src="https://m.media-amazon.com/images/I/51Qvx81eQLL._SL500_.jpg" alt="Product Image"></a><p>Eraser Pencils Set for Artists, Wooden Sketch Eraser Pen for Charcoal Drawings, Professional Highlight Painting Eraser for Sketching, Revise Erasing Details for Students Limner</p><p>$6.99</p><a href="https://www.amazon.com/dp/B09J3HKN8F?tag=eloabder-20&linkCode=osi&th=1&psc=1">View Product</a></div>
<div class="product"><a href="https://www.amazon.com/dp/B09WCQ89T8?tag=eloabder-20&linkCode=osi&th=1&psc=1"><img src="https://m.media-amazon.com/images/I/41gZz0qgBFL._SL500_.jpg" alt="Product Image"></a><p>Bernat BABY BLANKET BB Blue Dreams Yarn - 1 Pack of 10.5oz/300g - Polyester - #6 Super Bulky - 220 Yards - Knitting/Crochet</p><p>$6.97</p><a href="https://www.amazon.com/dp/B09WCQ89T8?tag=eloabder-20&linkCode=osi&th=1&psc=1">View Product</a></div><div class="product"><a href="https://www.amazon.com/dp/B07V5JVNFD?tag=eloabder-20&linkCode=osi&th=1&psc=1"><img src="https://m.media-amazon.com/images/I/41IS+HdtiOL._SL500_.jpg" alt="Product Image"></a><p>Lion Brand Yarn Basic Stitch Anti-Pilling Knitting Yarn, Yarn for Crocheting, 1-Pack, Baby Blue</p><p>$8.40 ($0.02 / Foot)</p><a href="https://www.amazon.com/dp/B07V5JVNFD?tag=eloabder-20&linkCode=osi&th=1&psc=1">View Product</a></div><div class="product"><a href="https://www.amazon.com/dp/B01M0AJID2?tag=eloabder-20&linkCode=osi&th=1&psc=1"><img src="https://m.media-amazon.com/images/I/41yVau0AUpL._SL500_.jpg" alt="Product Image"></a><p>Lion Brand Yarn (1 Skein) Lion Brand Yarn Babysoft Baby Yarn Yarn, Little Boy Blue Multicolor</p><p>$7.19 ($0.01 / Foot)</p><a href="https://www.amazon.com/dp/B01M0AJID2?tag=eloabder-20&linkCode=osi&th=1&psc=1">View Product</a></div><div class="product"><a href="https://www.amazon.com/dp/B09W1KHF42?tag=eloabder-20&linkCode=osi&th=1&psc=1"><img src="https://m.media-amazon.com/images/I/41maDlrio5L._SL500_.jpg" alt="Product Image"></a><p>Red Heart Super Saver Light Blue Yarn - 3 Pack of 198g/7oz - Acrylic - 4 Medium (Worsted) - 364 Yards - Knitting/Crochet</p><p>$13.29 ($4.43 / Count)</p><a href="https://www.amazon.com/dp/B09W1KHF42?tag=eloabder-20&linkCode=osi&th=1&psc=1">View Product</a></div><div class="product"><a href="https://www.amazon.com/dp/B08LKVZ3CX?tag=eloabder-20&linkCode=osi&th=1&psc=1"><img src="https://m.media-amazon.com/images/I/41GLizNx8UL._SL500_.jpg" alt="Product Image"></a><p>Bernat Baby Blanket Baby Blue Yarn - 3 Pack of 100g/3.5oz - Polyester - 6 Super Bulky - 72 Yards - Knitting/Crochet</p><p>$21.81</p><a href="https://www.amazon.com/dp/B08LKVZ3CX?tag=eloabder-20&linkCode=osi&th=1&psc=1">View Product</a></div><div class="product"><a href="https://www.amazon.com/dp/B0CHJ95WHJ?tag=eloabder-20&linkCode=osi&th=1&psc=1"><img src="https://m.media-amazon.com/images/I/314E1EQdihL._SL500_.jpg" alt="Product Image"></a><p>NORCIA Soft Velvet Yarn Chenille Yarn for Crocheting Baby Blanket Yarn for Knitting Amigurumi Yarn Fancy Yarn for Crochet Weaving Craft (Baby Blue, 1 Skein)</p><p>$9.99</p><a href="https://www.amazon.com/dp/B0CHJ95WHJ?tag=eloabder-20&linkCode=osi&th=1&psc=1">View Product</a></div>
<div class="product"><a href="https://www.amazon.com/dp/B0779F2TXJ?tag=eloabder-20&linkCode=osi&th=1&psc=1"><img src="https://m.media-amazon.com/images/I/31kqZr8DJzL._SL500_.jpg" alt="Product Image"></a><p>OPENDGO Feather Ballpoint Pen ，Black Ink Vintage Feather Quill Refined Plated Rod Quill Ballpoint Pen For School Writing ▏Wedding Gift Signature Pen (Black)</p><p>$6.97</p><a href="https://www.amazon.com/dp/B0779F2TXJ?tag=eloabder-20&linkCode=osi&th=1&psc=1">View Product</a></div><div class="product"><a href="https://www.amazon.com/dp/B0CQF3BJ3S?tag=eloabder-20&linkCode=osi&th=1&psc=1"><img src="https://m.media-amazon.com/images/I/41gs6AOiP6L._SL500_.jpg" alt="Product Image"></a><p>3 in 1 Retractable Ballpoint Pen with Light and Stylus, Nice Pens for Journaling Writing in The Dark - White/Red Light Tip- 0.7mm Black Ink</p><p>$12.99</p><a href="https://www.amazon.com/dp/B0CQF3BJ3S?tag=eloabder-20&linkCode=osi&th=1&psc=1">View Product</a></div><div class="product"><a href="https://www.amazon.com/dp/B08BBZ3B8G?tag=eloabder-20&linkCode=osi&th=1&psc=1"><img src="https://m.media-amazon.com/images/I/41cMHyw60wL._SL500_.jpg" alt="Product Image"></a><p>Mr. Pen- Pens, Black Pens, 12 Pack, Fast Dry, No Smear Pens, Bible Pens, Pens for Journaling, Pens No Bleed Through, Pens Fine Point, Journal Pens, Fine Tip, Planner Pens, Ball Point Journal Pens</p><p>$9.99</p><a href="https://www.amazon.com/dp/B08BBZ3B8G?tag=eloabder-20&linkCode=osi&th=1&psc=1">View Product</a></div><div class="product"><a href="https://www.amazon.com/dp/B0D4YWWGX6?tag=eloabder-20&linkCode=osi&th=1&psc=1"><img src="https://m.media-amazon.com/images/I/31xHBCCzJqL._SL500_.jpg" alt="Product Image"></a><p>PATIKIL 21cm/8" Feather Ballpoint Pen, 1Pcs Ink Vintage Quill Pen Refined Plated Dip Pen for Calligraphy Writing Signature Wedding Gift, Yellow</p><p>$7.49</p><a href="https://www.amazon.com/dp/B0D4YWWGX6?tag=eloabder-20&linkCode=osi&th=1&psc=1">View Product</a></div>

<div class="product"><a href="https://www.amazon.com/dp/B001TLDEVQ?tag=eloabder-20&linkCode=osi&th=1&psc=1"><img src="https://m.media-amazon.com/images/I/41jYF39F6lL._SL500_.jpg" alt="Product Image"></a><p>Beadalon SuppleMax Illusion Beading Cord, 0.40 mm / 0.016 in, Clear Monofilament, 50 m / 164 ft</p><p>$4.74</p><a href="https://www.amazon.com/dp/B001TLDEVQ?tag=eloabder-20&linkCode=osi&th=1&psc=1">View Product</a></div><div class="product"><a href="https://www.amazon.com/dp/B0D2HVFZ7Q?tag=eloabder-20&linkCode=osi&th=1&psc=1"><img src="https://m.media-amazon.com/images/I/41R66LMYz7L._SL500_.jpg" alt="Product Image"></a><p>Zxiixz 116Yards 0.5mm Bracelet String, Waxed String Cord for Bracelet Making, Beading Thread for Bracelet Beads, Friendship Bracelet String for Bracelet Making, Waxed Polyester Cord for Jewelry Making</p><p>$6.99</p><a href="https://www.amazon.com/dp/B0D2HVFZ7Q?tag=eloabder-20&linkCode=osi&th=1&psc=1">View Product</a></div><div class="product"><a href="https://www.amazon.com/dp/B07BNF8KH5?tag=eloabder-20&linkCode=osi&th=1&psc=1"><img src="https://m.media-amazon.com/images/I/51jVByheyVL._SL500_.jpg" alt="Product Image"></a><p>PH PandaHall 100 Yards 1mm Waxed Cotton Cord Thread Beading String for Bracelet Necklace Making Crafting Beading Macrame Vase Decor, Burlywood</p><p>$7.19 ($0.02 / Foot)</p><a href="https://www.amazon.com/dp/B07BNF8KH5?tag=eloabder-20&linkCode=osi&th=1&psc=1">View Product</a></div><div class="product"><a href="https://www.amazon.com/dp/B07HBPGXJG?tag=eloabder-20&linkCode=osi&th=1&psc=1"><img src="https://m.media-amazon.com/images/I/41xi8gO6kDL._SL500_.jpg" alt="Product Image"></a><p>Paxcoo 0.8mm Elastic String, Stretchy Bracelet String Crystal String Bead Cord for Bracelet, Beading and Jewelry Making (120m)</p><p>$6.99 ($0.02 / Foot)</p><a href="https://www.amazon.com/dp/B07HBPGXJG?tag=eloabder-20&linkCode=osi&th=1&psc=1">View Product</a></div><div class="product"><a href="https://www.amazon.com/dp/B0CNPST7D9?tag=eloabder-20&linkCode=osi&th=1&psc=1"><img src="https://m.media-amazon.com/images/I/41A9VISFC4L._SL500_.jpg" alt="Product Image"></a><p>Kblick Black Nylon String Cord - 1MM 100 Yards Black Twine, Bracelet String for Bracelet Making, Braided Ornament Lanyard Sting, Jewelry Thread Clay Bead String for Crafts, Macrame Satin Cord</p><p>$5.99 ($0.02 / Foot)</p><a href="https://www.amazon.com/dp/B0CNPST7D9?tag=eloabder-20&linkCode=osi&th=1&psc=1">View Product</a></div><div class="product"><a href="https://www.amazon.com/dp/B08GC3JF9X?tag=eloabder-20&linkCode=osi&th=1&psc=1"><img src="https://m.media-amazon.com/images/I/41FQZYhvQpL._SL500_.jpg" alt="Product Image"></a><p>Cheriswelry 100M 0.8mm Nylon Beading Cord Black Chinese Knotting Rattail Macrame Thread String Roll for Jewelry Making Kumihimo Wrapping Supplies DIY Crafts</p><p>$6.99 ($0.02 / Fl Oz)</p><a href="https://www.amazon.com/dp/B08GC3JF9X?tag=eloabder-20&linkCode=osi&th=1&psc=1">View Product</a></div><div class="product"><a href="https://www.amazon.com/dp/B0B3V9RWQC?tag=eloabder-20&linkCode=osi&th=1&psc=1"><img src="https://m.media-amazon.com/images/I/41F-OP+yCxL._SL500_.jpg" alt="Product Image"></a><p>Griffin Silk Bead Cord Perlseide – Black Color – Size 3 (0.50mm) – 2 Meters per Card – Stainless Steel Needle Attached – for Knotting Pearls, Gemstones, Crystals and Beads</p><p>$4.99 ($0.76 / Foot)</p><a href="https://www.amazon.com/dp/B0B3V9RWQC?tag=eloabder-20&linkCode=osi&th=1&psc=1">View Product</a></div><div class="product"><a href="https://www.amazon.com/dp/B08F49YVQP?tag=eloabder-20&linkCode=osi&th=1&psc=1"><img src="https://m.media-amazon.com/images/I/41yCMIpj0rS._SL500_.jpg" alt="Product Image"></a><p>1mm Stretchy Bracelet String, Sturdy Rainbow Elastic String Elastic Cord for Jewelry Making, Necklaces, Beading and Crafts</p><p>$6.99 ($0.04 / Foot)</p><a href="https://www.amazon.com/dp/B08F49YVQP?tag=eloabder-20&linkCode=osi&th=1&psc=1">View Product</a></div>

<div class="product"><a href="https://www.amazon.com/dp/B001GMUBJ6?tag=eloabder-20&linkCode=osi&th=1&psc=1"><img src="https://m.media-amazon.com/images/I/41V5qzn3H5L._SL500_.jpg" alt="Product Image"></a><p>The Beadsmith Fireline by Berkley – Micro-Fused Braided Thread – 6lb. Test, 006”/.15mm Diameter, 50 Yard Spool, Crystal Color – Super Strong Stringing Material for Jewelry Making and Bead Weaving</p><p>$12.59</p><a href="https://www.amazon.com/dp/B001GMUBJ6?tag=eloabder-20&linkCode=osi&th=1&psc=1">View Product</a></div><div class="product"><a href="https://www.amazon.com/dp/B001UAKK0Y?tag=eloabder-20&linkCode=osi&th=1&psc=1"><img src="https://m.media-amazon.com/images/I/41rY1D0wfuL._SL500_.jpg" alt="Product Image"></a><p>Beadalon Wildfire, 0.006 in, 0.15 mm, Break Strength 10 lb / 4.5 kg, Frost, 50 yd / 45 m</p><p>$8.85 ($0.06 / Foot)</p><a href="https://www.amazon.com/dp/B001UAKK0Y?tag=eloabder-20&linkCode=osi&th=1&psc=1">View Product</a></div><div class="product"><a href="https://www.amazon.com/dp/B095WY58F4?tag=eloabder-20&linkCode=osi&th=1&psc=1"><img src="https://m.media-amazon.com/images/I/41mXRfJqcjL._SL500_.jpg" alt="Product Image"></a><p>PH PandaHall 0.1mm Nylon Seed Bead Thread 100 Yards Black White Bracelet Cord Beading Thread Invisible Sewing Thread Nylon Braided Thread String for Leather Stitching Beading Jewelry Bracelets Making</p><p>$9.99 ($0.03 / Foot)</p><a href="https://www.amazon.com/dp/B095WY58F4?tag=eloabder-20&linkCode=osi&th=1&psc=1">View Product</a></div><div class="product"><a href="https://www.amazon.com/dp/B08RN2R2SZ?tag=eloabder-20&linkCode=osi&th=1&psc=1"><img src="https://m.media-amazon.com/images/I/41Tg2MMC++L._SL500_.jpg" alt="Product Image"></a><p>KO Nylon Beading Thread, White Color, Japanese Pre-Waxed 100% Nylon, 330TEX, Tangle Resistant Knotting Cords, 50m /55 yds Spool, Use for Seed Bead Projects, Loom Work & Bead Weaving</p><p>$7.06 ($0.04 / Foot)</p><a href="https://www.amazon.com/dp/B08RN2R2SZ?tag=eloabder-20&linkCode=osi&th=1&psc=1">View Product</a></div><div class="product"><a href="https://www.amazon.com/dp/B09J89ST79?tag=eloabder-20&linkCode=osi&th=1&psc=1"><img src="https://m.media-amazon.com/images/I/41hLuuOZeXL._SL500_.jpg" alt="Product Image"></a><p>2 Roll Polyester Thread, Heavy Duty Thread, 1500Yard/Reel 210D/3 nylon thread for sewing, Sewing Thread for Upholstery, Outdoor Market, Drapery, Leather, Beading, Crafts</p><p>$7.99 ($0.00 / Foot)</p><a href="https://www.amazon.com/dp/B09J89ST79?tag=eloabder-20&linkCode=osi&th=1&psc=1">View Product</a></div><div class="product"><a href="https://www.amazon.com/dp/B0C6MSY7QQ?tag=eloabder-20&linkCode=osi&th=1&psc=1"><img src="https://m.media-amazon.com/images/I/31Bn-MyA62L._SL500_.jpg" alt="Product Image"></a><p>PH PandaHall 0.1mm Nylon String 100 Yards Beading Thread White Nylon Seed Bead Thread Bracelet Beading Thread Sewing String for Leather Stitching Beading Jewelry Bracelets Making</p><p>$7.99 ($0.03 / Foot)</p><a href="https://www.amazon.com/dp/B0C6MSY7QQ?tag=eloabder-20&linkCode=osi&th=1&psc=1">View Product</a></div>

<div class="product"><a href="https://www.amazon.com/dp/B07NMNDT1W?tag=eloabder-20&linkCode=osi&th=1&psc=1"><img src="https://m.media-amazon.com/images/I/41-zwQIcVcL._SL500_.jpg" alt="Product Image"></a><p>Howemon White Beeswax Pellets 2LB 100% Pure and Natural Triple Filtered for Skin, Face, Body and Hair Care DIY Creams, Lotions, Lip Balm and Soap Making Supplies</p><p>$13.99 ($0.44 / Fl Oz)</p><a href="https://www.amazon.com/dp/B07NMNDT1W?tag=eloabder-20&linkCode=osi&th=1&psc=1">View Product</a></div><div class="product"><a href="https://www.amazon.com/dp/B00B3U0FW4?tag=eloabder-20&linkCode=osi&th=1&psc=1"><img src="https://m.media-amazon.com/images/I/51rWFCST+TL._SL500_.jpg" alt="Product Image"></a><p>Beesworks Yellow Beeswax Pellets (1 lb) | 100% Pure, Cosmetic Grade, Triple-Filtered Beeswax for DIY Skin care, Lip Balm, Lotion, and Candle Making</p><p>$13.99 ($0.87 / Ounce)</p><a href="https://www.amazon.com/dp/B00B3U0FW4?tag=eloabder-20&linkCode=osi&th=1&psc=1">View Product</a></div><div class="product"><a href="https://www.amazon.com/dp/B01LWX2IO1?tag=eloabder-20&linkCode=osi&th=1&psc=1"><img src="https://m.media-amazon.com/images/I/41MlNqhDyCL._SL500_.jpg" alt="Product Image"></a><p>Beesworks Yellow Beeswax Bars (6 oz) | 100% Pure, Cosmetic Grade, Triple-Filtered Beeswax for DIY Skin Care, Lip Balm, Lotion and Candle Making (1 oz Bars - Pack of 6)</p><p>$6.99</p><a href="https://www.amazon.com/dp/B01LWX2IO1?tag=eloabder-20&linkCode=osi&th=1&psc=1">View Product</a></div><div class="product"><a href="https://www.amazon.com/dp/B0BV77F19N?tag=eloabder-20&linkCode=osi&th=1&psc=1"><img src="https://m.media-amazon.com/images/I/41xzHaO1-EL._SL500_.jpg" alt="Product Image"></a><p>Beeswax Pellets 10LB Cosmetic Beeswax Triple Filtered Beeswax Pastilles for Candle Making Great for DIY Projects Creams Lotions Lip Balm and Soap Making Supplies(10LB)</p><p>$32.99</p><a href="https://www.amazon.com/dp/B0BV77F19N?tag=eloabder-20&linkCode=osi&th=1&psc=1">View Product</a></div><div class="product"><a href="https://www.amazon.com/dp/B0C9QSG3CY?tag=eloabder-20&linkCode=osi&th=1&psc=1"><img src="https://m.media-amazon.com/images/I/414XQcU6SRL._SL500_.jpg" alt="Product Image"></a><p>YASNAY White Beeswax Pellets 2LB, 100% Organic Beeswax, Beeswax for Candle Making, Body, Skin Care DIY, Lip Balm and Soap Making Supplies</p><p>$11.99</p><a href="https://www.amazon.com/dp/B0C9QSG3CY?tag=eloabder-20&linkCode=osi&th=1&psc=1">View Product</a></div><div class="product"><a href="https://www.amazon.com/dp/B097HTC4WN?tag=eloabder-20&linkCode=osi&th=1&psc=1"><img src="https://m.media-amazon.com/images/I/51pwMM7C6-L._SL500_.jpg" alt="Product Image"></a><p>Eco Lux 8 Yellow Beeswax Blocks 100% Pure Natural Organic Bees Wax 6.5oz</p><p>$8.49 ($1.35 / Ounce)</p><a href="https://www.amazon.com/dp/B097HTC4WN?tag=eloabder-20&linkCode=osi&th=1&psc=1">View Product</a></div><div class="product"><a href="https://www.amazon.com/dp/B00HDHQQCE?tag=eloabder-20&linkCode=osi&th=1&psc=1"><img src="https://m.media-amazon.com/images/I/41vF-7MwNhL._SL500_.jpg" alt="Product Image"></a><p>Murray's 100% Pure Beeswax 4 oz</p><p>$5.98 ($1.50 / Ounce)</p><a href="https://www.amazon.com/dp/B00HDHQQCE?tag=eloabder-20&linkCode=osi&th=1&psc=1">View Product</a></div><div class="product"><a href="https://www.amazon.com/dp/B09YM8JTLM?tag=eloabder-20&linkCode=osi&th=1&psc=1"><img src="https://m.media-amazon.com/images/I/41cjNuBnFEL._SL500_.jpg" alt="Product Image"></a><p>TRINIDa Beeswax Pellets 2LB(32 oz), 100% Organic Yellow Bees Wax for DIY Candles, Beeswax for Candle Making, Skin, Body, Face, and Hair Care, Lotions, DIY Creams, Lip Balm and Soap Making Supplies</p><p>$11.99</p><a href="https://www.amazon.com/dp/B09YM8JTLM?tag=eloabder-20&linkCode=osi&th=1&psc=1">View Product</a></div><div class="product"><a href="https://www.amazon.com/dp/B00F3CNMV4?tag=eloabder-20&linkCode=osi&th=1&psc=1"><img src="https://m.media-amazon.com/images/I/31pjrRAEa4L._SL500_.jpg" alt="Product Image"></a><p>Stakich Yellow Beeswax Block - Natural, Triple Filtered - 1 Pound, Honey Scent</p><p>$13.95 ($0.87 / Ounce)</p><a href="https://www.amazon.com/dp/B00F3CNMV4?tag=eloabder-20&linkCode=osi&th=1&psc=1">View Product</a></div><div class="product"><a href="https://www.amazon.com/dp/B0BXFZBZS9?tag=eloabder-20&linkCode=osi&th=1&psc=1"><img src="https://m.media-amazon.com/images/I/4178i9IB9KL._SL500_.jpg" alt="Product Image"></a><p>5LB Beeswax Pellets Beeswax for Candle Making Organic Beeswax Pellets for Skin Beeswax Beads Beeswax Bulk Beeswax for Lotion Making Organic for DIY and Craft Project</p><p>$22.99</p><a href="https://www.amazon.com/dp/B0BXFZBZS9?tag=eloabder-20&linkCode=osi&th=1&psc=1">View Product</a></div>
<div class="product"><a href="https://www.amazon.com/dp/B0052F1BVK?tag=eloabder-20&linkCode=osi&th=1&psc=1"><img src="https://m.media-amazon.com/images/I/41zE9eiGoLL._SL500_.jpg" alt="Product Image"></a><p>ACC Staples Large Binder Clips, 2" Width, 1" Capacity, Black, 12/Pk</p><p>$6.30</p><a href="https://www.amazon.com/dp/B0052F1BVK?tag=eloabder-20&linkCode=osi&th=1&psc=1">View Product</a></div><div class="product"><a href="https://www.amazon.com/dp/B07MLFR771?tag=eloabder-20&linkCode=osi&th=1&psc=1"><img src="https://m.media-amazon.com/images/I/51N2wxA7N0L._SL500_.jpg" alt="Product Image"></a><p>CooBigo 50 Pack Binder Ring, Metal Book Ring Paper Ring Holder 5/8-Inch Loose Leaf Binder Ring Clip for Index Card, Flash Card Ring, Card Calendar, Keychain Key Ring - Bronze</p><p>$6.99</p><a href="https://www.amazon.com/dp/B07MLFR771?tag=eloabder-20&linkCode=osi&th=1&psc=1">View Product</a></div><div class="product"><a href="https://www.amazon.com/dp/B01563NHGY?tag=eloabder-20&linkCode=osi&th=1&psc=1"><img src="https://m.media-amazon.com/images/I/41gj+0ZftqL._SL500_.jpg" alt="Product Image"></a><p>vanki Pack of 40 Cute Lovely Smiling Face Spring-Loaded File Organizer Paper Holder Metal Binder Clips, Assorted Color</p><p>$8.99</p><a href="https://www.amazon.com/dp/B01563NHGY?tag=eloabder-20&linkCode=osi&th=1&psc=1">View Product</a></div><div class="product"><a href="https://www.amazon.com/dp/B000GOUDSO?tag=eloabder-20&linkCode=osi&th=1&psc=1"><img src="https://m.media-amazon.com/images/I/41ZANISHgML._SL500_.jpg" alt="Product Image"></a><p>Small Binder Clips .75" 8/Pkg-Assorted Colors</p><p>$4.46</p><a href="https://www.amazon.com/dp/B000GOUDSO?tag=eloabder-20&linkCode=osi&th=1&psc=1">View Product</a></div>
<div class="product"><a href="https://www.amazon.com/dp/B07PRPX4VR?tag=eloabder-20&linkCode=osi&th=1&psc=1"><img src="https://m.media-amazon.com/images/I/41IMH12fdPL._SL500_.jpg" alt="Product Image"></a><p>Durable Sheet Lifters, Durable Easy Flow, 11" x 3", Lifts Sheets Over Rings and Protects Sheets from Tearing, Fit Standard 3-Ring Binders, Black (20 Pack)</p><p>$14.99</p><a href="https://www.amazon.com/dp/B07PRPX4VR?tag=eloabder-20&linkCode=osi&th=1&psc=1">View Product</a></div><div class="product"><a href="https://www.amazon.com/dp/B0CM8QJHFW?tag=eloabder-20&linkCode=osi&th=1&psc=1"><img src="https://m.media-amazon.com/images/I/31cJGS74oCL._SL500_.jpg" alt="Product Image"></a><p>Wantane D-Shaped Tape Storage Ring Tape Storage Ring 4" D-Shaped Washi Tape Storage Ring for DIY Decoration and Storage（Nickel）-2PCS</p><p>$7.99</p><a href="https://www.amazon.com/dp/B0CM8QJHFW?tag=eloabder-20&linkCode=osi&th=1&psc=1">View Product</a></div>
<div class="product"><a href="https://www.amazon.com/dp/B00006IAS3?tag=eloabder-20&linkCode=osi&th=1&psc=1"><img src="https://m.media-amazon.com/images/I/317DvSXhT1L._SL500_.jpg" alt="Product Image"></a><p>GBC Binding System, Manual, Desktop Binding Punch, 6 Sheet Punch Capacity, ProClick P50 (2515650)</p><p>$123.89</p><a href="https://www.amazon.com/dp/B00006IAS3?tag=eloabder-20&linkCode=osi&th=1&psc=1">View Product</a></div><div class="product"><a href="https://www.amazon.com/dp/B004BP81KQ?tag=eloabder-20&linkCode=osi&th=1&psc=1"><img src="https://m.media-amazon.com/images/I/51SqfeZ12KL._SL500_.jpg" alt="Product Image"></a><p>We R Memory Keepers Cinch Book Binding Wire (1-Inch, Silver (2 Pack))</p><p>$5.99</p><a href="https://www.amazon.com/dp/B004BP81KQ?tag=eloabder-20&linkCode=osi&th=1&psc=1">View Product</a></div>

<div class="product"><a href="https://www.amazon.com/dp/B0007ZJ8TM?tag=eloabder-20&linkCode=osi&th=1&psc=1"><img src="https://m.media-amazon.com/images/I/41i49sz3UAL._SL500_.jpg" alt="Product Image"></a><p>Speedball Super Black India Ink, 2-Ounce</p><p>$9.99 ($9.99 / Count)</p><a href="https://www.amazon.com/dp/B0007ZJ8TM?tag=eloabder-20&linkCode=osi&th=1&psc=1">View Product</a></div><div class="product"><a href="https://www.amazon.com/dp/B0026I10AI?tag=eloabder-20&linkCode=osi&th=1&psc=1"><img src="https://m.media-amazon.com/images/I/31vklP4uBsL._SL500_.jpg" alt="Product Image"></a><p>Dr. Ph. Martin's Bombay India (7BY) Ink Bottle, 1.0 oz, Black</p><p>$6.99</p><a href="https://www.amazon.com/dp/B0026I10AI?tag=eloabder-20&linkCode=osi&th=1&psc=1">View Product</a></div><div class="product"><a href="https://www.amazon.com/dp/B000KNP96C?tag=eloabder-20&linkCode=osi&th=1&psc=1"><img src="https://m.media-amazon.com/images/I/51e9srYtG0L._SL500_.jpg" alt="Product Image"></a><p>Winsor & Newton Drawing Ink, 14ml Bottle, Black Indian</p><p>$10.99</p><a href="https://www.amazon.com/dp/B000KNP96C?tag=eloabder-20&linkCode=osi&th=1&psc=1">View Product</a></div><div class="product"><a href="https://www.amazon.com/dp/B07BQG5QF4?tag=eloabder-20&linkCode=osi&th=1&psc=1"><img src="https://m.media-amazon.com/images/I/41nEMDYZaiL._SL500_.jpg" alt="Product Image"></a><p>Speedball Super Black India Ink, 16-Ounce</p><p>$19.99</p><a href="https://www.amazon.com/dp/B07BQG5QF4?tag=eloabder-20&linkCode=osi&th=1&psc=1">View Product</a></div><div class="product"><a href="https://www.amazon.com/dp/B001038NLY?tag=eloabder-20&linkCode=osi&th=1&psc=1"><img src="https://m.media-amazon.com/images/I/418i4sxJJ0L._SL500_.jpg" alt="Product Image"></a><p>Speedball Fabric Screen Printing Ink, 8-Ounce, Black for T-Shirt and Silkscreen Printmaking</p><p>$12.99 ($1.62 / Fl Oz)</p><a href="https://www.amazon.com/dp/B001038NLY?tag=eloabder-20&linkCode=osi&th=1&psc=1">View Product</a></div><div class="product"><a href="https://www.amazon.com/dp/B00161OPSA?tag=eloabder-20&linkCode=osi&th=1&psc=1"><img src="https://m.media-amazon.com/images/I/41C32y3CJAL._SL500_.jpg" alt="Product Image"></a><p>Tsukineko VersaFine inkpad, Full-Size, Onyx Black</p><p>$4.99 ($4.99 / Count)</p><a href="https://www.amazon.com/dp/B00161OPSA?tag=eloabder-20&linkCode=osi&th=1&psc=1">View Product</a></div>
<div class="product"><a href="https://www.amazon.com/dp/B07Q4TJCDJ?tag=eloabder-20&linkCode=osi&th=1&psc=1"><img src="https://m.media-amazon.com/images/I/315HYvYg-BL._SL500_.jpg" alt="Product Image"></a><p>Primbeeks 300pcs Blank Business Cards, Premium Blank White Cards, 3.5" x 2.2" Small Blank Cards, Blank Cardstock Cards, Small Note Cards, white blank cards, white business cards, kraft paper cards</p><p>$7.99</p><a href="https://www.amazon.com/dp/B07Q4TJCDJ?tag=eloabder-20&linkCode=osi&th=1&psc=1">View Product</a></div><div class="product"><a href="https://www.amazon.com/dp/B0CRGHFLT8?tag=eloabder-20&linkCode=osi&th=1&psc=1"><img src="https://m.media-amazon.com/images/I/41S1NLpb8hL._SL500_.jpg" alt="Product Image"></a><p>Watercolor Cards and Envelopes Set - 50 Folded 5x7 Inch Blank Heavyweight Paper Cards (140lb/300gsm) with Matching Envelopes for DIY Greeting Cards, Festivals, and Events</p><p>$17.99 ($0.36 / Count)</p><a href="https://www.amazon.com/dp/B0CRGHFLT8?tag=eloabder-20&linkCode=osi&th=1&psc=1">View Product</a></div><div class="product"><a href="https://www.amazon.com/dp/B08MX4TZ3H?tag=eloabder-20&linkCode=osi&th=1&psc=1"><img src="https://m.media-amazon.com/images/I/41D2u4vdLQL._SL500_.jpg" alt="Product Image"></a><p>50 Pack Blank Kraft Cards Cardstock Thick Paper Brown Greeting Cards for DIY Gift Card Menus, Baby Shower and Wedding Invitations (Multicolored, 5x7IN)</p><p>$8.99</p><a href="https://www.amazon.com/dp/B08MX4TZ3H?tag=eloabder-20&linkCode=osi&th=1&psc=1">View Product</a></div><div class="product"><a href="https://www.amazon.com/dp/B08BDGGVMK?tag=eloabder-20&linkCode=osi&th=1&psc=1"><img src="https://m.media-amazon.com/images/I/41W-dTUoBqL._SL500_.jpg" alt="Product Image"></a><p>100pcs 3.54"x2" Blank Kraft Paper Business Card, Words Message Notes paper Tags, Mini Craft Cardboard Festival gifts - 6 colors</p><p>$5.98</p><a href="https://www.amazon.com/dp/B08BDGGVMK?tag=eloabder-20&linkCode=osi&th=1&psc=1">View Product</a></div><div class="product"><a href="https://www.amazon.com/dp/B08BFDJJ78?tag=eloabder-20&linkCode=osi&th=1&psc=1"><img src="https://m.media-amazon.com/images/I/61LZ1Csb+dL._SL500_.jpg" alt="Product Image"></a><p>Nettbe 100pcs 3.54"x2" Blank Kraft Paper Business Card, Words Message Notes paper Tags, Mini Craft Cardboard Festival gifts</p><p>$5.99</p><a href="https://www.amazon.com/dp/B08BFDJJ78?tag=eloabder-20&linkCode=osi&th=1&psc=1">View Product</a></div><div class="product"><a href="https://www.amazon.com/dp/B07Q8YBJM3?tag=eloabder-20&linkCode=osi&th=1&psc=1"><img src="https://m.media-amazon.com/images/I/31w6U4cCqEL._SL500_.jpg" alt="Product Image"></a><p>Primbeeks 228pcs Blank Business Cards, Premium Blank White Cards, 3.5" x 2.2" Small Blank Cards, Blank Cardstock Cards, Small Note Cards, white blank cards, white business cards, kraft paper cards</p><p>$5.99</p><a href="https://www.amazon.com/dp/B07Q8YBJM3?tag=eloabder-20&linkCode=osi&th=1&psc=1">View Product</a></div><div class="product"><a href="https://www.amazon.com/dp/B08X4Z9TGN?tag=eloabder-20&linkCode=osi&th=1&psc=1"><img src="https://m.media-amazon.com/images/I/41Jqhe35tDL._SL500_.jpg" alt="Product Image"></a><p>321Done Blank Rustic Cards, Made in USA - 4x6 Thick, Heavy Cardstock - Make Invites, Greeting, Note, Thank You Cards - Plain Kraft for Writing, Stamping, Printing, Art - No Envelopes - Set of 50</p><p>$14.99</p><a href="https://www.amazon.com/dp/B08X4Z9TGN?tag=eloabder-20&linkCode=osi&th=1&psc=1">View Product</a></div><div class="product"><a href="https://www.amazon.com/dp/B0D2KDWBNM?tag=eloabder-20&linkCode=osi&th=1&psc=1"><img src="https://m.media-amazon.com/images/I/31dAhnBJ7aL._SL500_.jpg" alt="Product Image"></a><p>4x6 Blank White Cardstock (Set of 100) - Card Stock for Printer Postcards, Photo Paper Invitations, Greeting, Note, Thank You, DIY Making, Index Cards - Plain for Writing, Stamping, Printing, Art</p><p>$8.99</p><a href="https://www.amazon.com/dp/B0D2KDWBNM?tag=eloabder-20&linkCode=osi&th=1&psc=1">View Product</a></div><div class="product"><a href="https://www.amazon.com/dp/B0BB858RYN?tag=eloabder-20&linkCode=osi&th=1&psc=1"><img src="https://m.media-amazon.com/images/I/317zmriPKNL._SL500_.jpg" alt="Product Image"></a><p>WANDERINGS Handmade White Deckle Edge Blank Greeting Cards- Folded to 5x7” - Pack of 25 - Writers, Artists, Crafters - Thank Yous, Invitations, Menus, Greeting Cards, Notes - Thick 150 GSM</p><p>$21.99 ($0.88 / Count)</p><a href="https://www.amazon.com/dp/B0BB858RYN?tag=eloabder-20&linkCode=osi&th=1&psc=1">View Product</a></div><div class="product"><a href="https://www.amazon.com/dp/B0BZPPXRZW?tag=eloabder-20&linkCode=osi&th=1&psc=1"><img src="https://m.media-amazon.com/images/I/21Da-WQhrpL._SL500_.jpg" alt="Product Image"></a><p>100 Pack Thick Paper Cardstock Blank Heavy Cards Stock for Invitations, Greeting Cards Making, Postcards, Photos, 250GSM Thick Paper (White, 2x3.5 inches)</p><p>$5.99</p><a href="https://www.amazon.com/dp/B0BZPPXRZW?tag=eloabder-20&linkCode=osi&th=1&psc=1">View Product</a></div>
<div class="product"><a href="https://www.amazon.com/dp/B0BZRDQKH6?tag=eloabder-20&linkCode=osi&th=1&psc=1"><img src="https://m.media-amazon.com/images/I/41GYYRiusgL._SL500_.jpg" alt="Product Image"></a><p>feela 8 Pack Unlined Kraft Paper Notebooks, Blank Journal Note Pad for Drawing Writing, Small Sketchbook Travel Journal Bulk for Women Kids Students Office School Supplies, A5, 60 Pages, 8.3” X 5.5”</p><p>$9.99</p><a href="https://www.amazon.com/dp/B0BZRDQKH6?tag=eloabder-20&linkCode=osi&th=1&psc=1">View Product</a></div><div class="product"><a href="https://www.amazon.com/dp/B0BXLB74KK?tag=eloabder-20&linkCode=osi&th=1&psc=1"><img src="https://m.media-amazon.com/images/I/313vYzg7HpL._SL500_.jpg" alt="Product Image"></a><p>ZZTX 4 Pack Blank Kraft Notebooks, Blank Paper Sketchbooks for Drawing Doodling Writing,Travel Journal Set, A5, 36 Pages, 8.3” X 5.5”</p><p>$5.99</p><a href="https://www.amazon.com/dp/B0BXLB74KK?tag=eloabder-20&linkCode=osi&th=1&psc=1">View Product</a></div><div class="product"><a href="https://www.amazon.com/dp/B0BW5TNPXJ?tag=eloabder-20&linkCode=osi&th=1&psc=1"><img src="https://m.media-amazon.com/images/I/31Wu8UP78iL._SL500_.jpg" alt="Product Image"></a><p>EOOUT Kraft Notebooks, Blank Page Journals in Bulk, 16pcs A5, 8.3 X 5.5 Inches, 60 Pages, 80gsm, Travel Journal Set, for Art Camp, Travelers, Students and Office Supplies Sketchbooks Bulk for Kids</p><p>$15.99</p><a href="https://www.amazon.com/dp/B0BW5TNPXJ?tag=eloabder-20&linkCode=osi&th=1&psc=1">View Product</a></div><div class="product"><a href="https://www.amazon.com/dp/B08P3F46SD?tag=eloabder-20&linkCode=osi&th=1&psc=1"><img src="https://m.media-amazon.com/images/I/41jeBDcZJ1L._SL500_.jpg" alt="Product Image"></a><p>Krafty Soft Cover Blank Notebook Journal, Spiral Sketchbook Pad, Drawing Book, 60 Sheets/140gsm (A4)/120 Pages</p><p>$7.99</p><a href="https://www.amazon.com/dp/B08P3F46SD?tag=eloabder-20&linkCode=osi&th=1&psc=1">View Product</a></div><div class="product"><a href="https://www.amazon.com/dp/B0CWNPMC4T?tag=eloabder-20&linkCode=osi&th=1&psc=1"><img src="https://m.media-amazon.com/images/I/31BZeVGe6TL._SL500_.jpg" alt="Product Image"></a><p>zmybcpack 5 Pack Blank Journal Notebooks, Blank Paper Sketchbook for Drawing Writing, Travel Journal Notebook Kraft Paper Notebook for Travelers, Students, Office, A5, 8.26” x 5.5”, 60 Pages/30 Sheets</p><p>$8.99</p><a href="https://www.amazon.com/dp/B0CWNPMC4T?tag=eloabder-20&linkCode=osi&th=1&psc=1">View Product</a></div><div class="product"><a href="https://www.amazon.com/dp/B07WHYP9WN?tag=eloabder-20&linkCode=osi&th=1&psc=1"><img src="https://m.media-amazon.com/images/I/41ZhyCux1yL._SL500_.jpg" alt="Product Image"></a><p>Thick Blank Journal Notebook with Unlined / Unruled / Plain Pages | Deluxe 120gsm Ink Resistant Paper for Writing, Sketch Book, 160 Pages | Hardcover Sketchbook with Pen Holder, Pocket, Ribbon (Black)</p><p>$14.99</p><a href="https://www.amazon.com/dp/B07WHYP9WN?tag=eloabder-20&linkCode=osi&th=1&psc=1">View Product</a></div>
<div class="product"><a href="https://www.amazon.com/dp/B07MT7HKZW?tag=eloabder-20&linkCode=osi&th=1&psc=1"><img src="https://m.media-amazon.com/images/I/413JwH5JREL._SL500_.jpg" alt="Product Image"></a><p>Spiral Sketch Book Large Notebook（Built-in Drawing Board） Kraft Cover Blank Sketch Pad Wirebound Sketching for Drawing Painting 8.5x11-Inch (2 Pack) 200 Sheets, 100 Sheets, 200Pages Each</p><p>$17.99 ($9.00 / Count)</p><a href="https://www.amazon.com/dp/B07MT7HKZW?tag=eloabder-20&linkCode=osi&th=1&psc=1">View Product</a></div><div class="product"><a href="https://www.amazon.com/dp/B0BDQ82WB9?tag=eloabder-20&linkCode=osi&th=1&psc=1"><img src="https://m.media-amazon.com/images/I/51FoWr3GPwL._SL500_.jpg" alt="Product Image"></a><p>feela 170 Pack Blank Kraft Notebooks, Unlined Sketchbook Mini Cute Note Pad for Drawing Writing, Journal Bulk For Kids Students Office School Supplies, A6, 48 Pages, 4.25” X 5.5”, Black and Brown</p><p>$51.99</p><a href="https://www.amazon.com/dp/B0BDQ82WB9?tag=eloabder-20&linkCode=osi&th=1&psc=1">View Product</a></div><div class="product"><a href="https://www.amazon.com/dp/B0B3WWHWT2?tag=eloabder-20&linkCode=osi&th=1&psc=1"><img src="https://m.media-amazon.com/images/I/31m0FzXtPxL._SL500_.jpg" alt="Product Image"></a><p>Tamaki 6 Pack Colorful Blank Books for kids to Write, Drawing, Cute Sketchbook for Kid, 6 Colors (4.25 x 5.5 Inches)</p><p>$6.99</p><a href="https://www.amazon.com/dp/B0B3WWHWT2?tag=eloabder-20&linkCode=osi&th=1&psc=1">View Product</a></div>
<div class="product"><a href="https://www.amazon.com/dp/B0BGH2P9M6?tag=eloabder-20&linkCode=osi&th=1&psc=1"><img src="https://m.media-amazon.com/images/I/41ozOaYoHEL._SL500_.jpg" alt="Product Image"></a><p>EOOUT 100pcs A5 Kraft Notebooks, Blank Page Journals in Bulk, Sketchbooks Bulk for Kids, 60 Pages, 80GSM, 8.3 X 5.5 Inch, Travel Journal Set, for Art Camp, Travelers, Students and Office Supplies</p><p>$51.99</p><a href="https://www.amazon.com/dp/B0BGH2P9M6?tag=eloabder-20&linkCode=osi&th=1&psc=1">View Product</a></div><div class="product"><a href="https://www.amazon.com/dp/B07MT99F94?tag=eloabder-20&linkCode=osi&th=1&psc=1"><img src="https://m.media-amazon.com/images/I/41Ug7gpSWDL._SL500_.jpg" alt="Product Image"></a><p>Spiral Sketch Book Large Notebook（Built-in Drawing Board） Kraft Cover Blank Sketch Pad Wirebound Sketching for Drawing Painting 8.5x11-Inch (1 Pack) 200 Pages, 100 Sheets</p><p>$9.99</p><a href="https://www.amazon.com/dp/B07MT99F94?tag=eloabder-20&linkCode=osi&th=1&psc=1">View Product</a></div><div class="product"><a href="https://www.amazon.com/dp/B07CM32KLM?tag=eloabder-20&linkCode=osi&th=1&psc=1"><img src="https://m.media-amazon.com/images/I/41ENhBLE9DL._SL500_.jpg" alt="Product Image"></a><p>Kraft Cover Drawing Notebook & Sketchbook – Set of 2 Blank Plain Sketch Books – 125g Thick Paper A5 Size, 150x210mm Paper Ideal for Drawing & Sketching- 128 sheets/256 pages – 180 Degree Opening, 2pcs</p><p>$20.99 ($0.08 / Count)</p><a href="https://www.amazon.com/dp/B07CM32KLM?tag=eloabder-20&linkCode=osi&th=1&psc=1">View Product</a></div><div class="product"><a href="https://www.amazon.com/dp/B08ZLMLF7C?tag=eloabder-20&linkCode=osi&th=1&psc=1"><img src="https://m.media-amazon.com/images/I/41X-5yj83vL._SL500_.jpg" alt="Product Image"></a><p>BEECHMORE BOOKS Sketch Book, A4 8.5 x 11.5 inch Blank Sketchbook for Drawing, Paint and Draw, 156 Pages Thick Paper 160gsm, Hardcover Leather Art Notebook, Boxed for Gifts (Chestnut Brown)</p><p>$21.20</p><a href="https://www.amazon.com/dp/B08ZLMLF7C?tag=eloabder-20&linkCode=osi&th=1&psc=1">View Product</a></div>
<div class="product"><a href="https://www.amazon.com/dp/B075M9MSFH?tag=eloabder-20&linkCode=osi&th=1&psc=1"><img src="https://m.media-amazon.com/images/I/51x+szTX6TL._SL500_.jpg" alt="Product Image"></a><p>Bianyo Bleedproof Marker Paper Pad, A4(8.27"X11.69"), 50 Sheets, 18 LB / 70 GSM, Glue-Bound, 100% Cotton, White, Ideal for Use with Markers and Ink Mediums</p><p>$9.99</p><a href="https://www.amazon.com/dp/B075M9MSFH?tag=eloabder-20&linkCode=osi&th=1&psc=1">View Product</a></div><div class="product"><a href="https://www.amazon.com/dp/B08FX5S2NL?tag=eloabder-20&linkCode=osi&th=1&psc=1"><img src="https://m.media-amazon.com/images/I/41CA0ZfazKL._SL500_.jpg" alt="Product Image"></a><p>Marker Paper Sketchbook, Bleedproof Art Marker Pad, (8.27 X 11.69) Inch, White, 40 Sheets</p><p>$6.99</p><a href="https://www.amazon.com/dp/B08FX5S2NL?tag=eloabder-20&linkCode=osi&th=1&psc=1">View Product</a></div><div class="product"><a href="https://www.amazon.com/dp/B0CJRBFSJ8?tag=eloabder-20&linkCode=osi&th=1&psc=1"><img src="https://m.media-amazon.com/images/I/51DLA8TpwEL._SL500_.jpg" alt="Product Image"></a><p>Shuttle Art Marker Pad, 8.3”x8.9” Portable Square Sketchbook, 80 Sheets Marker Drawing Paper, 120LB/200GSM Bleedproof Art Paper, Spiral-Bound, Great for Professional Artist to Draw, Paint & Sketch</p><p>$16.99</p><a href="https://www.amazon.com/dp/B0CJRBFSJ8?tag=eloabder-20&linkCode=osi&th=1&psc=1">View Product</a></div><div class="product"><a href="https://www.amazon.com/dp/B09N7VX5Z5?tag=eloabder-20&linkCode=osi&th=1&psc=1"><img src="https://m.media-amazon.com/images/I/51xCPs9HZyL._SL500_.jpg" alt="Product Image"></a><p>Marker Paper Sketchbook - Marker Sketchbook with Bleedproof Smooth Coated Art Paper, 120 GSM 80 LBS - Marker Pad for Alcohol Markers, Sketching, Drawing - 8.11 x 8.5 Inch | 50 Sheets, 2 Pack</p><p>$15.99 ($8.00 / Count)</p><a href="https://www.amazon.com/dp/B09N7VX5Z5?tag=eloabder-20&linkCode=osi&th=1&psc=1">View Product</a></div><div class="product"><a href="https://www.amazon.com/dp/B07CK94W9T?tag=eloabder-20&linkCode=osi&th=1&psc=1"><img src="https://m.media-amazon.com/images/I/41ocoSNDjdL._SL500_.jpg" alt="Product Image"></a><p>BOXUN Premium 50 Sheets Sketch Marker Paper Pad, Bleedproof Artist Drawing Paper, 8.27 x 11.69 Inch</p><p>$8.29 ($0.17 / Count)</p><a href="https://www.amazon.com/dp/B07CK94W9T?tag=eloabder-20&linkCode=osi&th=1&psc=1">View Product</a></div><div class="product"><a href="https://www.amazon.com/dp/B0CPXWD11W?tag=eloabder-20&linkCode=osi&th=1&psc=1"><img src="https://m.media-amazon.com/images/I/51ApKzpDVNL._SL500_.jpg" alt="Product Image"></a><p>FEITAKE Marker Paper Pad Sketchbook Bleedproof for Alcohol Markers 120lb/200gsm Double Sided Thick Art Drawing Papers 60pages (30Sheets) / A4(8.3"x11.7") Gift for Artists Students Kids</p><p>$13.99 ($0.47 / Count)</p><a href="https://www.amazon.com/dp/B0CPXWD11W?tag=eloabder-20&linkCode=osi&th=1&psc=1">View Product</a></div><div class="product"><a href="https://www.amazon.com/dp/B0025TWYW6?tag=eloabder-20&linkCode=osi&th=1&psc=1"><img src="https://m.media-amazon.com/images/I/51t6UkUHCvL._SL500_.jpg" alt="Product Image"></a><p>Bee Paper Bleedproof Marker Pack, 8-1/2-Inch by 11-Inch, 50 Sheets per Pack</p><p>$17.09 ($0.34 / Count)</p><a href="https://www.amazon.com/dp/B0025TWYW6?tag=eloabder-20&linkCode=osi&th=1&psc=1">View Product</a></div><div class="product"><a href="https://www.amazon.com/dp/B0CJRBYYQB?tag=eloabder-20&linkCode=osi&th=1&psc=1"><img src="https://m.media-amazon.com/images/I/41knBnjZ25L._SL500_.jpg" alt="Product Image"></a><p>Shuttle Art Marker Pad, 8.3”x7.67” Portable Square Sketchbook, 50 Sheets Marker Drawing Paper, 60LB/90GSM Smooth Surface Bleedproof Art Paper, Glue-Bound, Great for Beginners to Draw, Paint & Sketch</p><p>$8.99 ($0.18 / Count)</p><a href="https://www.amazon.com/dp/B0CJRBYYQB?tag=eloabder-20&linkCode=osi&th=1&psc=1">View Product</a></div>
<div class="product"><a href="https://www.amazon.com/dp/B00881IU8M?tag=eloabder-20&linkCode=osi&th=1&psc=1"><img src="https://m.media-amazon.com/images/I/41hbSgdLBtL._SL500_.jpg" alt="Product Image"></a><p>Speedball Fabric & Paper Block Printing Ink 6-Color Set, 1.25-Ounce x 6</p><p>$28.99 ($28.99 / Count)</p><a href="https://www.amazon.com/dp/B00881IU8M?tag=eloabder-20&linkCode=osi&th=1&psc=1">View Product</a></div><div class="product"><a href="https://www.amazon.com/dp/B000J09PFM?tag=eloabder-20&linkCode=osi&th=1&psc=1"><img src="https://m.media-amazon.com/images/I/51yPRc4nvoL._SL500_.jpg" alt="Product Image"></a><p>Speedball Water-Soluble Block Printing Ink Starter Set, 6 Bold Colors with Satin Finish, 1.25-Ounce Tubes</p><p>$29.99 ($4.00 / Fl Oz)</p><a href="https://www.amazon.com/dp/B000J09PFM?tag=eloabder-20&linkCode=osi&th=1&psc=1">View Product</a></div><div class="product"><a href="https://www.amazon.com/dp/B000BYT24U?tag=eloabder-20&linkCode=osi&th=1&psc=1"><img src="https://m.media-amazon.com/images/I/51pDlo+LlKL._SL500_.jpg" alt="Product Image"></a><p>Speedball Water-Soluble Block Printing Ink, 8-Ounce Jar, Black</p><p>$14.49</p><a href="https://www.amazon.com/dp/B000BYT24U?tag=eloabder-20&linkCode=osi&th=1&psc=1">View Product</a></div><div class="product"><a href="https://www.amazon.com/dp/B00C1JUJWW?tag=eloabder-20&linkCode=osi&th=1&psc=1"><img src="https://m.media-amazon.com/images/I/41zDtJ6f5hL._SL500_.jpg" alt="Product Image"></a><p>Speedball Fabric Block Printing Ink, 2.5-Ounce, Black</p><p>$9.99 ($4.00 / Fl Oz)</p><a href="https://www.amazon.com/dp/B00C1JUJWW?tag=eloabder-20&linkCode=osi&th=1&psc=1">View Product</a></div><div class="product"><a href="https://www.amazon.com/dp/B004PZ1ZJG?tag=eloabder-20&linkCode=osi&th=1&psc=1"><img src="https://m.media-amazon.com/images/I/41+GkhhpR5L._SL500_.jpg" alt="Product Image"></a><p>Speedball Water-Soluble Block Printing Ink Starter Set, 4-Color Set, 1.25-Ounce Tubes</p><p>$20.99</p><a href="https://www.amazon.com/dp/B004PZ1ZJG?tag=eloabder-20&linkCode=osi&th=1&psc=1">View Product</a></div><div class="product"><a href="https://www.amazon.com/dp/B0017CZF3C?tag=eloabder-20&linkCode=osi&th=1&psc=1"><img src="https://m.media-amazon.com/images/I/41S17SYPAZL._SL500_.jpg" alt="Product Image"></a><p>Speedball Water Soluble Block Printing Ink, Black, 2-1/2 Ounces - 380663</p><p>$9.99</p><a href="https://www.amazon.com/dp/B0017CZF3C?tag=eloabder-20&linkCode=osi&th=1&psc=1">View Product</a></div><div class="product"><a href="https://www.amazon.com/dp/B0BXNX8FSH?tag=eloabder-20&linkCode=osi&th=1&psc=1"><img src="https://m.media-amazon.com/images/I/51JGm1VxVOL._SL500_.jpg" alt="Product Image"></a><p>Falling in Art Water-Soluble Block Printing Ink, 6-Color Printmaking Ink Set for Linoleum Block, 3.5 floz</p><p>$28.99</p><a href="https://www.amazon.com/dp/B0BXNX8FSH?tag=eloabder-20&linkCode=osi&th=1&psc=1">View Product</a></div><div class="product"><a href="https://www.amazon.com/dp/B0027ACJBO?tag=eloabder-20&linkCode=osi&th=1&psc=1"><img src="https://m.media-amazon.com/images/I/41OzayB9ojL._SL500_.jpg" alt="Product Image"></a><p>Speedball 3476 Oil-Based Block Printing Ink Starter Set for Professional, Permanent Prints AP Certified – 1.25 FL OZ Tubes</p><p>$33.99</p><a href="https://www.amazon.com/dp/B0027ACJBO?tag=eloabder-20&linkCode=osi&th=1&psc=1">View Product</a></div>
<div class="product"><a href="https://www.amazon.com/dp/B0027AGDWK?tag=eloabder-20&linkCode=osi&th=1&psc=1"><img src="https://m.media-amazon.com/images/I/515LDer6GPL._SL500_.jpg" alt="Product Image"></a><p>Speedball Deluxe Block Printing Kit - Includes Inks, Brayer, Bench Hook, Lino Handle and Cutters, Speedy-Carve Block, Mounted Linoleum Block</p><p>$59.99</p><a href="https://www.amazon.com/dp/B0027AGDWK?tag=eloabder-20&linkCode=osi&th=1&psc=1">View Product</a></div><div class="product"><a href="https://www.amazon.com/dp/B07ZJBZN5S?tag=eloabder-20&linkCode=osi&th=1&psc=1"><img src="https://m.media-amazon.com/images/I/41UbN58y9uS._SL500_.jpg" alt="Product Image"></a><p>SGHUO 12pcs 4"x6" Pink Rubber Carving Blocks Linoleum Block Stamp Making Kit</p><p>$22.99 ($1.92 / Count)</p><a href="https://www.amazon.com/dp/B07ZJBZN5S?tag=eloabder-20&linkCode=osi&th=1&psc=1">View Product</a></div>
<div class="product"><a href="https://www.amazon.com/dp/B00L2DYUM8?tag=eloabder-20&linkCode=osi&th=1&psc=1"><img src="https://m.media-amazon.com/images/I/51l5FZ0+5AL._SL500_.jpg" alt="Product Image"></a><p>Strathmore 300 Series Printmaking Paper Pad, Glue Bound, 5x7 inches, 40 Sheets (120g) - Artist Paper for Adults and Students - Block Printing, Linocut, Screen Printing, White</p><p>$7.26</p><a href="https://www.amazon.com/dp/B00L2DYUM8?tag=eloabder-20&linkCode=osi&th=1&psc=1">View Product</a></div><div class="product"><a href="https://www.amazon.com/dp/B07BSYS5XC?tag=eloabder-20&linkCode=osi&th=1&psc=1"><img src="https://m.media-amazon.com/images/I/51Uwfq0jv+L._SL500_.jpg" alt="Product Image"></a><p>Ucreate Printmaking Paper, 9"x12", White, 100 Sheet, P9001</p><p>$9.79</p><a href="https://www.amazon.com/dp/B07BSYS5XC?tag=eloabder-20&linkCode=osi&th=1&psc=1">View Product</a></div><div class="product"><a href="https://www.amazon.com/dp/B00K5562WA?tag=eloabder-20&linkCode=osi&th=1&psc=1"><img src="https://m.media-amazon.com/images/I/51Dm+TeJGdL._SL500_.jpg" alt="Product Image"></a><p>Strathmore Printmaking Paper Pad 8"X10"-20 Sheets -62433800, White</p><p>$10.19</p><a href="https://www.amazon.com/dp/B00K5562WA?tag=eloabder-20&linkCode=osi&th=1&psc=1">View Product</a></div><div class="product"><a href="https://www.amazon.com/dp/B001DNH8I0?tag=eloabder-20&linkCode=osi&th=1&psc=1"><img src="https://m.media-amazon.com/images/I/51UzoKdUojL._SL500_.jpg" alt="Product Image"></a><p>Black Ink 9-Inch by 12-Inch Bleached Mulberry Block Printing Paper, 25-Pack</p><p>$19.35 ($0.77 / Count)</p><a href="https://www.amazon.com/dp/B001DNH8I0?tag=eloabder-20&linkCode=osi&th=1&psc=1">View Product</a></div><div class="product"><a href="https://www.amazon.com/dp/B00C6G6L5Y?tag=eloabder-20&linkCode=osi&th=1&psc=1"><img src="https://m.media-amazon.com/images/I/5103h0Rm8sL._SL500_.jpg" alt="Product Image"></a><p>Black Ink Thai Mulberry Block Printing Paper Packs small assorted colors</p><p>$21.99</p><a href="https://www.amazon.com/dp/B00C6G6L5Y?tag=eloabder-20&linkCode=osi&th=1&psc=1">View Product</a></div>
<div class="product"><a href="https://www.amazon.com/dp/B003IG27OK?tag=eloabder-20&linkCode=osi&th=1&psc=1"><img src="https://m.media-amazon.com/images/I/416NUaYo1DL._SL500_.jpg" alt="Product Image"></a><p>Speedball Block Printing Baren - Comfortable Wooden Handle, Made in the USA - 4 Inches</p><p>$29.49</p><a href="https://www.amazon.com/dp/B003IG27OK?tag=eloabder-20&linkCode=osi&th=1&psc=1">View Product</a></div>
<div class="product"><a href="https://www.amazon.com/dp/B0CMZYY8CJ?tag=eloabder-20&linkCode=osi&th=1&psc=1"><img src="https://m.media-amazon.com/images/I/41TifSIP7SL._SL500_.jpg" alt="Product Image"></a><p>Ecoofor Blotting Paper for Flower Press, 20 Sheets Highly Absorbent and Reusable Blotter Paper for Flower Press Paper Craft 9 x 9 inch</p><p>$9.99</p><a href="https://www.amazon.com/dp/B0CMZYY8CJ?tag=eloabder-20&linkCode=osi&th=1&psc=1">View Product</a></div><div class="product"><a href="https://www.amazon.com/dp/B0CYRT3RM4?tag=eloabder-20&linkCode=osi&th=1&psc=1"><img src="https://m.media-amazon.com/images/I/31+qvVq3giL._SL500_.jpg" alt="Product Image"></a><p>Hygge & Sage Premium Natural Fiber Blotting Paper for Flower Press Art; 20 Large Sheets for a Press up to 8x11 Inches; Absorbent, Versatile, and Acid-Free Reusable Blotter Paper for Flower Pressing</p><p>$9.50 ($0.48 / Count)</p><a href="https://www.amazon.com/dp/B0CYRT3RM4?tag=eloabder-20&linkCode=osi&th=1&psc=1">View Product</a></div><div class="product"><a href="https://www.amazon.com/dp/B0D41GDLHM?tag=eloabder-20&linkCode=osi&th=1&psc=1"><img src="https://m.media-amazon.com/images/I/41LIF5dHXaL._SL500_.jpg" alt="Product Image"></a><p>Aboofx 20 Sheets Blotting Paper for Flower Press, 15" x 10" Extra Large Highly Absorbent Blotter Paper for Flower Press Reusable Herbarium Paper Craft Blotter Paper Sheets</p><p>$19.99</p><a href="https://www.amazon.com/dp/B0D41GDLHM?tag=eloabder-20&linkCode=osi&th=1&psc=1">View Product</a></div><div class="product"><a href="https://www.amazon.com/dp/B0CQMMYSBR?tag=eloabder-20&linkCode=osi&th=1&psc=1"><img src="https://m.media-amazon.com/images/I/413SlUi6IDL._SL500_.jpg" alt="Product Image"></a><p>Wisreach Blotting Paper for Flower Press, 20 Sheets Flower Press Paper Highly Absorbent and Reusable Blotter Paper for Flower Art A4 Size 8.26 x 11.4 inch</p><p>$9.99</p><a href="https://www.amazon.com/dp/B0CQMMYSBR?tag=eloabder-20&linkCode=osi&th=1&psc=1">View Product</a></div><div class="product"><a href="https://www.amazon.com/dp/B093FQ22PG?tag=eloabder-20&linkCode=osi&th=1&psc=1"><img src="https://m.media-amazon.com/images/I/41B2jXhe+QL._SL500_.jpg" alt="Product Image"></a><p>Blotting Paper for Flower Press by Berstuk® • Large A4 Flower Press Paper • Highly Absorbent and Reusable Herbarium Paper • Pack of 10 Blotter Paper Sheets</p><p>$6.99 ($69.90 / 100 Sheets)</p><a href="https://www.amazon.com/dp/B093FQ22PG?tag=eloabder-20&linkCode=osi&th=1&psc=1">View Product</a></div><div class="product"><a href="https://www.amazon.com/dp/B0C6PW4VGB?tag=eloabder-20&linkCode=osi&th=1&psc=1"><img src="https://m.media-amazon.com/images/I/21C64VB3iVL._SL500_.jpg" alt="Product Image"></a><p>PATIKIL 16"x12" Flower Press Paper, 1 Set/30 Sheet Refill Lining Blotter Paper Absorbent Reusable Blotting Paper for DIY Art Handicraft Scrapbook</p><p>$11.19</p><a href="https://www.amazon.com/dp/B0C6PW4VGB?tag=eloabder-20&linkCode=osi&th=1&psc=1">View Product</a></div><div class="product"><a href="https://www.amazon.com/dp/B0C6PTK915?tag=eloabder-20&linkCode=osi&th=1&psc=1"><img src="https://m.media-amazon.com/images/I/21UviFCGjtL._SL500_.jpg" alt="Product Image"></a><p>PATIKIL 12"x8" Flower Press Paper, 2 Set/60 Sheet Refill Lining Blotter Paper Absorbent Reusable Blotting Paper for DIY Art Handicraft Scrapbook</p><p>$13.69</p><a href="https://www.amazon.com/dp/B0C6PTK915?tag=eloabder-20&linkCode=osi&th=1&psc=1">View Product</a></div><div class="product"><a href="https://www.amazon.com/dp/B0CDJZ4MD7?tag=eloabder-20&linkCode=osi&th=1&psc=1"><img src="https://m.media-amazon.com/images/I/41iwkW+QQOL._SL500_.jpg" alt="Product Image"></a><p>30 PCS Blotting Paper for Flower Press Large A4 Flower Press Paper Highly Absorbent and Reusable Blotter Paper Refill Lining Paper for Flower Press Art Craft Scrapbook Making, 11.8 x 7.9 Inches Blue</p><p>$9.99</p><a href="https://www.amazon.com/dp/B0CDJZ4MD7?tag=eloabder-20&linkCode=osi&th=1&psc=1">View Product</a></div>

<div class="product"><a href="https://www.amazon.com/dp/B0D2T4F1DZ?tag=eloabder-20&linkCode=osi&th=1&psc=1"><img src="https://m.media-amazon.com/images/I/41KNcatyBWL._SL500_.jpg" alt="Product Image"></a><p>10pcs Book Cloth,14”x10”,Fabric Surface and Paper Backed, book cloth for book binding,book binding fabric,5 Colors Bookbinding Cloth for DIY fabric book cover,bookbinding paper (Style B)</p><p>$9.99</p><a href="https://www.amazon.com/dp/B0D2T4F1DZ?tag=eloabder-20&linkCode=osi&th=1&psc=1">View Product</a></div><div class="product"><a href="https://www.amazon.com/dp/B0CMD2LWR8?tag=eloabder-20&linkCode=osi&th=1&psc=1"><img src="https://m.media-amazon.com/images/I/31QVUZVSB+L._SL500_.jpg" alt="Product Image"></a><p>Mozeat Lens 33 ft Bookbinding Tape Book Tape Repair Book Binding Tape Cloth Book Repair Kit 2 Inch Wide Book Spine Tape Cloth Bookbinding Repair Tape White Book Tape for Reinforcing Book Spine Tape</p><p>$7.99</p><a href="https://www.amazon.com/dp/B0CMD2LWR8?tag=eloabder-20&linkCode=osi&th=1&psc=1">View Product</a></div><div class="product"><a href="https://www.amazon.com/dp/B0D1KC168C?tag=eloabder-20&linkCode=osi&th=1&psc=1"><img src="https://m.media-amazon.com/images/I/31wWgk-1V4L._SL500_.jpg" alt="Product Image"></a><p>AKONEGE Book Cloth for Book Binding 35 x 16 Inch Fabric Surface and Paper Backed, Strong, Easy to Use, Fabric Materials Bookbinding Supplies Bookcloth for Scrapbooking Album DIY Crafts, Black</p><p>$9.99</p><a href="https://www.amazon.com/dp/B0D1KC168C?tag=eloabder-20&linkCode=osi&th=1&psc=1">View Product</a></div><div class="product"><a href="https://www.amazon.com/dp/B0BC48CCWW?tag=eloabder-20&linkCode=osi&th=1&psc=1"><img src="https://m.media-amazon.com/images/I/41vTc+L-XyL._SL500_.jpg" alt="Product Image"></a><p>Wooqu Book Cloth, Fabric Surface and Paper Backed, Easy to Use, Strong, 17x29”, for Book Binding, Dark Green</p><p>$13.99</p><a href="https://www.amazon.com/dp/B0BC48CCWW?tag=eloabder-20&linkCode=osi&th=1&psc=1">View Product</a></div><div class="product"><a href="https://www.amazon.com/dp/B00W3S7LU4?tag=eloabder-20&linkCode=osi&th=1&psc=1"><img src="https://m.media-amazon.com/images/I/41mUL1LmSHS._SL500_.jpg" alt="Product Image"></a><p>BookGuard 2 inch Premium Bookbinding Repair Cloth Tape, 15 Yard Roll Burgundy</p><p>$14.95</p><a href="https://www.amazon.com/dp/B00W3S7LU4?tag=eloabder-20&linkCode=osi&th=1&psc=1">View Product</a></div>

<div class="product"><a href="https://www.amazon.com/dp/B08217DGL7?tag=eloabder-20&linkCode=osi&th=1&psc=1"><img src="https://m.media-amazon.com/images/I/51Gy-qfph7L._SL500_.jpg" alt="Product Image"></a><p>24 Colors Waxed Thread, Leather Sewing Thread,Hand Stitching Thread for Hand Sewing Leather and Bookbinding, 13Yards Per Color</p><p>$11.99 ($0.01 / Foot)</p><a href="https://www.amazon.com/dp/B08217DGL7?tag=eloabder-20&linkCode=osi&th=1&psc=1">View Product</a></div><div class="product"><a href="https://www.amazon.com/dp/B08GCHJ3FP?tag=eloabder-20&linkCode=osi&th=1&psc=1"><img src="https://m.media-amazon.com/images/I/41TK-XNxTFL._SL500_.jpg" alt="Product Image"></a><p>FANDOL 100% Natural Linen Thread Waxed thread for Bookbingding, Leather Sewing, Beading or Macrame (Natural)</p><p>$14.98</p><a href="https://www.amazon.com/dp/B08GCHJ3FP?tag=eloabder-20&linkCode=osi&th=1&psc=1">View Product</a></div><div class="product"><a href="https://www.amazon.com/dp/B0025U108E?tag=eloabder-20&linkCode=osi&th=1&psc=1"><img src="https://m.media-amazon.com/images/I/4172yrURiVL._SL500_.jpg" alt="Product Image"></a><p>Books by Hand Linen Thread, Archival Quality Natural Unbleached and Unwaxed, 50 Yards 35/3 Gauge, Ideal for Bookbinding and Sewing Signatures</p><p>$9.47</p><a href="https://www.amazon.com/dp/B0025U108E?tag=eloabder-20&linkCode=osi&th=1&psc=1">View Product</a></div><div class="product"><a href="https://www.amazon.com/dp/B08S78KLRN?tag=eloabder-20&linkCode=osi&th=1&psc=1"><img src="https://m.media-amazon.com/images/I/413NGMtJdrL._SL500_.jpg" alt="Product Image"></a><p>Jupean Waxed Thread, 150m /164Yards Beige Leather Waxed Thread, Leather Sewing Thread, Hand Stitching Thread for Hand Sewing Leather, Bookbinding, and Beginners Leather Craft DIY</p><p>$6.49 ($0.01 / Foot)</p><a href="https://www.amazon.com/dp/B08S78KLRN?tag=eloabder-20&linkCode=osi&th=1&psc=1">View Product</a></div><div class="product"><a href="https://www.amazon.com/dp/B015D9E6UM?tag=eloabder-20&linkCode=osi&th=1&psc=1"><img src="https://m.media-amazon.com/images/I/51VnWPI+Q5L._SL500_.jpg" alt="Product Image"></a><p>Lineco, Natural Waxed Linen Thread 20 Yards, Books by Hand Natural, Black, Brown Color for Sewing, Bookbinding (3/Pkg)</p><p>$13.77</p><a href="https://www.amazon.com/dp/B015D9E6UM?tag=eloabder-20&linkCode=osi&th=1&psc=1">View Product</a></div>
<div class="product"><a href="https://www.amazon.com/dp/B0CMD53C1C?tag=eloabder-20&linkCode=osi&th=1&psc=1"><img src="https://m.media-amazon.com/images/I/31dU4wqS0rL._SL500_.jpg" alt="Product Image"></a><p>5-in-1 Bookbinding Kit,Book Cover Guide, Bookbinding Cover Tool, Stainless Steel Book Binding Kit, Bookbinding Ruler, Scrapbooking Tools for Making Book Cover Chipboard Covers Album Planner</p><p>$7.88</p><a href="https://www.amazon.com/dp/B0CMD53C1C?tag=eloabder-20&linkCode=osi&th=1&psc=1">View Product</a></div>
<div class="product"><a href="https://www.amazon.com/dp/B007TIEG6U?tag=eloabder-20&linkCode=osi&th=1&psc=1"><img src="https://m.media-amazon.com/images/I/31d6r6R5lGL._SL500_.jpg" alt="Product Image"></a><p>Handy Art Empty 2 ounce Marker Bottle, Dauber Tip and Cap, 12-Each (900-003) , White</p><p>$23.12 ($1.93 / Count)</p><a href="https://www.amazon.com/dp/B007TIEG6U?tag=eloabder-20&linkCode=osi&th=1&psc=1">View Product</a></div>
<div class="product"><a href="https://www.amazon.com/dp/B07YDNKSH6?tag=eloabder-20&linkCode=osi&th=1&psc=1"><img src="https://m.media-amazon.com/images/I/41JGrHa7mSL._SL500_.jpg" alt="Product Image"></a><p>4-Inch Rubber Brayer Roller for Printmaking, Great for Gluing Application Also. (Original Version)</p><p>$6.99</p><a href="https://www.amazon.com/dp/B07YDNKSH6?tag=eloabder-20&linkCode=osi&th=1&psc=1">View Product</a></div>
<div class="product"><a href="https://www.amazon.com/dp/B005U7BNPE?tag=eloabder-20&linkCode=osi&th=1&psc=1"><img src="https://m.media-amazon.com/images/I/418YfTClSxL._SL500_.jpg" alt="Product Image"></a><p>Apple Barrel Acrylic Paint in Assorted Colors (2 oz), 20513, Bright Yellow</p><p>$0.58 ($0.29 / Fl Oz)</p><a href="https://www.amazon.com/dp/B005U7BNPE?tag=eloabder-20&linkCode=osi&th=1&psc=1">View Product</a></div><div class="product"><a href="https://www.amazon.com/dp/B099DWCRZ5?tag=eloabder-20&linkCode=osi&th=1&psc=1"><img src="https://m.media-amazon.com/images/I/41rr5hT-8TL._SL500_.jpg" alt="Product Image"></a><p>milo Fluorescent Acrylic Paint Set of 6 Colors | 4 oz Bottles | Student Neon Colors Acrylics Painting Pack | Made in the USA | Non-Toxic Art & Craft Paints for Artists, Kids, & Hobby Painters</p><p>$22.90 ($0.95 / Fl Oz)</p><a href="https://www.amazon.com/dp/B099DWCRZ5?tag=eloabder-20&linkCode=osi&th=1&psc=1">View Product</a></div><div class="product"><a href="https://www.amazon.com/dp/B07ZPPPWPL?tag=eloabder-20&linkCode=osi&th=1&psc=1"><img src="https://m.media-amazon.com/images/I/51Vqk2rrZwL._SL500_.jpg" alt="Product Image"></a><p>Apple Barrel, Pastel Dreams & Vivid Wonders Collection Acrylic Craft Paint, PROMOTCK, 2 fl oz each, 18 assorted matte colors, 18 count</p><p>$22.66 ($0.63 / Fl Oz)</p><a href="https://www.amazon.com/dp/B07ZPPPWPL?tag=eloabder-20&linkCode=osi&th=1&psc=1">View Product</a></div><div class="product"><a href="https://www.amazon.com/dp/B0CKQR52XC?tag=eloabder-20&linkCode=osi&th=1&psc=1"><img src="https://m.media-amazon.com/images/I/51WTPlhN2WL._SL500_.jpg" alt="Product Image"></a><p>ARTME Glow in The Dark Paint, 10 Bright Colors 60ml/2oz Blacklight Paint Set, Neon Craft Paint, Acrylic Glow Fluorescent Paint Perfect for Art Painting, DIY projects, Halloween and Christmas</p><p>$23.99 ($1.20 / Fl Oz)</p><a href="https://www.amazon.com/dp/B0CKQR52XC?tag=eloabder-20&linkCode=osi&th=1&psc=1">View Product</a></div><div class="product"><a href="https://www.amazon.com/dp/B09XXHBL3Y?tag=eloabder-20&linkCode=osi&th=1&psc=1"><img src="https://m.media-amazon.com/images/I/51taBeDdeIL._SL500_.jpg" alt="Product Image"></a><p>Fantastory Glow in the Dark Acrylic Paint, 10 Extra Bright Colors, 30ml/1oz Waterproof Glow in Dark Paint,Indoor Outdoor Blacklight Paint for Kids,Adults, Rocks,Walls,Halloween,Craft &Fabric</p><p>$9.99 ($1.00 / Fl Oz)</p><a href="https://www.amazon.com/dp/B09XXHBL3Y?tag=eloabder-20&linkCode=osi&th=1&psc=1">View Product</a></div><div class="product"><a href="https://www.amazon.com/dp/B0BS3JM8ZR?tag=eloabder-20&linkCode=osi&th=1&psc=1"><img src="https://m.media-amazon.com/images/I/51S8FteGgPL._SL500_.jpg" alt="Product Image"></a><p>Acrylic Paint, Shuttle Art 24 Colors Acrylic Paint Bottle Set, 250ml/8.45oz Each, Rich Pigments, High Viscosity, Bulk Paint for Artists, Beginners and Kids Painting on Rocks Crafts Canvas Wood Ceramic</p><p>$49.99 ($0.25 / Fl Oz)</p><a href="https://www.amazon.com/dp/B0BS3JM8ZR?tag=eloabder-20&linkCode=osi&th=1&psc=1">View Product</a></div><div class="product"><a href="https://www.amazon.com/dp/B00CIW3EDI?tag=eloabder-20&linkCode=osi&th=1&psc=1"><img src="https://m.media-amazon.com/images/I/41PMnxyBo5L._SL500_.jpg" alt="Product Image"></a><p>FolkArt Multi-Surface Acrylic Paint in Assorted Colors (2 oz), 2896, Bright Pink</p><p>$1.47 ($0.74 / Fl Oz)</p><a href="https://www.amazon.com/dp/B00CIW3EDI?tag=eloabder-20&linkCode=osi&th=1&psc=1">View Product</a></div><div class="product"><a href="https://www.amazon.com/dp/B085ZB5ZK9?tag=eloabder-20&linkCode=osi&th=1&psc=1"><img src="https://m.media-amazon.com/images/I/51nmRq1eicL._SL500_.jpg" alt="Product Image"></a><p>FolkArt 4 Bottle Multi-Surface Acrylic Paint Set, 2oz, Neon Blacklight Colors</p><p>$8.12 ($1.02 / Fl Oz)</p><a href="https://www.amazon.com/dp/B085ZB5ZK9?tag=eloabder-20&linkCode=osi&th=1&psc=1">View Product</a></div><div class="product"><a href="https://www.amazon.com/dp/B08N585VN5?tag=eloabder-20&linkCode=osi&th=1&psc=1"><img src="https://m.media-amazon.com/images/I/51nwFBdxwVL._SL500_.jpg" alt="Product Image"></a><p>Acrylic Paint Set Value Pack of 12 Colors | Craft Painting Kit with 2 oz Squeeze Bottles for Beginners, Artists, Professionals | Non-Toxic Water Based Paints for Canvas, Paper, Wood | Bright Hues</p><p>$11.99 ($0.50 / Fl Oz)</p><a href="https://www.amazon.com/dp/B08N585VN5?tag=eloabder-20&linkCode=osi&th=1&psc=1">View Product</a></div>
<div class="product"><a href="https://www.amazon.com/dp/B0009RRT9Y?tag=eloabder-20&linkCode=osi&th=1&psc=1"><img src="https://m.media-amazon.com/images/I/51ZhyYPOB5L._SL500_.jpg" alt="Product Image"></a><p>General Pencil Company The Masters Brush Cleaner & Preserver 2.5 0z.</p><p>$12.00</p><a href="https://www.amazon.com/dp/B0009RRT9Y?tag=eloabder-20&linkCode=osi&th=1&psc=1">View Product</a></div><div class="product"><a href="https://www.amazon.com/dp/B00F38YVQS?tag=eloabder-20&linkCode=osi&th=1&psc=1"><img src="https://m.media-amazon.com/images/I/51yjmSTzzML._SL500_.jpg" alt="Product Image"></a><p>B & J Original Brush Cleaner - 2.5 Oz/12ct Display</p><p>$12.77</p><a href="https://www.amazon.com/dp/B00F38YVQS?tag=eloabder-20&linkCode=osi&th=1&psc=1">View Product</a></div><div class="product"><a href="https://www.amazon.com/dp/B004BN7QQ8?tag=eloabder-20&linkCode=osi&th=1&psc=1"><img src="https://m.media-amazon.com/images/I/31fEWB-h4VL._SL500_.jpg" alt="Product Image"></a><p>Winsor & Newton Brush Cleaner & Restorer, 16.0-oz Bottle</p><p>$21.87 ($1.37 / Fl Oz)</p><a href="https://www.amazon.com/dp/B004BN7QQ8?tag=eloabder-20&linkCode=osi&th=1&psc=1">View Product</a></div><div class="product"><a href="https://www.amazon.com/dp/B09NCHL2LM?tag=eloabder-20&linkCode=osi&th=1&psc=1"><img src="https://m.media-amazon.com/images/I/31UzwasdL6L._SL500_.jpg" alt="Product Image"></a><p>U.S. Art Supply Brush Cleaner and Restorer, 4 Ounce Bottle - Quickly Cleans Paint Brushes, Airbrushes, Art Tools - Cleaning Solution to Remove Dried On Acrylic, Oil and Water-Based Paint Colors</p><p>$8.99 ($2.25 / Fl Oz)</p><a href="https://www.amazon.com/dp/B09NCHL2LM?tag=eloabder-20&linkCode=osi&th=1&psc=1">View Product</a></div><div class="product"><a href="https://www.amazon.com/dp/B09J8L55SK?tag=eloabder-20&linkCode=osi&th=1&psc=1"><img src="https://m.media-amazon.com/images/I/41qgWS2nSsL._SL500_.jpg" alt="Product Image"></a><p>Green Piece® Paint Brush Cleaner and Restorer for Art Paint Brushes - 100% Natural - Non-Toxic - Wet or Dry Paint - No Chemicals - Oil or Acrylic Paints, Wood and Metal - Amazing Power - 18 Oz</p><p>$19.88</p><a href="https://www.amazon.com/dp/B09J8L55SK?tag=eloabder-20&linkCode=osi&th=1&psc=1">View Product</a></div><div class="product"><a href="https://www.amazon.com/dp/B0027A79I2?tag=eloabder-20&linkCode=osi&th=1&psc=1"><img src="https://m.media-amazon.com/images/I/31J6S+mCjuL._SL500_.jpg" alt="Product Image"></a><p>Pink Soap 12-Ounce Paint Brush Cleaner and Conditioner, Solution Cleans and Restores, Removes Dried Paint on Airbrushes and Other Artist Tools & Supplies</p><p>$15.49 ($1.29 / Fl Oz)</p><a href="https://www.amazon.com/dp/B0027A79I2?tag=eloabder-20&linkCode=osi&th=1&psc=1">View Product</a></div><div class="product"><a href="https://www.amazon.com/dp/B0027AEANE?tag=eloabder-20&linkCode=osi&th=1&psc=1"><img src="https://m.media-amazon.com/images/I/51bHOLU1pVL._SL500_.jpg" alt="Product Image"></a><p>General Pencil General 105-BP Pencil Masters Brush Cleaner & Preserver, 1 Pack, Clear</p><p>$9.99 ($4.00 / Ounce)</p><a href="https://www.amazon.com/dp/B0027AEANE?tag=eloabder-20&linkCode=osi&th=1&psc=1">View Product</a></div>

<div class="product"><a href="https://www.amazon.com/dp/B00N9UUWLA?tag=eloabder-20&linkCode=osi&th=1&psc=1"><img src="https://m.media-amazon.com/images/I/41be4n09wZL._SL500_.jpg" alt="Product Image"></a><p>Pentel Arts Portable Pocket Brush Pen (Medium Point), 1Pen & 2Refills</p><p>$7.00</p><a href="https://www.amazon.com/dp/B00N9UUWLA?tag=eloabder-20&linkCode=osi&th=1&psc=1">View Product</a></div><div class="product"><a href="https://www.amazon.com/dp/B07DQ4292Y?tag=eloabder-20&linkCode=osi&th=1&psc=1"><img src="https://m.media-amazon.com/images/I/41-kgHpaPvL._SL500_.jpg" alt="Product Image"></a><p>Tombow 62039 Fudenosuke Brush Pens, 3-Pack. Soft, Hard, and Twin Tip Markers for Calligraphy and Art Drawings</p><p>$7.59 ($2.53 / Count)</p><a href="https://www.amazon.com/dp/B07DQ4292Y?tag=eloabder-20&linkCode=osi&th=1&psc=1">View Product</a></div><div class="product"><a href="https://www.amazon.com/dp/B0995FNMKW?tag=eloabder-20&linkCode=osi&th=1&psc=1"><img src="https://m.media-amazon.com/images/I/51kpGsTNvlL._SL500_.jpg" alt="Product Image"></a><p>WRITECH Arts Sign Brush Pen Brush Tip Marker Felt Tip Water Based Ink Color Pens 12 Assorted Vintage Colors Great for Lettering Journaling Calligraphy (Vintage)</p><p>$13.99 ($1.17 / Count)</p><a href="https://www.amazon.com/dp/B0995FNMKW?tag=eloabder-20&linkCode=osi&th=1&psc=1">View Product</a></div><div class="product"><a href="https://www.amazon.com/dp/B07H89R749?tag=eloabder-20&linkCode=osi&th=1&psc=1"><img src="https://m.media-amazon.com/images/I/51nTGZ-eAsL._SL500_.jpg" alt="Product Image"></a><p>Tombow Fudenosuke Brush Pen - Hard - 10 Colors Set (WS-BH10C)</p><p>$11.73</p><a href="https://www.amazon.com/dp/B07H89R749?tag=eloabder-20&linkCode=osi&th=1&psc=1">View Product</a></div><div class="product"><a href="https://www.amazon.com/dp/B002PIFTRE?tag=eloabder-20&linkCode=osi&th=1&psc=1"><img src="https://m.media-amazon.com/images/I/41IVnNPD1hL._SL500_.jpg" alt="Product Image"></a><p>Pentel Color Brush Pen, Black (GFLBP101)</p><p>$7.89</p><a href="https://www.amazon.com/dp/B002PIFTRE?tag=eloabder-20&linkCode=osi&th=1&psc=1">View Product</a></div>
<div class="product"><a href="https://www.amazon.com/dp/B0CLLSY2BT?tag=eloabder-20&linkCode=osi&th=1&psc=1"><img src="https://m.media-amazon.com/images/I/51sQM3lrN9L._SL500_.jpg" alt="Product Image"></a><p>CUGEBANNA Paint Brush Washer,Airtight Stainless Steel Brush Cleaner for Oil Painting Acrylic,Brush Washer with Cleaning Beads and Wringer</p><p>$22.99</p><a href="https://www.amazon.com/dp/B0CLLSY2BT?tag=eloabder-20&linkCode=osi&th=1&psc=1">View Product</a></div><div class="product"><a href="https://www.amazon.com/dp/B013PB35N4?tag=eloabder-20&linkCode=osi&th=1&psc=1"><img src="https://m.media-amazon.com/images/I/419miJHrhtL._SL500_.jpg" alt="Product Image"></a><p>US Art Supply Deluxe Brush Cleaner-Brush Washer with Wash Tank</p><p>$18.99</p><a href="https://www.amazon.com/dp/B013PB35N4?tag=eloabder-20&linkCode=osi&th=1&psc=1">View Product</a></div>
<div class="product"><a href="https://www.amazon.com/dp/B07GH7WGC3?tag=eloabder-20&linkCode=osi&th=1&psc=1"><img src="https://m.media-amazon.com/images/I/51vzX1OZI6L._SL500_.jpg" alt="Product Image"></a><p>BOSOBO Paint Brushes Set, 2 Pack 20 Pcs Round-Pointed Tip Paintbrushes Nylon Hair Artist Acrylic Paint Brushes for Acrylic Oil Watercolor, Face Nail Art, Miniature Detailing & Rock Painting, Blue</p><p>$7.49 ($0.37 / Count)</p><a href="https://www.amazon.com/dp/B07GH7WGC3?tag=eloabder-20&linkCode=osi&th=1&psc=1">View Product</a></div><div class="product"><a href="https://www.amazon.com/dp/B078XJ2DCJ?tag=eloabder-20&linkCode=osi&th=1&psc=1"><img src="https://m.media-amazon.com/images/I/616oHEXPN1S._SL500_.jpg" alt="Product Image"></a><p>Pro Grade - Chip Paint Brushes - 36-Pack - 2 Inch Chip Brush for Paints, Stains, Varnishes, Glues, & Gesso</p><p>$17.99</p><a href="https://www.amazon.com/dp/B078XJ2DCJ?tag=eloabder-20&linkCode=osi&th=1&psc=1">View Product</a></div>

<div class="product"><a href="https://www.amazon.com/dp/B000YQJVFA?tag=eloabder-20&linkCode=osi&th=1&psc=1"><img src="https://m.media-amazon.com/images/I/51so-OSRt+L._SL500_.jpg" alt="Product Image"></a><p>Winsor & Newton Calligraphy Ink, 30ml (1-oz) Bottle, Black</p><p>$10.07 ($10.07 / Count)</p><a href="https://www.amazon.com/dp/B000YQJVFA?tag=eloabder-20&linkCode=osi&th=1&psc=1">View Product</a></div><div class="product"><a href="https://www.amazon.com/dp/B0026SBYUE?tag=eloabder-20&linkCode=osi&th=1&psc=1"><img src="https://m.media-amazon.com/images/I/412Ga9k1q8L._SL500_.jpg" alt="Product Image"></a><p>Higgins Black Calligraphy Ink, 2.5 Ounce Bottle (44314)</p><p>$5.99</p><a href="https://www.amazon.com/dp/B0026SBYUE?tag=eloabder-20&linkCode=osi&th=1&psc=1">View Product</a></div><div class="product"><a href="https://www.amazon.com/dp/B0CXDBD77N?tag=eloabder-20&linkCode=osi&th=1&psc=1"><img src="https://m.media-amazon.com/images/I/41x1EZv3P3L._SL500_.jpg" alt="Product Image"></a><p>SEAMEW 250 ML/8.8 OZ Calligraphy and Sumi Liquid Ink - Versatile Elegance for Chinese Traditional Art Works and Japanese Brush Art</p><p>$11.49</p><a href="https://www.amazon.com/dp/B0CXDBD77N?tag=eloabder-20&linkCode=osi&th=1&psc=1">View Product</a></div><div class="product"><a href="https://www.amazon.com/dp/B0CR3ML8VS?tag=eloabder-20&linkCode=osi&th=1&psc=1"><img src="https://m.media-amazon.com/images/I/41fLIKySQZL._SL500_.jpg" alt="Product Image"></a><p>Hmayart Prepared Super Thick Liquid Black Ink for Japanese Brush Calligraphy & Chinese Traditional Artworks (MZ010 250g)</p><p>$11.99</p><a href="https://www.amazon.com/dp/B0CR3ML8VS?tag=eloabder-20&linkCode=osi&th=1&psc=1">View Product</a></div><div class="product"><a href="https://www.amazon.com/dp/B0039OQ0J4?tag=eloabder-20&linkCode=osi&th=1&psc=1"><img src="https://m.media-amazon.com/images/I/41RRlR55P9L._SL500_.jpg" alt="Product Image"></a><p>Daiso Sumi Calligraphy Liquid Ink in a 180ml Bottle (Japan Import)</p><p>$8.99</p><a href="https://www.amazon.com/dp/B0039OQ0J4?tag=eloabder-20&linkCode=osi&th=1&psc=1">View Product</a></div><div class="product"><a href="https://www.amazon.com/dp/B074KJ289G?tag=eloabder-20&linkCode=osi&th=1&psc=1"><img src="https://m.media-amazon.com/images/I/41FZT3aCChL._SL500_.jpg" alt="Product Image"></a><p>Easyou Redstar Liquid Ink for Professioanl Traditional Calligraphy and Brush Painting Chinese Ink Liquid (Black&1pcs*180ML)</p><p>$10.99</p><a href="https://www.amazon.com/dp/B074KJ289G?tag=eloabder-20&linkCode=osi&th=1&psc=1">View Product</a></div><div class="product"><a href="https://www.amazon.com/dp/B07JYJ6C1W?tag=eloabder-20&linkCode=osi&th=1&psc=1"><img src="https://m.media-amazon.com/images/I/51IAnrWkw6L._SL500_.jpg" alt="Product Image"></a><p>MZ001 HmayartBlack Sumi Liquid Ink for Japanese Brush Calligraphy & Chinese Traditional Artworks 250ml (black)</p><p>$13.99</p><a href="https://www.amazon.com/dp/B07JYJ6C1W?tag=eloabder-20&linkCode=osi&th=1&psc=1">View Product</a></div><div class="product"><a href="https://www.amazon.com/dp/B0894L9M2C?tag=eloabder-20&linkCode=osi&th=1&psc=1"><img src="https://m.media-amazon.com/images/I/51H5LBUAZcL._SL500_.jpg" alt="Product Image"></a><p>24 Colors Calligraphy Ink Set, Calligraphy Fountain Glass Dip Pen Color Ink Caligrapher Pen Ink Bottle Set, Gold Powder Drawing Writing Art Ink with Gift Box - 24 x 7ml</p><p>$21.98</p><a href="https://www.amazon.com/dp/B0894L9M2C?tag=eloabder-20&linkCode=osi&th=1&psc=1">View Product</a></div><div class="product"><a href="https://www.amazon.com/dp/B0C49WVM7L?tag=eloabder-20&linkCode=osi&th=1&psc=1"><img src="https://m.media-amazon.com/images/I/41zxtjGWS1L._SL500_.jpg" alt="Product Image"></a><p>AOKUY 24 Colors Calligraphy Ink Set,Calligraphy Inks,Colorful Dip Pen Ink Set,Gold Powder Drawing Writing Art Ink with Gift Box</p><p>$16.99</p><a href="https://www.amazon.com/dp/B0C49WVM7L?tag=eloabder-20&linkCode=osi&th=1&psc=1">View Product</a></div>
<div class="product"><a href="https://www.amazon.com/dp/B0007ZJ8QU?tag=eloabder-20&linkCode=osi&th=1&psc=1"><img src="https://m.media-amazon.com/images/I/41vTwN7L9NL._SL500_.jpg" alt="Product Image"></a><p>Speedball C-Series Lettering Pen Set - 1 Penholder w/ 6 Nibs</p><p>$11.99</p><a href="https://www.amazon.com/dp/B0007ZJ8QU?tag=eloabder-20&linkCode=osi&th=1&psc=1">View Product</a></div><div class="product"><a href="https://www.amazon.com/dp/B003IGNH30?tag=eloabder-20&linkCode=osi&th=1&psc=1"><img src="https://m.media-amazon.com/images/I/412WGB9WzGL._SL500_.jpg" alt="Product Image"></a><p>Speedball 30710 10 Pen Nib Assorted Set</p><p>$21.99</p><a href="https://www.amazon.com/dp/B003IGNH30?tag=eloabder-20&linkCode=osi&th=1&psc=1">View Product</a></div><div class="product"><a href="https://www.amazon.com/dp/B0CQTCZRYC?tag=eloabder-20&linkCode=osi&th=1&psc=1"><img src="https://m.media-amazon.com/images/I/41+d7oXaTvL._SL500_.jpg" alt="Product Image"></a><p>10PCS Oblique Calligraphy Dip Pen Set Comic Pen Nib Set Fluid Writer Pen, 2-in-1 Drawing Pen Holder with 8 Pieces Stainless Steel Pen Replacement Nibs Nib for Writing, Painting, Signing, Sketch</p><p>$6.49</p><a href="https://www.amazon.com/dp/B0CQTCZRYC?tag=eloabder-20&linkCode=osi&th=1&psc=1">View Product</a></div><div class="product"><a href="https://www.amazon.com/dp/B000BYQLT4?tag=eloabder-20&linkCode=osi&th=1&psc=1"><img src="https://m.media-amazon.com/images/I/41Tmn+y1-xL._SL500_.jpg" alt="Product Image"></a><p>Speedball Calligraphy Pen Set - 1 Penholder w/ 4 Nibs, 2 Pen Tips</p><p>$13.99</p><a href="https://www.amazon.com/dp/B000BYQLT4?tag=eloabder-20&linkCode=osi&th=1&psc=1">View Product</a></div><div class="product"><a href="https://www.amazon.com/dp/B0B3CVPWMF?tag=eloabder-20&linkCode=osi&th=1&psc=1"><img src="https://m.media-amazon.com/images/I/41Zw4tqW+HL._SL500_.jpg" alt="Product Image"></a><p>Mewutal 2Pcs/Set Comic Pen Nib Set Pen Nibs Replacements for Calligraphy Manga Writing Painting(Pumpkin Head Nib)</p><p>$7.99</p><a href="https://www.amazon.com/dp/B0B3CVPWMF?tag=eloabder-20&linkCode=osi&th=1&psc=1">View Product</a></div><div class="product"><a href="https://www.amazon.com/dp/B0BVR4M5X4?tag=eloabder-20&linkCode=osi&th=1&psc=1"><img src="https://m.media-amazon.com/images/I/515TyiGpQKL._SL500_.jpg" alt="Product Image"></a><p>Wonwood_direct Calligraphy set, 7 Calligraphy Pens with Different Nibs and 40 Ink Cartridges in 13 Colors for Beginner Writing Drawing for Greeting Card Signature Calligraphy (Type 1)</p><p>$15.99</p><a href="https://www.amazon.com/dp/B0BVR4M5X4?tag=eloabder-20&linkCode=osi&th=1&psc=1">View Product</a></div><div class="product"><a href="https://www.amazon.com/dp/B0BGRM97MF?tag=eloabder-20&linkCode=osi&th=1&psc=1"><img src="https://m.media-amazon.com/images/I/41vB7fs3VbL._SL500_.jpg" alt="Product Image"></a><p>Gullor A Bunch of Nibs for Comic Dip Pen, Assorted Calligraphy Dip Pen Nibs, Various Sizes and Shapes, 33 Nibs in Box</p><p>$9.99</p><a href="https://www.amazon.com/dp/B0BGRM97MF?tag=eloabder-20&linkCode=osi&th=1&psc=1">View Product</a></div>
<div class="product"><a href="https://www.amazon.com/dp/B000KNNVX0?tag=eloabder-20&linkCode=osi&th=1&psc=1"><img src="https://m.media-amazon.com/images/I/51RAGoN6UsL._SL500_.jpg" alt="Product Image"></a><p>Strathmore STR- 50 Sheet Tape Bound Calligraphy Pad, 8.5 by 11", White</p><p>$7.83</p><a href="https://www.amazon.com/dp/B000KNNVX0?tag=eloabder-20&linkCode=osi&th=1&psc=1">View Product</a></div><div class="product"><a href="https://www.amazon.com/dp/B00PGBVNM2?tag=eloabder-20&linkCode=osi&th=1&psc=1"><img src="https://m.media-amazon.com/images/I/51VvCXPD-QL._SL500_.jpg" alt="Product Image"></a><p>U.S. Art Supply (Pack of 2 Pads) - 9" x 12" Premium Calligraphic Practice Paper Pad, 19 Pound Bond (70gsm), Pad of 50-Sheets, Calligraphy Paper with Printed Practice Rule and Slanted Grid</p><p>$12.99</p><a href="https://www.amazon.com/dp/B00PGBVNM2?tag=eloabder-20&linkCode=osi&th=1&psc=1">View Product</a></div><div class="product"><a href="https://www.amazon.com/dp/B0CQ1VTM1R?tag=eloabder-20&linkCode=osi&th=1&psc=1"><img src="https://m.media-amazon.com/images/I/31pMzPI5pdL._SL500_.jpg" alt="Product Image"></a><p>50 Sheets Watercolor Paper 8 x 6inch Deckled Edge Paper 190 GSM Rough/Textured Handmade Paper Cotton Paper White Textured Paper for Watercolor, Writing Calligraphy, Invitations, Letters</p><p>$12.99 ($0.26 / Count)</p><a href="https://www.amazon.com/dp/B0CQ1VTM1R?tag=eloabder-20&linkCode=osi&th=1&psc=1">View Product</a></div><div class="product"><a href="https://www.amazon.com/dp/B0CGHVSX6W?tag=eloabder-20&linkCode=osi&th=1&psc=1"><img src="https://m.media-amazon.com/images/I/41pAexcoWlL._SL500_.jpg" alt="Product Image"></a><p>KYMY Chinese/Japanese Calligraphy Paper 100PCS, Sumi/Rice Paper for Writing Painting Drawing Practice, Chinese Brush Ink Xuan Paper, Half Sheng Shu (Half Raw Ripe) (34 x 34 cm (13.38 x 13.38 Inch))</p><p>$10.99 ($0.11 / Count)</p><a href="https://www.amazon.com/dp/B0CGHVSX6W?tag=eloabder-20&linkCode=osi&th=1&psc=1">View Product</a></div>
<div class="product"><a href="https://www.amazon.com/dp/B08FCZC2R3?tag=eloabder-20&linkCode=osi&th=1&psc=1"><img src="https://m.media-amazon.com/images/I/51TWqPlqpfL._SL500_.jpg" alt="Product Image"></a><p>Craft 'n' Beyond Calligraphy Brush Pens Pack of 3 Small, Medium and Large Markers for Hand Lettering, Art Drawing, Sketching, Scrapbooking, Journaling - Beginner Kit with Fadeproof Black Ink</p><p>$5.49</p><a href="https://www.amazon.com/dp/B08FCZC2R3?tag=eloabder-20&linkCode=osi&th=1&psc=1">View Product</a></div><div class="product"><a href="https://www.amazon.com/dp/B0B67TWWDG?tag=eloabder-20&linkCode=osi&th=1&psc=1"><img src="https://m.media-amazon.com/images/I/5188ARIL9sL._SL500_.jpg" alt="Product Image"></a><p>Brusarth Calligraphy Pens, 8 Size Calligraphy Pens for Writing, Brush Pens Calligraphy Set for Beginners, Hand Lettering Pens, Brush Markers Set, Black Ink Drawing Pens</p><p>$8.95</p><a href="https://www.amazon.com/dp/B0B67TWWDG?tag=eloabder-20&linkCode=osi&th=1&psc=1">View Product</a></div><div class="product"><a href="https://www.amazon.com/dp/B000SHQFEA?tag=eloabder-20&linkCode=osi&th=1&psc=1"><img src="https://m.media-amazon.com/images/I/41sx3qStImL._SL500_.jpg" alt="Product Image"></a><p>edding 1255 calligraphy pen - black - 3 pens - calligraphy nib 2 - 5 mm - fibre pens for paper, wood, terracotta, canvas - hand lettering, bullet journals, thank you cards, calligraphy books</p><p>$6.50</p><a href="https://www.amazon.com/dp/B000SHQFEA?tag=eloabder-20&linkCode=osi&th=1&psc=1">View Product</a></div><div class="product"><a href="https://www.amazon.com/dp/B001DKJLEC?tag=eloabder-20&linkCode=osi&th=1&psc=1"><img src="https://m.media-amazon.com/images/I/41x7A8wo7YL._SL500_.jpg" alt="Product Image"></a><p>Speedball Elegant Writer Calligraphy 4 Marker Set, Black, 2.0 mm, 2.5 mm & 3.0 mm Chisel Nib Tip Pens for Drawing, Journaling, and Scrapbooking</p><p>$9.99 ($2.50 / Count)</p><a href="https://www.amazon.com/dp/B001DKJLEC?tag=eloabder-20&linkCode=osi&th=1&psc=1">View Product</a></div><div class="product"><a href="https://www.amazon.com/dp/B08RYWH185?tag=eloabder-20&linkCode=osi&th=1&psc=1"><img src="https://m.media-amazon.com/images/I/51GFkyfC3iL._SL500_.jpg" alt="Product Image"></a><p>Piochoo Calligraphy Pens,8 Size Calligraphy Pens for Writing,Brush Pens Calligraphy Set for Beginners, Hand Lettering Pens</p><p>$12.99</p><a href="https://www.amazon.com/dp/B08RYWH185?tag=eloabder-20&linkCode=osi&th=1&psc=1">View Product</a></div>
<div class="product"><a href="https://www.amazon.com/dp/B0C66K9NHR?tag=eloabder-20&linkCode=osi&th=1&psc=1"><img src="https://m.media-amazon.com/images/I/51As2T+7gzL._SL500_.jpg" alt="Product Image"></a><p>Calligraphy Kit for Beginners - Calligraphy Pen Set with Calligraphy Workbook</p><p>$26.89</p><a href="https://www.amazon.com/dp/B0C66K9NHR?tag=eloabder-20&linkCode=osi&th=1&psc=1">View Product</a></div><div class="product"><a href="https://www.amazon.com/dp/B081J6QLZN?tag=eloabder-20&linkCode=osi&th=1&psc=1"><img src="https://m.media-amazon.com/images/I/41lK2Gw0JZL._SL500_.jpg" alt="Product Image"></a><p>Trustela Calligraphy Set for Beginners, Dip Pen Set with 19 Nibs, Oblique Pen Holder, Wooden Pen Set</p><p>$21.99</p><a href="https://www.amazon.com/dp/B081J6QLZN?tag=eloabder-20&linkCode=osi&th=1&psc=1">View Product</a></div><div class="product"><a href="https://www.amazon.com/dp/B0BCVDNPRJ?tag=eloabder-20&linkCode=osi&th=1&psc=1"><img src="https://m.media-amazon.com/images/I/51J-hFN4AeL._SL500_.jpg" alt="Product Image"></a><p>GC QUILL Calligraphy Pens Set 64pcs - Calligraphy Fountain Pen Set with 3 Fountain Pens, 7 Varied Nibs, 54 Ink Cartridges(10 Colors) - Writing, Drawing and Calligraphy Practice for beginner GC-F354</p><p>$23.99</p><a href="https://www.amazon.com/dp/B0BCVDNPRJ?tag=eloabder-20&linkCode=osi&th=1&psc=1">View Product</a></div>
<div class="product"><a href="https://www.amazon.com/dp/B092Q8BQC1?tag=eloabder-20&linkCode=osi&th=1&psc=1"><img src="https://m.media-amazon.com/images/I/51gdXkGIguS._SL500_.jpg" alt="Product Image"></a><p>AIYNC Feather Calligraphy Pen Ink Set, Includes Quill Pen and Wooden Dip Pen, Ink,17 Replacement Nib, Pen Base, 3 Wax Seal Sticks, Stamp, White Wax, Spoon, Envelope Letter Paper, Envelope Tool(Green)</p><p>$22.99</p><a href="https://www.amazon.com/dp/B092Q8BQC1?tag=eloabder-20&linkCode=osi&th=1&psc=1">View Product</a></div>
<div class="product"><a href="https://www.amazon.com/dp/B09J228BSF?tag=eloabder-20&linkCode=osi&th=1&psc=1"><img src="https://m.media-amazon.com/images/I/61MByvIyHGL._SL500_.jpg" alt="Product Image"></a><p>Candle dye - 18 Colors Liquid Oil-Based dye for Candle Wax, Vivid Candle Color for DIY Candle Making, Highly Concentrate Natural Candle Color</p><p>$15.59 ($2.47 / Fl Oz)</p><a href="https://www.amazon.com/dp/B09J228BSF?tag=eloabder-20&linkCode=osi&th=1&psc=1">View Product</a></div><div class="product"><a href="https://www.amazon.com/dp/B06Y3T5RV4?tag=eloabder-20&linkCode=osi&th=1&psc=1"><img src="https://m.media-amazon.com/images/I/61yZyP8eZTL._SL500_.jpg" alt="Product Image"></a><p>Candle Dyes for Soy Candle Making - Wax Сolor Dye Color Chips for Soy Wax - 16 Popular Colors Wax Dye Flakes</p><p>$16.99 ($10.62 / Ounce)</p><a href="https://www.amazon.com/dp/B06Y3T5RV4?tag=eloabder-20&linkCode=osi&th=1&psc=1">View Product</a></div><div class="product"><a href="https://www.amazon.com/dp/B0CMCPGLQZ?tag=eloabder-20&linkCode=osi&th=1&psc=1"><img src="https://m.media-amazon.com/images/I/51G9e-Epa0L._SL500_.jpg" alt="Product Image"></a><p>Candle Dye - 12 Colors Wax Melt Dye for Candle Making, Oil-Based Dye for Wax, Highly Concentrate Liquid Candle Color Dye</p><p>$8.99</p><a href="https://www.amazon.com/dp/B0CMCPGLQZ?tag=eloabder-20&linkCode=osi&th=1&psc=1">View Product</a></div><div class="product"><a href="https://www.amazon.com/dp/B09GLMZ5PS?tag=eloabder-20&linkCode=osi&th=1&psc=1"><img src="https://m.media-amazon.com/images/I/51SCG6n6Y4L._SL500_.jpg" alt="Product Image"></a><p>OSBANG Oil-Based Candle Color Dye Non-Toxic Non-Irritating 20 Colors for DIY Candle Making Supplies - Vibrant Concentrated Candle Coloring for Soy Wax Dyes, Beeswax, Gel Wax, Candle Making Kit</p><p>$14.99 ($2.22 / Fl Oz)</p><a href="https://www.amazon.com/dp/B09GLMZ5PS?tag=eloabder-20&linkCode=osi&th=1&psc=1">View Product</a></div><div class="product"><a href="https://www.amazon.com/dp/B0C8D2X4F1?tag=eloabder-20&linkCode=osi&th=1&psc=1"><img src="https://m.media-amazon.com/images/I/51e0mqPDEJL._SL500_.jpg" alt="Product Image"></a><p>Candle Dye - 14 Colors Highly Concentrate Oil-Based Liquid Candle Dye Kit, Candle Dyes for Candle Making, Beeswax, Gel Wax, Paraffin Wax - Each 0.35 fl oz</p><p>$9.99</p><a href="https://www.amazon.com/dp/B0C8D2X4F1?tag=eloabder-20&linkCode=osi&th=1&psc=1">View Product</a></div>

<div class="product"><a href="https://www.amazon.com/dp/B0C6FHSQR7?tag=eloabder-20&linkCode=osi&th=1&psc=1"><img src="https://m.media-amazon.com/images/I/41hBOCPELBL._SL500_.jpg" alt="Product Image"></a><p>Mold Release, Silicone Mold Release Spray (16.9 fl oz / 500ml) Mold Release for Epoxy Resin and Candle Mold Release Spray (1 Pack Mega Size)</p><p>$9.99 ($0.59 / Fl Oz)</p><a href="https://www.amazon.com/dp/B0C6FHSQR7?tag=eloabder-20&linkCode=osi&th=1&psc=1">View Product</a></div>
<div class="product"><a href="https://www.amazon.com/dp/B015W8DWUO?tag=eloabder-20&linkCode=osi&th=1&psc=1"><img src="https://m.media-amazon.com/images/I/41umHqV4zhL._SL500_.jpg" alt="Product Image"></a><p>EricX Light 100 Piece Cotton Candle Wick 6" Pre-Waxed for Candle Making,Candle DIY</p><p>$5.35</p><a href="https://www.amazon.com/dp/B015W8DWUO?tag=eloabder-20&linkCode=osi&th=1&psc=1">View Product</a></div><div class="product"><a href="https://www.amazon.com/dp/B08XZB43NZ?tag=eloabder-20&linkCode=osi&th=1&psc=1"><img src="https://m.media-amazon.com/images/I/51cyFvwhpJL._SL500_.jpg" alt="Product Image"></a><p>Candle Wicks 100 Pcs 6 inch with 30Pcs Candle Wick Stickers and 10 Pcs Wooden Candle Wick Centering Device for Soy Beeswax Candle Making and Candle DIY</p><p>$4.99</p><a href="https://www.amazon.com/dp/B08XZB43NZ?tag=eloabder-20&linkCode=osi&th=1&psc=1">View Product</a></div><div class="product"><a href="https://www.amazon.com/dp/B084ZSZQ4T?tag=eloabder-20&linkCode=osi&th=1&psc=1"><img src="https://m.media-amazon.com/images/I/41vLRbXIHhL._SL500_.jpg" alt="Product Image"></a><p>Candle Wick,100 Piece Candle Wicks for Candle Making DIY, 6 Inch Pre-Waxed Cotton Wick with Tabs</p><p>$4.79</p><a href="https://www.amazon.com/dp/B084ZSZQ4T?tag=eloabder-20&linkCode=osi&th=1&psc=1">View Product</a></div><div class="product"><a href="https://www.amazon.com/dp/B097D7S6KB?tag=eloabder-20&linkCode=osi&th=1&psc=1"><img src="https://m.media-amazon.com/images/I/41jpnnrDAjL._SL500_.jpg" alt="Product Image"></a><p>CandMak Candle Wick Kit, 60 Cotton Candle Wicks with Candle Making Tools for Candle Making (Thick 4"+6"+8")</p><p>$5.99</p><a href="https://www.amazon.com/dp/B097D7S6KB?tag=eloabder-20&linkCode=osi&th=1&psc=1">View Product</a></div><div class="product"><a href="https://www.amazon.com/dp/B08DLSG8NW?tag=eloabder-20&linkCode=osi&th=1&psc=1"><img src="https://m.media-amazon.com/images/I/41QkciWLWjL._SL500_.jpg" alt="Product Image"></a><p>Bulk 6inch Candle Wicks 100 Pcs with 60Pcs Candle Wick Stickers and 10 Pcs Wooden Candle Wick Centering Device for Soy Beeswax Candle Making (6inch)</p><p>$5.45</p><a href="https://www.amazon.com/dp/B08DLSG8NW?tag=eloabder-20&linkCode=osi&th=1&psc=1">View Product</a></div><div class="product"><a href="https://www.amazon.com/dp/B08Z334W66?tag=eloabder-20&linkCode=osi&th=1&psc=1"><img src="https://m.media-amazon.com/images/I/51nsfCzAwwL._SL500_.jpg" alt="Product Image"></a><p>DINGPAI 100pcs Cotton Candle Wicks, 6 inches Low Smoke Pre-Waxed Candle Wicks for Candle Making, Candle DIY</p><p>$4.99</p><a href="https://www.amazon.com/dp/B08Z334W66?tag=eloabder-20&linkCode=osi&th=1&psc=1">View Product</a></div><div class="product"><a href="https://www.amazon.com/dp/B0BV1NCQ28?tag=eloabder-20&linkCode=osi&th=1&psc=1"><img src="https://m.media-amazon.com/images/I/41lmQ4K9ccL._SL500_.jpg" alt="Product Image"></a><p>Ziosxin 100pcs Smokeless Cherry Wood Candle Wicks, Long Lasting Flame, Easily Burn, Natural Candle Cores with Stand and Glue Dot, Warning Label for DIY Candle Making</p><p>$9.99</p><a href="https://www.amazon.com/dp/B0BV1NCQ28?tag=eloabder-20&linkCode=osi&th=1&psc=1">View Product</a></div><div class="product"><a href="https://www.amazon.com/dp/B08LPKTVZW?tag=eloabder-20&linkCode=osi&th=1&psc=1"><img src="https://m.media-amazon.com/images/I/41AtaynrIqL._SL500_.jpg" alt="Product Image"></a><p>BEADNOVA Candle Cotton Wicks 4 Inch 150pcs Short Candle Making Wicks Cotton Wicks for Candle Making DIY</p><p>$4.99</p><a href="https://www.amazon.com/dp/B08LPKTVZW?tag=eloabder-20&linkCode=osi&th=1&psc=1">View Product</a></div><div class="product"><a href="https://www.amazon.com/dp/B0925G2VBY?tag=eloabder-20&linkCode=osi&th=1&psc=1"><img src="https://m.media-amazon.com/images/I/51EzgDRsxoL._SL500_.jpg" alt="Product Image"></a><p>CHEFBEE 200 FT Organic Hemp Wick, Hemp Wick Well Coated Natural Beeswax for Hemp Wick Lighter or Candle Making, Slow Burn, No Dripping, Standard Size(1.1mm)</p><p>$6.99</p><a href="https://www.amazon.com/dp/B0925G2VBY?tag=eloabder-20&linkCode=osi&th=1&psc=1">View Product</a></div>
<div class="product"><a href="https://www.amazon.com/dp/B0BJZYCQV3?tag=eloabder-20&linkCode=osi&th=1&psc=1"><img src="https://m.media-amazon.com/images/I/41dS7xm9bKL._SL500_.jpg" alt="Product Image"></a><p>Simetufy Canvas Boards for Painting 12 Pack,8 x 10 Inch Painting Canvas Panels, Blank Canvas for Painting- Gesso Primed Acid-Free 100% Cotton for Acrylics Oil Watercolor Tempera Paints</p><p>$12.99</p><a href="https://www.amazon.com/dp/B0BJZYCQV3?tag=eloabder-20&linkCode=osi&th=1&psc=1">View Product</a></div><div class="product"><a href="https://www.amazon.com/dp/B085F4JH1H?tag=eloabder-20&linkCode=osi&th=1&psc=1"><img src="https://m.media-amazon.com/images/I/41l7Efp7ILL._SL500_.jpg" alt="Product Image"></a><p>KEFF Canvas Boards for Painting - 24 Pack - Art Supplies Paint Canvas 5x7, 8x10, 9x12, 11x14 Canvas Panels, 100% Cotton Pre-Primed Large Canvas for Painting Supplies, Acrylic, Oil, Watercolor, Tempera</p><p>$24.99</p><a href="https://www.amazon.com/dp/B085F4JH1H?tag=eloabder-20&linkCode=osi&th=1&psc=1">View Product</a></div><div class="product"><a href="https://www.amazon.com/dp/B0CMXFTNDC?tag=eloabder-20&linkCode=osi&th=1&psc=1"><img src="https://m.media-amazon.com/images/I/41WZD2Y6GfL._SL500_.jpg" alt="Product Image"></a><p>ESRICH Canvas Boards for Painting, 5 Pack Canvases for Painting 8x10 Cotton Primed Acid Free Blank Canvas Panels for Oil Paint, Watercolor, Acrylic Paint, Gouache and Tempera.</p><p>$5.99</p><a href="https://www.amazon.com/dp/B0CMXFTNDC?tag=eloabder-20&linkCode=osi&th=1&psc=1">View Product</a></div><div class="product"><a href="https://www.amazon.com/dp/B0C6LMPMPJ?tag=eloabder-20&linkCode=osi&th=1&psc=1"><img src="https://m.media-amazon.com/images/I/51QF5c5qRiL._SL500_.jpg" alt="Product Image"></a><p>Simetufy Canvas Boards for Painting 32 Pack, Paint Canvas Panels Set - 5x7, 8x10, 9x12, 11x14 Inches, Pre-Primed 100% Cotton Blank Canvases for Oil Acrylic Watercolor Pouring Paint for Kids & Artists</p><p>$24.99</p><a href="https://www.amazon.com/dp/B0C6LMPMPJ?tag=eloabder-20&linkCode=osi&th=1&psc=1">View Product</a></div><div class="product"><a href="https://www.amazon.com/dp/B0CSD8VYYM?tag=eloabder-20&linkCode=osi&th=1&psc=1"><img src="https://m.media-amazon.com/images/I/41PeXd8MwvL._SL500_.jpg" alt="Product Image"></a><p>4 Pack 11x14 Inch Canvas Boards for Painting, Blank Canvases for Painting,Triple Primed for Oil & Acrylic Paints,100% Cotton Canvas Panels for Acrylics Oil Watercolor Tempera Paints,3mm Thickness</p><p>$8.49</p><a href="https://www.amazon.com/dp/B0CSD8VYYM?tag=eloabder-20&linkCode=osi&th=1&psc=1">View Product</a></div><div class="product"><a href="https://www.amazon.com/dp/B0D59RDVM5?tag=eloabder-20&linkCode=osi&th=1&psc=1"><img src="https://m.media-amazon.com/images/I/519TRFsibfL._SL500_.jpg" alt="Product Image"></a><p>Paroto Canvas Boards for Painting 12 Pack, Multi-Size Painting Canvas Set 5x7, 8x10, 10x12, 12x16 Inches, 100% Cotton Blank Canvas Oil Acrylic Watercolor Pouring Paint for Kids, Beginners, Artists</p><p>$23.99</p><a href="https://www.amazon.com/dp/B0D59RDVM5?tag=eloabder-20&linkCode=osi&th=1&psc=1">View Product</a></div><div class="product"><a href="https://www.amazon.com/dp/B0CSD8YM4L?tag=eloabder-20&linkCode=osi&th=1&psc=1"><img src="https://m.media-amazon.com/images/I/41ZgWqkIMFL._SL500_.jpg" alt="Product Image"></a><p>4 Pack 8x10 Inch Canvas Boards for Painting, Blank Canvases for Painting,Triple Primed for Oil & Acrylic Paints, 100% Cotton Canvas Panels, 3mm Thickness</p><p>$3.99</p><a href="https://www.amazon.com/dp/B0CSD8YM4L?tag=eloabder-20&linkCode=osi&th=1&psc=1">View Product</a></div><div class="product"><a href="https://www.amazon.com/dp/B0CQFTW7MH?tag=eloabder-20&linkCode=osi&th=1&psc=1"><img src="https://m.media-amazon.com/images/I/41PiitKvQTL._SL500_.jpg" alt="Product Image"></a><p>Simetufy 4 Pack Canvas Boards for Painting 12x16 inch, Canvases for Painting, Gesso Primed Acid-Free 100% Cotton Large Canvas Panels for Acrylics Oil Watercolor Tempera Paints</p><p>$11.99</p><a href="https://www.amazon.com/dp/B0CQFTW7MH?tag=eloabder-20&linkCode=osi&th=1&psc=1">View Product</a></div>
<div class="product"><a href="https://www.amazon.com/dp/B07D6V7H85?tag=eloabder-20&linkCode=osi&th=1&psc=1"><img src="https://m.media-amazon.com/images/I/41EEPf6prIL._SL500_.jpg" alt="Product Image"></a><p>U.S. Art Supply 36" Wide x 6 Yards (18 Feet) Long Unstretched Canvas Roll - 100% Cotton, 12-Ounce Triple Primed Gesso, Acid-Free - Pro Artist Quality, Oil & Acrylic Painting, Murals Backdrop, Cut Size</p><p>$49.99</p><a href="https://www.amazon.com/dp/B07D6V7H85?tag=eloabder-20&linkCode=osi&th=1&psc=1">View Product</a></div><div class="product"><a href="https://www.amazon.com/dp/B0C98L44GG?tag=eloabder-20&linkCode=osi&th=1&psc=1"><img src="https://m.media-amazon.com/images/I/31gEyNH9+sL._SL500_.jpg" alt="Product Image"></a><p>Kinlop Double Primed Cotton Canvas White Canvas Roll for Oil and Acrylic Paint (20 Feet x 48 Inch)</p><p>$38.99</p><a href="https://www.amazon.com/dp/B0C98L44GG?tag=eloabder-20&linkCode=osi&th=1&psc=1">View Product</a></div><div class="product"><a href="https://www.amazon.com/dp/B0CLSXCD1W?tag=eloabder-20&linkCode=osi&th=1&psc=1"><img src="https://m.media-amazon.com/images/I/414jbnjcrQL._SL500_.jpg" alt="Product Image"></a><p>U.S. Art Supply 10-Ounce Unprimed 63" Wide x 2 Yards (6 Feet) Long Heavyweight Unstretched Canvas Roll - 100% Cotton, Woven - Oil & Acrylic Painting, Murals, Backdrop - Cut To Stretcher Bar Frame Size</p><p>$24.99</p><a href="https://www.amazon.com/dp/B0CLSXCD1W?tag=eloabder-20&linkCode=osi&th=1&psc=1">View Product</a></div><div class="product"><a href="https://www.amazon.com/dp/B09MCHDSPR?tag=eloabder-20&linkCode=osi&th=1&psc=1"><img src="https://m.media-amazon.com/images/I/41S+37Lx2wL._SL500_.jpg" alt="Product Image"></a><p>100% Natural Cotton 7 oz Canvas Fabric (Duck), 63 Inches Wide X 3 Yards Long</p><p>$29.95</p><a href="https://www.amazon.com/dp/B09MCHDSPR?tag=eloabder-20&linkCode=osi&th=1&psc=1">View Product</a></div><div class="product"><a href="https://www.amazon.com/dp/B07VX9TLM1?tag=eloabder-20&linkCode=osi&th=1&psc=1"><img src="https://m.media-amazon.com/images/I/41-bqGVrblL._SL500_.jpg" alt="Product Image"></a><p>Premium Polyster Matte Canvas Roll, Quick Dry, Wide Format Inkjet Printer Compatible, Perfect for Fine Art, Photography, Giclée Printing, Archival Quality Prints. (24"x60' 290gsm Polyester)</p><p>$69.99</p><a href="https://www.amazon.com/dp/B07VX9TLM1?tag=eloabder-20&linkCode=osi&th=1&psc=1">View Product</a></div><div class="product"><a href="https://www.amazon.com/dp/B079VP3F1B?tag=eloabder-20&linkCode=osi&th=1&psc=1"><img src="https://m.media-amazon.com/images/I/31eaUH1-cWL._SL500_.jpg" alt="Product Image"></a><p>VViViD Double Primed Cotton Canvas 12" Wide Roll Choose Your Size! (10ft x 12" Roll)</p><p>$16.88</p><a href="https://www.amazon.com/dp/B079VP3F1B?tag=eloabder-20&linkCode=osi&th=1&psc=1">View Product</a></div><div class="product"><a href="https://www.amazon.com/dp/B09954KKH3?tag=eloabder-20&linkCode=osi&th=1&psc=1"><img src="https://m.media-amazon.com/images/I/41SwQCPSmAL._SL500_.jpg" alt="Product Image"></a><p>Polyester Canvas Roll Professional Matte Canvas Roll Wide format Inkjet Printing For Printing Drawing Oil Acrylic Or Water-Based Painting (200GSM Polyester 36"x100ft)</p><p>$123.99</p><a href="https://www.amazon.com/dp/B09954KKH3?tag=eloabder-20&linkCode=osi&th=1&psc=1">View Product</a></div>
<div class="product"><a href="https://www.amazon.com/dp/B003A2I5T8?tag=eloabder-20&linkCode=osi&th=1&psc=1"><img src="https://m.media-amazon.com/images/I/41LvtrGFjVL._SL500_.jpg" alt="Product Image"></a><p>Astrobrights/Neenah Bright White Cardstock, 8.5" x 11", 65 lb/176 gsm, White, 75 Sheets (90905-02) - Packaging May Vary</p><p>$6.99</p><a href="https://www.amazon.com/dp/B003A2I5T8?tag=eloabder-20&linkCode=osi&th=1&psc=1">View Product</a></div><div class="product"><a href="https://www.amazon.com/dp/B00006IDRW?tag=eloabder-20&linkCode=osi&th=1&psc=1"><img src="https://m.media-amazon.com/images/I/412xLv5ae7L._SL500_.jpg" alt="Product Image"></a><p>Neenah Premium Cardstock, 8.5" x 11", 65 lb/176 gsm, Bright White, 250 Sheets (91904)</p><p>$14.29</p><a href="https://www.amazon.com/dp/B00006IDRW?tag=eloabder-20&linkCode=osi&th=1&psc=1">View Product</a></div><div class="product"><a href="https://www.amazon.com/dp/B07FX5LCXK?tag=eloabder-20&linkCode=osi&th=1&psc=1"><img src="https://m.media-amazon.com/images/I/41n9D1rlKgL._SL500_.jpg" alt="Product Image"></a><p>Printworks White Cardstock, 67 lb, 92 Bright, FSC Certified, Perfect for School and Craft Projects, 8.5 x 11 Inch, 100 Sheets (00540)</p><p>$11.49</p><a href="https://www.amazon.com/dp/B07FX5LCXK?tag=eloabder-20&linkCode=osi&th=1&psc=1">View Product</a></div><div class="product"><a href="https://www.amazon.com/dp/B07QQ3L753?tag=eloabder-20&linkCode=osi&th=1&psc=1"><img src="https://m.media-amazon.com/images/I/41n0Ue3DLbL._SL500_.jpg" alt="Product Image"></a><p>Neenah White Index Paper, Mediumweight, 300 Sheets, 199 gsm, 94 Brightness, 8.5" x 11" - MORE SHEETS! (91635)</p><p>$15.99</p><a href="https://www.amazon.com/dp/B07QQ3L753?tag=eloabder-20&linkCode=osi&th=1&psc=1">View Product</a></div><div class="product"><a href="https://www.amazon.com/dp/B07D4YF3K4?tag=eloabder-20&linkCode=osi&th=1&psc=1"><img src="https://m.media-amazon.com/images/I/41ffykOOE7L._SL500_.jpg" alt="Product Image"></a><p>Neenah Index Cardstock, 8.5" x 11", 90 lb/163 gsm, White, Lightweight, 94 Brightness, 300 Sheets (91437)</p><p>$19.24</p><a href="https://www.amazon.com/dp/B07D4YF3K4?tag=eloabder-20&linkCode=osi&th=1&psc=1">View Product</a></div><div class="product"><a href="https://www.amazon.com/dp/B08DCF5B4P?tag=eloabder-20&linkCode=osi&th=1&psc=1"><img src="https://m.media-amazon.com/images/I/41GRzmuulDL._SL500_.jpg" alt="Product Image"></a><p>Hammermill White Cardstock, 110 Lb, 8.5 x 11 Colored Cardstock, 1 Pack (200 Sheets) - Thick Card Stock, Made in the USA, 168380R</p><p>$13.32</p><a href="https://www.amazon.com/dp/B08DCF5B4P?tag=eloabder-20&linkCode=osi&th=1&psc=1">View Product</a></div><div class="product"><a href="https://www.amazon.com/dp/B0CYPPHFV9?tag=eloabder-20&linkCode=osi&th=1&psc=1"><img src="https://m.media-amazon.com/images/I/51IQR4E5R1L._SL500_.jpg" alt="Product Image"></a><p>96 Sheets Colored Cardstock 24 Colors, 8.5x11 Color Cardstock Bulk, 200gsm/75lb Assorted Colors Construction Paper for Printing, Card Making, Die Cutting, Crafts, Scrapbooking, Party Decorations</p><p>$12.99</p><a href="https://www.amazon.com/dp/B0CYPPHFV9?tag=eloabder-20&linkCode=osi&th=1&psc=1">View Product</a></div><div class="product"><a href="https://www.amazon.com/dp/B07QNMF4ZP?tag=eloabder-20&linkCode=osi&th=1&psc=1"><img src="https://m.media-amazon.com/images/I/41mVi2qUcyL._SL500_.jpg" alt="Product Image"></a><p>Printworks White Cardstock, Standard, 67 lb. Vellum, 92 Bright, 250 sheets, 8.5 x 11, For Office, Home & School Printing, Craft Projects (00564)</p><p>$12.92</p><a href="https://www.amazon.com/dp/B07QNMF4ZP?tag=eloabder-20&linkCode=osi&th=1&psc=1">View Product</a></div><div class="product"><a href="https://www.amazon.com/dp/B09Y681BML?tag=eloabder-20&linkCode=osi&th=1&psc=1"><img src="https://m.media-amazon.com/images/I/41whFoq6OEL._SL500_.jpg" alt="Product Image"></a><p>Astrobrights Mega Collection, Colored Cardstock, Punchy Pastel 5-Color Assortment, 320 Sheets, 65 lb./176 gsm, 8.5" x 11" - MORE SHEETS! (91780)</p><p>$19.87</p><a href="https://www.amazon.com/dp/B09Y681BML?tag=eloabder-20&linkCode=osi&th=1&psc=1">View Product</a></div>


<div class="product"><a href="https://www.amazon.com/dp/B0B7DZ4YPN?tag=eloabder-20&linkCode=osi&th=1&psc=1"><img src="https://m.media-amazon.com/images/I/51NIBuS801L._SL500_.jpg" alt="Product Image"></a><p>Epoxy Resin 64OZ - Crystal Clear Epoxy Resin Kit - No Yellowing No Bubble Art Resin Casting Resin for Art Crafts, Jewelry Making, Wood & Resin Molds(32OZ x 2)</p><p>$34.99 ($0.55 / Ounce)</p><a href="https://www.amazon.com/dp/B0B7DZ4YPN?tag=eloabder-20&linkCode=osi&th=1&psc=1">View Product</a></div><div class="product"><a href="https://www.amazon.com/dp/B0CPVCRD93?tag=eloabder-20&linkCode=osi&th=1&psc=1"><img src="https://m.media-amazon.com/images/I/51mBmD2NCqL._SL500_.jpg" alt="Product Image"></a><p>Puduo Epoxy Resin Kit 72OZ，Newly Formulated Crystal Clear Epoxy Resin，Strong, Bubble-Free, Anti-Yellowing Art Resin That，Suitable for Casting, DIY, Resin Art, Molds, Jewelry, Easy to Mix 1:1 Ratio</p><p>$36.99 ($0.51 / Ounce)</p><a href="https://www.amazon.com/dp/B0CPVCRD93?tag=eloabder-20&linkCode=osi&th=1&psc=1">View Product</a></div><div class="product"><a href="https://www.amazon.com/dp/B0BY2PFY62?tag=eloabder-20&linkCode=osi&th=1&psc=1"><img src="https://m.media-amazon.com/images/I/51jY4DbLEVL._SL500_.jpg" alt="Product Image"></a><p>LET'S RESIN Polyurethane Resin, 60oz 2 Part Casting Resin, Fast Cured Resin within 10 Minutes, Ultra Low Viscosity & Low Odor Pourable Liquid Plastic for Casting Models, Prototypes & Other Resin Craft</p><p>$40.99 ($0.68 / Ounce)</p><a href="https://www.amazon.com/dp/B0BY2PFY62?tag=eloabder-20&linkCode=osi&th=1&psc=1">View Product</a></div><div class="product"><a href="https://www.amazon.com/dp/B0CXLX1BF1?tag=eloabder-20&linkCode=osi&th=1&psc=1"><img src="https://m.media-amazon.com/images/I/51B03piFSWL._SL500_.jpg" alt="Product Image"></a><p>Epoxy Resin,1 Gallon Crystal Clear Epoxy Resin Kit, High-Gloss & Bubbles Free Resin and Hardener Kit, Art Resin Casting Resin for Art Crafts, Jewelry Making, Wood & Resin Molds…</p><p>$49.99</p><a href="https://www.amazon.com/dp/B0CXLX1BF1?tag=eloabder-20&linkCode=osi&th=1&psc=1">View Product</a></div><div class="product"><a href="https://www.amazon.com/dp/B0B79JKMTN?tag=eloabder-20&linkCode=osi&th=1&psc=1"><img src="https://m.media-amazon.com/images/I/51awzY+fOoL._SL500_.jpg" alt="Product Image"></a><p>Teexpert Crystal Clear Epoxy Resin Kit 1 Gallon Self-Leveling Coating and Casting Resin, High-Gloss & Bubbles Free Resin and Hardener Kit for DIY Art, Jewelry, Table Top, Molds, Wood 1:1 Ratio</p><p>$49.49 ($0.39 / Fl Oz)</p><a href="https://www.amazon.com/dp/B0B79JKMTN?tag=eloabder-20&linkCode=osi&th=1&psc=1">View Product</a></div><div class="product"><a href="https://www.amazon.com/dp/B0CZDCWRDS?tag=eloabder-20&linkCode=osi&th=1&psc=1"><img src="https://m.media-amazon.com/images/I/51NoC3Siy8L._SL500_.jpg" alt="Product Image"></a><p>Puduo Epoxy Resin Kit 1.1Gallon，Newly Formulated Crystal Clear Epoxy Resin，Strong, Bubble-Free, Anti-Yellowing Art Resin That，Suitable for Casting, DIY, Resin Art, Molds, Easy to Mix 1:1 Ratio</p><p>$48.99 ($0.35 / Ounce)</p><a href="https://www.amazon.com/dp/B0CZDCWRDS?tag=eloabder-20&linkCode=osi&th=1&psc=1">View Product</a></div><div class="product"><a href="https://www.amazon.com/dp/B0C786S8ZW?tag=eloabder-20&linkCode=osi&th=1&psc=1"><img src="https://m.media-amazon.com/images/I/51PD1cgR+-L._SL500_.jpg" alt="Product Image"></a><p>LET'S RESIN EPOXY RESIN 2 Gallon Casting Resin with Pumps, Bubble Free & High-Gloss Resin Epoxy Kit, Crystal Clear Epoxy Resin and Hardener for DIY Art, Molds Casting,Craft</p><p>$87.00 ($0.34 / Fl Oz)</p><a href="https://www.amazon.com/dp/B0C786S8ZW?tag=eloabder-20&linkCode=osi&th=1&psc=1">View Product</a></div><div class="product"><a href="https://www.amazon.com/dp/B0BYV7YX2K?tag=eloabder-20&linkCode=osi&th=1&psc=1"><img src="https://m.media-amazon.com/images/I/41dTpbgWB+L._SL500_.jpg" alt="Product Image"></a><p>TAKIMO 1 Gallon Crystal Clear Resin Kit,No Bubble & Not Yellowing Epoxy Resin for Coating, Casting, Table Top,DIY, Bar Top, River Tables, Resin Art, Wood with High Gloss Finish</p><p>$39.99</p><a href="https://www.amazon.com/dp/B0BYV7YX2K?tag=eloabder-20&linkCode=osi&th=1&psc=1">View Product</a></div>
<div class="product"><a href="https://www.amazon.com/dp/B093D6Q4V2?tag=eloabder-20&linkCode=osi&th=1&psc=1"><img src="https://m.media-amazon.com/images/I/51GS6ht5RsS._SL500_.jpg" alt="Product Image"></a><p>Brusarth Professional Charcoal Pencils Drawing Set - 6 Pieces Soft Medium and Hard Charcoal Pencils for Drawing, Sketching, Shading</p><p>$5.57</p><a href="https://www.amazon.com/dp/B093D6Q4V2?tag=eloabder-20&linkCode=osi&th=1&psc=1">View Product</a></div><div class="product"><a href="https://www.amazon.com/dp/B000VXONF4?tag=eloabder-20&linkCode=osi&th=1&psc=1"><img src="https://m.media-amazon.com/images/I/51DxvUPz4nL._SL500_.jpg" alt="Product Image"></a><p>General Pencil 957ABP Compressed Charcoal Sticks 4/Pkg-Black - Soft Assorted</p><p>$6.09 ($1.52 / Count)</p><a href="https://www.amazon.com/dp/B000VXONF4?tag=eloabder-20&linkCode=osi&th=1&psc=1">View Product</a></div><div class="product"><a href="https://www.amazon.com/dp/B0BZSZ2W1B?tag=eloabder-20&linkCode=osi&th=1&psc=1"><img src="https://m.media-amazon.com/images/I/41aJEjrQ16L._SL500_.jpg" alt="Product Image"></a><p>ANNECOSK Willow Charcoal Sticks, 10PCS Willow Charcoal Pencils for Artists Drawing, Sketching</p><p>$7.99</p><a href="https://www.amazon.com/dp/B0BZSZ2W1B?tag=eloabder-20&linkCode=osi&th=1&psc=1">View Product</a></div><div class="product"><a href="https://www.amazon.com/dp/B088K31QB7?tag=eloabder-20&linkCode=osi&th=1&psc=1"><img src="https://m.media-amazon.com/images/I/51giSzQeUzL._SL500_.jpg" alt="Product Image"></a><p>MARKART Professional Charcoal Pencils Drawing Set - 10 Pieces Soft Medium and Hard Charcoal Pencils for Drawing, Sketching, Shading</p><p>$5.99</p><a href="https://www.amazon.com/dp/B088K31QB7?tag=eloabder-20&linkCode=osi&th=1&psc=1">View Product</a></div><div class="product"><a href="https://www.amazon.com/dp/B0CHM9YB18?tag=eloabder-20&linkCode=osi&th=1&psc=1"><img src="https://m.media-amazon.com/images/I/51-cFJewi5L._SL500_.jpg" alt="Product Image"></a><p>PANDAFLY Willow Charcoal Sticks, Soft, Black Artist Vine Charcoal for Artists, Beginners, Students, Great for Sketching, Drawing, Shading and Fine Art, 7-9mm, 25 Pack</p><p>$7.99</p><a href="https://www.amazon.com/dp/B0CHM9YB18?tag=eloabder-20&linkCode=osi&th=1&psc=1">View Product</a></div><div class="product"><a href="https://www.amazon.com/dp/B004O7FFR8?tag=eloabder-20&linkCode=osi&th=1&psc=1"><img src="https://m.media-amazon.com/images/I/51JJnYm-n2L._SL500_.jpg" alt="Product Image"></a><p>Strathmore 300 Series Charcoal Paper Pad, Top Wire Bound, 9x12 inches, 32 Sheets (64lb/95g) - Artist Paper for Adults and Students - Charcoal and Pastel</p><p>$8.86</p><a href="https://www.amazon.com/dp/B004O7FFR8?tag=eloabder-20&linkCode=osi&th=1&psc=1">View Product</a></div><div class="product"><a href="https://www.amazon.com/dp/B09KY8MT2T?tag=eloabder-20&linkCode=osi&th=1&psc=1"><img src="https://m.media-amazon.com/images/I/31buTPEV5IL._SL500_.jpg" alt="Product Image"></a><p>Raven Powders Premium Charcoal Powder for Drawing and Art</p><p>$9.99</p><a href="https://www.amazon.com/dp/B09KY8MT2T?tag=eloabder-20&linkCode=osi&th=1&psc=1">View Product</a></div><div class="product"><a href="https://www.amazon.com/dp/B0021IK626?tag=eloabder-20&linkCode=osi&th=1&psc=1"><img src="https://m.media-amazon.com/images/I/317wgA0GITL._SL500_.jpg" alt="Product Image"></a><p>Winsor & Newton Artist Vine Charcoal Sticks, Soft, Box of 12 Sticks</p><p>$10.56</p><a href="https://www.amazon.com/dp/B0021IK626?tag=eloabder-20&linkCode=osi&th=1&psc=1">View Product</a></div>
<div class="product"><a href="https://www.amazon.com/dp/B0CHF9KZSW?tag=eloabder-20&linkCode=osi&th=1&psc=1"><img src="https://m.media-amazon.com/images/I/61lm2iV1gGL._SL500_.jpg" alt="Product Image"></a><p>KALOUR Professional Charcoal Pencils Drawing Set -12 Pieces Soft, Medium and Hard Charcoal Pencils for Drawing, Sketching, Shading, Artist Pencils for Beginners & Artists</p><p>$5.99</p><a href="https://www.amazon.com/dp/B0CHF9KZSW?tag=eloabder-20&linkCode=osi&th=1&psc=1">View Product</a></div><div class="product"><a href="https://www.amazon.com/dp/B0D41JG73W?tag=eloabder-20&linkCode=osi&th=1&psc=1"><img src="https://m.media-amazon.com/images/I/41K5KaeEE0L._SL500_.jpg" alt="Product Image"></a><p>Aenir White Charcoal Pencils, Pack of 12 Charcoal Drawing Pencils, Charcoal Pencils for Artists, Art Supplies for Drawing and Highlighting, Charcoal Pencils for Drawing, Sketching, Shading & Coloring.</p><p>$7.99</p><a href="https://www.amazon.com/dp/B0D41JG73W?tag=eloabder-20&linkCode=osi&th=1&psc=1">View Product</a></div><div class="product"><a href="https://www.amazon.com/dp/B004BPNUMA?tag=eloabder-20&linkCode=osi&th=1&psc=1"><img src="https://m.media-amazon.com/images/I/41EWfMXntlL._SL500_.jpg" alt="Product Image"></a><p>Peel & Sketch Charcoal Pencils 3/Pkg-</p><p>$6.96</p><a href="https://www.amazon.com/dp/B004BPNUMA?tag=eloabder-20&linkCode=osi&th=1&psc=1">View Product</a></div><div class="product"><a href="https://www.amazon.com/dp/B0C5V1QWPJ?tag=eloabder-20&linkCode=osi&th=1&psc=1"><img src="https://m.media-amazon.com/images/I/51bZBOoKtoL._SL500_.jpg" alt="Product Image"></a><p>Brusarth Charcoal Drawing Set -12 pc Black charcoal pencils, White Charcoal Pencils, Eraser Pencils, Blending Stumps for Drawing, Sketching, Shading, Artist Pencils for Beginners & Artists</p><p>$7.99</p><a href="https://www.amazon.com/dp/B0C5V1QWPJ?tag=eloabder-20&linkCode=osi&th=1&psc=1">View Product</a></div>
<div class="product"><a href="https://www.amazon.com/dp/B001BYK7RA?tag=eloabder-20&linkCode=osi&th=1&psc=1"><img src="https://m.media-amazon.com/images/I/316EZYjc1XL._SL500_.jpg" alt="Product Image"></a><p>Winsor & Newton Artist Vine Charcoal Sticks, Soft, Box of 3 Sticks</p><p>$4.09 ($1.36 / Count)</p><a href="https://www.amazon.com/dp/B001BYK7RA?tag=eloabder-20&linkCode=osi&th=1&psc=1">View Product</a></div>
<div class="product"><a href="https://www.amazon.com/dp/B08LR2TBPG?tag=eloabder-20&linkCode=osi&th=1&psc=1"><img src="https://m.media-amazon.com/images/I/31VBhMwmhTL._SL500_.jpg" alt="Product Image"></a><p>Chipboard Sheets 8.5" x 11" - 100 Sheets of 22 Point Chip Board for Crafts - This Kraft Board is a Great Alternative to MDF Board and Cardboard Sheets</p><p>$19.97</p><a href="https://www.amazon.com/dp/B08LR2TBPG?tag=eloabder-20&linkCode=osi&th=1&psc=1">View Product</a></div><div class="product"><a href="https://www.amazon.com/dp/B079F1FYG3?tag=eloabder-20&linkCode=osi&th=1&psc=1"><img src="https://m.media-amazon.com/images/I/41-kpBNtjSL._SL500_.jpg" alt="Product Image"></a><p>100 Thick Kraft Chipboard (30pt) - 8 1/2" x 11" - Perfect for Scrapbooking, Crafts & Product Backing…</p><p>$19.95</p><a href="https://www.amazon.com/dp/B079F1FYG3?tag=eloabder-20&linkCode=osi&th=1&psc=1">View Product</a></div><div class="product"><a href="https://www.amazon.com/dp/B07BYPGP5H?tag=eloabder-20&linkCode=osi&th=1&psc=1"><img src="https://m.media-amazon.com/images/I/31rUtsWIN5L._SL500_.jpg" alt="Product Image"></a><p>100 Chipboard Sheets 8 x 10 inch - 22pt (point) Light Weight Brown Kraft Cardboard for Scrapbooking & Picture Frame Backing (.022 Caliper Thick) Paper Board | MagicWater Supply</p><p>$21.99</p><a href="https://www.amazon.com/dp/B07BYPGP5H?tag=eloabder-20&linkCode=osi&th=1&psc=1">View Product</a></div><div class="product"><a href="https://www.amazon.com/dp/B07BYP99DJ?tag=eloabder-20&linkCode=osi&th=1&psc=1"><img src="https://m.media-amazon.com/images/I/31EMxvnjGrL._SL500_.jpg" alt="Product Image"></a><p>25 Chipboard Sheets 11 x 17 inch - 50pt (point) Heavy Weight Brown Kraft Cardboard for Scrapbooking & Picture Frame Backing (.050 Caliper Thick) Paper Board | MagicWater Supply</p><p>$26.99</p><a href="https://www.amazon.com/dp/B07BYP99DJ?tag=eloabder-20&linkCode=osi&th=1&psc=1">View Product</a></div><div class="product"><a href="https://www.amazon.com/dp/B07BYFXJDL?tag=eloabder-20&linkCode=osi&th=1&psc=1"><img src="https://m.media-amazon.com/images/I/310RbtxO26L._SL500_.jpg" alt="Product Image"></a><p>100 Chipboard Sheets 5 x 7 inch - 22pt (point) Light Weight Brown Kraft Cardboard for Scrapbooking & Picture Frame Backing (.022 Caliper Thick) Paper Board | MagicWater Supply</p><p>$14.99</p><a href="https://www.amazon.com/dp/B07BYFXJDL?tag=eloabder-20&linkCode=osi&th=1&psc=1">View Product</a></div><div class="product"><a href="https://www.amazon.com/dp/B0B6GK2MFD?tag=eloabder-20&linkCode=osi&th=1&psc=1"><img src="https://m.media-amazon.com/images/I/31-IEV+iYgL._SL500_.jpg" alt="Product Image"></a><p>10 EcoSwift 8.5x11 Chipboard Cardboard Craft Scrapbook Material Scrapbooking Packaging Sheets Shipping Pads Inserts 8 1/2 inch x 11 inch Chip Board</p><p>$4.99</p><a href="https://www.amazon.com/dp/B0B6GK2MFD?tag=eloabder-20&linkCode=osi&th=1&psc=1">View Product</a></div><div class="product"><a href="https://www.amazon.com/dp/B07BYKB2ZL?tag=eloabder-20&linkCode=osi&th=1&psc=1"><img src="https://m.media-amazon.com/images/I/31WIwma4xfL._SL500_.jpg" alt="Product Image"></a><p>Chipboard Sheets 8.5 x 11 inch - 50pt (Point) Heavy Weight Brown Kraft Cardboard for Scrapbooking & Picture Frame Backing (.050 Caliper Thick) Paper Board | MagicWater Supply (Kraft 100 Pack)</p><p>$38.99</p><a href="https://www.amazon.com/dp/B07BYKB2ZL?tag=eloabder-20&linkCode=osi&th=1&psc=1">View Product</a></div><div class="product"><a href="https://www.amazon.com/dp/B00161W6L8?tag=eloabder-20&linkCode=osi&th=1&psc=1"><img src="https://m.media-amazon.com/images/I/41MflHlo3JL._SL500_.jpg" alt="Product Image"></a><p>GRAFIX Natural Medium Weight Chipboard Sheets 8.5"X11" 25/Pkg, 8.5"x11"x0.057", Count</p><p>$15.14 ($0.61 / Count)</p><a href="https://www.amazon.com/dp/B00161W6L8?tag=eloabder-20&linkCode=osi&th=1&psc=1">View Product</a></div><div class="product"><a href="https://www.amazon.com/dp/B0013JRFUA?tag=eloabder-20&linkCode=osi&th=1&psc=1"><img src="https://m.media-amazon.com/images/I/41JzQAJkDoL._SL500_.jpg" alt="Product Image"></a><p>Grafix Medium Weight Acid-Free 0.057” Chipboard Sheets, Create Three-Dimensional Embellishments for Cards, Papercrafts, Mixed Media, Home Décor, and More, 12 x 12, Natural, 25 Count</p><p>$14.51 ($0.58 / Count)</p><a href="https://www.amazon.com/dp/B0013JRFUA?tag=eloabder-20&linkCode=osi&th=1&psc=1">View Product</a></div>








<div class="product"><a href="https://www.amazon.com/dp/B0C2YPJDFL?tag=eloabder-20&linkCode=osi&th=1&psc=1"><img src="https://m.media-amazon.com/images/I/51WB6B3vguL._SL500_.jpg" alt="Product Image"></a><p>Yagol Colored Pencils for Adult Coloring Books, 72 Colored Professional Drawing Pencils, Coloring Pencils for Adults Beginners kids & Pro.</p><p>$9.99</p><a href="https://www.amazon.com/dp/B0C2YPJDFL?tag=eloabder-20&linkCode=osi&th=1&psc=1">View Product</a></div><div class="product"><a href="https://www.amazon.com/dp/B01N09ZDEI?tag=eloabder-20&linkCode=osi&th=1&psc=1"><img src="https://m.media-amazon.com/images/I/51awfumPEiL._SL500_.jpg" alt="Product Image"></a><p>Soucolor 72-Color Colored Pencils for Adult Coloring Books, Back to School Supplies, Soft Core Artist Sketching Drawing Pencils Drawing Supplies, Art Supplies Kit for Adults Kids, Coloring Pencils Set</p><p>$9.99</p><a href="https://www.amazon.com/dp/B01N09ZDEI?tag=eloabder-20&linkCode=osi&th=1&psc=1">View Product</a></div><div class="product"><a href="https://www.amazon.com/dp/B0B772BZ4G?tag=eloabder-20&linkCode=osi&th=1&psc=1"><img src="https://m.media-amazon.com/images/I/41VSyVENyTL._SL500_.jpg" alt="Product Image"></a><p>FUNLAVIE Colored Pencils 48 Coloring Pencils Premium Professional Art Drawing Pencil for Adults Coloring Book</p><p>$9.99</p><a href="https://www.amazon.com/dp/B0B772BZ4G?tag=eloabder-20&linkCode=osi&th=1&psc=1">View Product</a></div><div class="product"><a href="https://www.amazon.com/dp/B0B8MFGW36?tag=eloabder-20&linkCode=osi&th=1&psc=1"><img src="https://m.media-amazon.com/images/I/51umBJsfZDL._SL500_.jpg" alt="Product Image"></a><p>KALOUR Premium Colored Pencils,Set of 120 Colors,Artists Soft Core with Vibrant Color,Ideal for Drawing Sketching Shading,Coloring Pencils for Adults Beginners kids</p><p>$24.99</p><a href="https://www.amazon.com/dp/B0B8MFGW36?tag=eloabder-20&linkCode=osi&th=1&psc=1">View Product</a></div><div class="product"><a href="https://www.amazon.com/dp/B0D5GSMGMG?tag=eloabder-20&linkCode=osi&th=1&psc=1"><img src="https://m.media-amazon.com/images/I/41aprDliB4L._SL500_.jpg" alt="Product Image"></a><p>Colored Pencils for Adult Coloring Books, Set of 72 Color Pencils, Oil-Based Core Drawing Pencils, 3.8mm Soft Leads with Adult Coloring Pencils, Professional Art Supplies for Adults, Beginner and Kids</p><p>$9.99</p><a href="https://www.amazon.com/dp/B0D5GSMGMG?tag=eloabder-20&linkCode=osi&th=1&psc=1">View Product</a></div><div class="product"><a href="https://www.amazon.com/dp/B0CZBPK6L5?tag=eloabder-20&linkCode=osi&th=1&psc=1"><img src="https://m.media-amazon.com/images/I/31Q1khczz5L._SL500_.jpg" alt="Product Image"></a><p>Colored Pencils for Adult Coloring Books, 72 Colors Drawing Pencils with Oil-Based Cores, Professional Art Supplies for Artists, Coloring Pencils for Adults, Color Pencils Set for Beginners and Teens.</p><p>$9.49</p><a href="https://www.amazon.com/dp/B0CZBPK6L5?tag=eloabder-20&linkCode=osi&th=1&psc=1">View Product</a></div>
<div class="product"><a href="https://www.amazon.com/dp/B0BTJRPJHJ?tag=eloabder-20&linkCode=osi&th=1&psc=1"><img src="https://m.media-amazon.com/images/I/61eh6iSlGRL._SL500_.jpg" alt="Product Image"></a><p>READY 2 LEARN Colored Sand - Turquoise - 2.2 lbs - Play Sand for Kids - Perfect for Arts and Crafts, Sensory Bins, Wedding Decorations and Vase Filler</p><p>$9.32</p><a href="https://www.amazon.com/dp/B0BTJRPJHJ?tag=eloabder-20&linkCode=osi&th=1&psc=1">View Product</a></div><div class="product"><a href="https://www.amazon.com/dp/B0BTJWH6L3?tag=eloabder-20&linkCode=osi&th=1&psc=1"><img src="https://m.media-amazon.com/images/I/61OHaobOoGL._SL500_.jpg" alt="Product Image"></a><p>READY 2 LEARN Colored Sand - Light Blue - 2.2 lbs - Play Sand for Kids - Perfect for Wedding Unity Ceremonies, Crafts, Sensory Bins and Vase Filler</p><p>$9.99</p><a href="https://www.amazon.com/dp/B0BTJWH6L3?tag=eloabder-20&linkCode=osi&th=1&psc=1">View Product</a></div><div class="product"><a href="https://www.amazon.com/dp/B00DZS4AA0?tag=eloabder-20&linkCode=osi&th=1&psc=1"><img src="https://m.media-amazon.com/images/I/41htpdoeWSL._SL500_.jpg" alt="Product Image"></a><p>Activa Pink Decorative Colored Sand in Resealable Bag, 5lb (2.27kg) | Fine Grain & Fade-Proof Sand For Arts & Crafts</p><p>$8.99</p><a href="https://www.amazon.com/dp/B00DZS4AA0?tag=eloabder-20&linkCode=osi&th=1&psc=1">View Product</a></div><div class="product"><a href="https://www.amazon.com/dp/B00GNED6YE?tag=eloabder-20&linkCode=osi&th=1&psc=1"><img src="https://m.media-amazon.com/images/I/41T-AKVqV5L._SL500_.jpg" alt="Product Image"></a><p>Sandsational Sparkle Champagne Unity Sand - 1.5 LB (22oz), Beige Colored Sand for Weddings, Vase Filler, Home Décor, Craft Sand, Aquarium Sand, and More</p><p>$15.99</p><a href="https://www.amazon.com/dp/B00GNED6YE?tag=eloabder-20&linkCode=osi&th=1&psc=1">View Product</a></div><div class="product"><a href="https://www.amazon.com/dp/B007VC4F6A?tag=eloabder-20&linkCode=osi&th=1&psc=1"><img src="https://m.media-amazon.com/images/I/51EtMIBeueL._SL500_.jpg" alt="Product Image"></a><p>Sandsational Sparkle Tropic Blue Unity Sand, 1 LB (16 oz), Colored Sand for Weddings, Vase Filler, Home Décor, Craft Sand, Aquarium Sand, and More</p><p>$9.99</p><a href="https://www.amazon.com/dp/B007VC4F6A?tag=eloabder-20&linkCode=osi&th=1&psc=1">View Product</a></div><div class="product"><a href="https://www.amazon.com/dp/B007VC497K?tag=eloabder-20&linkCode=osi&th=1&psc=1"><img src="https://m.media-amazon.com/images/I/51oZOs1VRDL._SL500_.jpg" alt="Product Image"></a><p>Sandsational Sparkle Burnt Orange Unity Sand, 1 LB (16 oz), Colored Sand for Weddings, Vase Filler, Home Décor, Craft Sand, Aquarium Sand, and More</p><p>$9.99</p><a href="https://www.amazon.com/dp/B007VC497K?tag=eloabder-20&linkCode=osi&th=1&psc=1">View Product</a></div><div class="product"><a href="https://www.amazon.com/dp/B004BN9WWY?tag=eloabder-20&linkCode=osi&th=1&psc=1"><img src="https://m.media-amazon.com/images/I/41Hehnr6HkL._SL500_.jpg" alt="Product Image"></a><p>Activa Turquoise Decorative Colored Sand in Resealable Bag, 5lb (2.27kg) | Fine Grain & Fade-Proof Sand For Arts & Crafts</p><p>$17.99 ($0.22 / Ounce)</p><a href="https://www.amazon.com/dp/B004BN9WWY?tag=eloabder-20&linkCode=osi&th=1&psc=1">View Product</a></div><div class="product"><a href="https://www.amazon.com/dp/B007VC4CMM?tag=eloabder-20&linkCode=osi&th=1&psc=1"><img src="https://m.media-amazon.com/images/I/51MDELk9-bL._SL500_.jpg" alt="Product Image"></a><p>Sandsational Sparkle Hazelnut Unity Sand, 1 LB (16 oz), Colored Sand for Weddings, Vase Filler, Home Décor, Craft Sand, Aquarium Sand, and More</p><p>$9.99</p><a href="https://www.amazon.com/dp/B007VC4CMM?tag=eloabder-20&linkCode=osi&th=1&psc=1">View Product</a></div>

<div class="product"><a href="https://www.amazon.com/dp/B0868M9MFP?tag=eloabder-20&linkCode=osi&th=1&psc=1"><img src="https://m.media-amazon.com/images/I/41MathwPKuL._SL500_.jpg" alt="Product Image"></a><p>SIMETUFY 360 Sheets 36 Multicolor Tissue Paper Bulk Gift Wrapping Tissue Paper Decorative Art Rainbow Tissue Paper 11.5in x 8in for Art Craft Floral Birthday Party Festival Tissue Paper Pom Pom</p><p>$6.98 ($0.02 / Count)</p><a href="https://www.amazon.com/dp/B0868M9MFP?tag=eloabder-20&linkCode=osi&th=1&psc=1">View Product</a></div><div class="product"><a href="https://www.amazon.com/dp/B0CZNYNJL3?tag=eloabder-20&linkCode=osi&th=1&psc=1"><img src="https://m.media-amazon.com/images/I/41ZspqqmKpL._SL500_.jpg" alt="Product Image"></a><p>160 Sheets Colored Tissue Paper, Tissue Paper Bulk 14 X 20 Inches Tissue Paper for Gift Bags Wrapping DIY Crafts Wedding Birthday</p><p>$7.99 ($0.03 / Sq Ft)</p><a href="https://www.amazon.com/dp/B0CZNYNJL3?tag=eloabder-20&linkCode=osi&th=1&psc=1">View Product</a></div><div class="product"><a href="https://www.amazon.com/dp/B07QY9FQN2?tag=eloabder-20&linkCode=osi&th=1&psc=1"><img src="https://m.media-amazon.com/images/I/51DR9nknn7L._SL500_.jpg" alt="Product Image"></a><p>120 Sheets Colored Tissue Paper Bulk Wrapping Craft Paper 20 x 26" for Art Gift Tissue Decoration (24 Colors)</p><p>$15.59 ($0.13 / Count)</p><a href="https://www.amazon.com/dp/B07QY9FQN2?tag=eloabder-20&linkCode=osi&th=1&psc=1">View Product</a></div><div class="product"><a href="https://www.amazon.com/dp/B0CWR5FKGQ?tag=eloabder-20&linkCode=osi&th=1&psc=1"><img src="https://m.media-amazon.com/images/I/31iRzSH4cbL._SL500_.jpg" alt="Product Image"></a><p>Hlonon 100 Sheets Colored Tissue Paper 12×20 Inch Tissue Paper Bulk Gift Wrapping for Gift Bags DIY Crafts Birthday Wedding Holidays Decor 10 Colors</p><p>$4.59</p><a href="https://www.amazon.com/dp/B0CWR5FKGQ?tag=eloabder-20&linkCode=osi&th=1&psc=1">View Product</a></div><div class="product"><a href="https://www.amazon.com/dp/B09RXR9SXB?tag=eloabder-20&linkCode=osi&th=1&psc=1"><img src="https://m.media-amazon.com/images/I/51xWE-5f2lL._SL500_.jpg" alt="Product Image"></a><p>120 Sheets Colored Tissue Paper for Gift Bags - 25 Assorted Colors Tissue Paper for Packaging Bulk Colored Tissue Paper for Gift Wrapping -Tissue Paper Bulk for Crafts Large 20 X 26 Sheets</p><p>$13.99 ($0.12 / Count)</p><a href="https://www.amazon.com/dp/B09RXR9SXB?tag=eloabder-20&linkCode=osi&th=1&psc=1">View Product</a></div><div class="product"><a href="https://www.amazon.com/dp/B0BWPNFLXM?tag=eloabder-20&linkCode=osi&th=1&psc=1"><img src="https://m.media-amazon.com/images/I/51KYkgeBLCL._SL500_.jpg" alt="Product Image"></a><p>Colored Tissue Paper for Gift Bags, Colored Tissue Paper for Crafts, Gift Wrapping Tissue Paper Bulk - 375 Sheets in 36 Assorted Colors (12 in x 8.4 in)</p><p>$12.99 ($0.03 / Count)</p><a href="https://www.amazon.com/dp/B0BWPNFLXM?tag=eloabder-20&linkCode=osi&th=1&psc=1">View Product</a></div><div class="product"><a href="https://www.amazon.com/dp/B0D1JYM64F?tag=eloabder-20&linkCode=osi&th=1&psc=1"><img src="https://m.media-amazon.com/images/I/41wvUKH9PbL._SL500_.jpg" alt="Product Image"></a><p>Phinus 6300 Pcs 1 Inch Tissue Paper Squares, Tissue Paper for Crafts, 42 Assorted Colored Tissue Paper, Colors Art Rainbow Tissue Paper Bulk for Crafts, Art Projects, Birthday Party</p><p>$5.99</p><a href="https://www.amazon.com/dp/B0D1JYM64F?tag=eloabder-20&linkCode=osi&th=1&psc=1">View Product</a></div>
<div class="product"><a href="https://www.amazon.com/dp/B085DP36VF?tag=eloabder-20&linkCode=osi&th=1&psc=1"><img src="https://m.media-amazon.com/images/I/516vaNkg0iL._SL500_.jpg" alt="Product Image"></a><p>Soucolor Art Brush Markers Pens for Adult Coloring Books, 34 Colors Numbered Dual Tip (Brush and Fine Point) Marker Pen for Kids Note taking Planner Lettering Calligraphy Drawing Preppy School Stuff</p><p>$9.99</p><a href="https://www.amazon.com/dp/B085DP36VF?tag=eloabder-20&linkCode=osi&th=1&psc=1">View Product</a></div><div class="product"><a href="https://www.amazon.com/dp/B075WQPKNK?tag=eloabder-20&linkCode=osi&th=1&psc=1"><img src="https://m.media-amazon.com/images/I/51EOXvmdwnL._SL500_.jpg" alt="Product Image"></a><p>Dual Brush Marker Pens for Coloring Books, Tanmit Fine Tip Coloring Marker & Brush Pen Set for Journaling Note Taking Writing Planning Art Project</p><p>$7.97</p><a href="https://www.amazon.com/dp/B075WQPKNK?tag=eloabder-20&linkCode=osi&th=1&psc=1">View Product</a></div>
<div class="product"><a href="https://www.amazon.com/dp/B0BWH7CWFW?tag=eloabder-20&linkCode=osi&th=1&psc=1"><img src="https://m.media-amazon.com/images/I/51jUg2AkDyL._SL500_.jpg" alt="Product Image"></a><p>AnyMark 60 Colors Alcohol Markers, Markers Set, Dual Tip Alcohol Based Art Markers for Kids Adults Coloring Drawing, Chisel & Fine</p><p>$19.99 ($0.33 / Count)</p><a href="https://www.amazon.com/dp/B0BWH7CWFW?tag=eloabder-20&linkCode=osi&th=1&psc=1">View Product</a></div><div class="product"><a href="https://www.amazon.com/dp/B07CJ8QXF8?tag=eloabder-20&linkCode=osi&th=1&psc=1"><img src="https://m.media-amazon.com/images/I/51bChi4-H4L._SL500_.jpg" alt="Product Image"></a><p>Dual Markers Brush Pens, 36 Fine Point Art Marker, Double Tip Colored Pen for Adult Coloring Hand Lettering, School Classroom Art Suppliers</p><p>$9.99</p><a href="https://www.amazon.com/dp/B07CJ8QXF8?tag=eloabder-20&linkCode=osi&th=1&psc=1">View Product</a></div><div class="product"><a href="https://www.amazon.com/dp/B0CMLFSJ32?tag=eloabder-20&linkCode=osi&th=1&psc=1"><img src="https://m.media-amazon.com/images/I/51tOlopoSsL._SL500_.jpg" alt="Product Image"></a><p>TOSHARE Double Brush Marker Pens, 72 Colors Art Markers Set with Fine Tip and Brush Tip for Kids Adult Coloring Book Hand Lettering Calligraphy Drawing Art Supplies Kit</p><p>$29.99</p><a href="https://www.amazon.com/dp/B0CMLFSJ32?tag=eloabder-20&linkCode=osi&th=1&psc=1">View Product</a></div><div class="product"><a href="https://www.amazon.com/dp/B0BYD5M7LQ?tag=eloabder-20&linkCode=osi&th=1&psc=1"><img src="https://m.media-amazon.com/images/I/51sfVuA2MJL._SL500_.jpg" alt="Product Image"></a><p>AnyMark 48 Colors Alcohol Markers, Markers Set, Dual Tip Alcohol Based Art Markers for Kids Adults Coloring Drawing, Chisel & Fine</p><p>$12.99 ($0.27 / Count)</p><a href="https://www.amazon.com/dp/B0BYD5M7LQ?tag=eloabder-20&linkCode=osi&th=1&psc=1">View Product</a></div><div class="product"><a href="https://www.amazon.com/dp/B078N2RFJ9?tag=eloabder-20&linkCode=osi&th=1&psc=1"><img src="https://m.media-amazon.com/images/I/415IZ1EQzEL._SL500_.jpg" alt="Product Image"></a><p>MemOffice 80 Colors Dual Tip Artist Alcohol Markers Set with Carrying Case - Perfect for Coloring, Drawing, Sketching, Card Making and Illustration - Perfect for Adults and Kids</p><p>$22.99</p><a href="https://www.amazon.com/dp/B078N2RFJ9?tag=eloabder-20&linkCode=osi&th=1&psc=1">View Product</a></div><div class="product"><a href="https://www.amazon.com/dp/B0891WKPN3?tag=eloabder-20&linkCode=osi&th=1&psc=1"><img src="https://m.media-amazon.com/images/I/51qPnBJt4QL._SL500_.jpg" alt="Product Image"></a><p>Caliart 34 Double Tip Brush Pens Art Markers, Aesthetic Cute Preppy Stuff School Supplies, Artist Fine & Brush Pen Coloring Markers for Kids Adult Book Cards Drawing Craft Kit Teacher Office Supplies</p><p>$9.99</p><a href="https://www.amazon.com/dp/B0891WKPN3?tag=eloabder-20&linkCode=osi&th=1&psc=1">View Product</a></div><div class="product"><a href="https://www.amazon.com/dp/B08GX1FXG5?tag=eloabder-20&linkCode=osi&th=1&psc=1"><img src="https://m.media-amazon.com/images/I/61VK97q6UUL._SL500_.jpg" alt="Product Image"></a><p>Mogyann Markers for Adult 100 Colors Dual Tip Pens with Fine and Brush Tip for Coloring and Calligraphy Drawing</p><p>$26.99</p><a href="https://www.amazon.com/dp/B08GX1FXG5?tag=eloabder-20&linkCode=osi&th=1&psc=1">View Product</a></div>
<div class="product"><a href="https://www.amazon.com/dp/B002LARR8A?tag=eloabder-20&linkCode=osi&th=1&psc=1"><img src="https://m.media-amazon.com/images/I/41G5vXNB91L._SL500_.jpg" alt="Product Image"></a><p>Prang (Formerly SunWorks) Construction Paper, 10 Assorted Colors, 12" x 18", 100 Sheets</p><p>$13.09</p><a href="https://www.amazon.com/dp/B002LARR8A?tag=eloabder-20&linkCode=osi&th=1&psc=1">View Product</a></div><div class="product"><a href="https://www.amazon.com/dp/B001AZ9S6G?tag=eloabder-20&linkCode=osi&th=1&psc=1"><img src="https://m.media-amazon.com/images/I/41kI6AxAEvL._SL500_.jpg" alt="Product Image"></a><p>Prang (Formerly SunWorks) Construction Paper, White, 12" x 18", 50 Sheets</p><p>$6.86</p><a href="https://www.amazon.com/dp/B001AZ9S6G?tag=eloabder-20&linkCode=osi&th=1&psc=1">View Product</a></div>

<div class="product"><a href="https://www.amazon.com/dp/B003JJIEKC?tag=eloabder-20&linkCode=osi&th=1&psc=1"><img src="https://m.media-amazon.com/images/I/51CnC6280iL._SL500_.jpg" alt="Product Image"></a><p>2 Rolls/Pack 7/32 Copper Foil (Copper Backed)</p><p>$24.21</p><a href="https://www.amazon.com/dp/B003JJIEKC?tag=eloabder-20&linkCode=osi&th=1&psc=1">View Product</a></div><div class="product"><a href="https://www.amazon.com/dp/B0CXXD14QS?tag=eloabder-20&linkCode=osi&th=1&psc=1"><img src="https://m.media-amazon.com/images/I/31MLEFbqdaL._SL500_.jpg" alt="Product Image"></a><p>YEZHET 7/32 Inch Black Backed Copper foil for Stained Glass (2Roll)</p><p>$16.99</p><a href="https://www.amazon.com/dp/B0CXXD14QS?tag=eloabder-20&linkCode=osi&th=1&psc=1">View Product</a></div><div class="product"><a href="https://www.amazon.com/dp/B00359QVPG?tag=eloabder-20&linkCode=osi&th=1&psc=1"><img src="https://m.media-amazon.com/images/I/41hRCFiP1dL._SL500_.jpg" alt="Product Image"></a><p>Edco 3/16 Black Backed Copper Foil</p><p>$14.75</p><a href="https://www.amazon.com/dp/B00359QVPG?tag=eloabder-20&linkCode=osi&th=1&psc=1">View Product</a></div><div class="product"><a href="https://www.amazon.com/dp/B004BNDZSG?tag=eloabder-20&linkCode=osi&th=1&psc=1"><img src="https://m.media-amazon.com/images/I/519NZ7L73gL._SL500_.jpg" alt="Product Image"></a><p>Studio Pro 1/4-Inch Black Lined Copper Foil</p><p>$10.90</p><a href="https://www.amazon.com/dp/B004BNDZSG?tag=eloabder-20&linkCode=osi&th=1&psc=1">View Product</a></div><div class="product"><a href="https://www.amazon.com/dp/B0C3Z37LZK?tag=eloabder-20&linkCode=osi&th=1&psc=1"><img src="https://m.media-amazon.com/images/I/41bhh73eatL._SL500_.jpg" alt="Product Image"></a><p>YEZHET Copper Foil Tape 2 Pack (7/32Inch) with Double-Sided Conductive, for Stained Glass, Electrical Repairs, DIY Handicrafts, Paper Circuits, Crafting</p><p>$7.99 ($0.53 / Foot)</p><a href="https://www.amazon.com/dp/B0C3Z37LZK?tag=eloabder-20&linkCode=osi&th=1&psc=1">View Product</a></div><div class="product"><a href="https://www.amazon.com/dp/B00WVKO1LG?tag=eloabder-20&linkCode=osi&th=1&psc=1"><img src="https://m.media-amazon.com/images/I/31J15yH0QGL._SL500_.jpg" alt="Product Image"></a><p>K&S 6020 Metallic Copper Crafting Foil, 0.005" Thick x 12" Width x 30" Long, 1 Piece, Made in The USA</p><p>$14.89</p><a href="https://www.amazon.com/dp/B00WVKO1LG?tag=eloabder-20&linkCode=osi&th=1&psc=1">View Product</a></div>
<div class="product"><a href="https://www.amazon.com/dp/B08YJBQ7WZ?tag=eloabder-20&linkCode=osi&th=1&psc=1"><img src="https://m.media-amazon.com/images/I/51MPyR+wDWL._SL500_.jpg" alt="Product Image"></a><p>45 Color Options Macrame Cord 2mm/3mm/4mm/5mm/6mmx109 Yards Cotton Cord, 4 Ply Twisted Yarn, Natural Perfect Supplies DIY Crafts (Natural White)</p><p>$4.98 ($0.02 / Foot)</p><a href="https://www.amazon.com/dp/B08YJBQ7WZ?tag=eloabder-20&linkCode=osi&th=1&psc=1">View Product</a></div><div class="product"><a href="https://www.amazon.com/dp/B07ZGD2G6B?tag=eloabder-20&linkCode=osi&th=1&psc=1"><img src="https://m.media-amazon.com/images/I/51pexzF494L._SL500_.jpg" alt="Product Image"></a><p>Tenn Well Leather String, 100 Yards 2.6mm Flat Suede Cord, Faux Leather Cord for Jewelry Making, Necklaces, Bracelets, Dream Catchers and DIY Crafts (Brown)</p><p>$9.99 ($0.03 / Foot)</p><a href="https://www.amazon.com/dp/B07ZGD2G6B?tag=eloabder-20&linkCode=osi&th=1&psc=1">View Product</a></div><div class="product"><a href="https://www.amazon.com/dp/B0CQF1LC2R?tag=eloabder-20&linkCode=osi&th=1&psc=1"><img src="https://m.media-amazon.com/images/I/51O0PgsjtpL._SL500_.jpg" alt="Product Image"></a><p>Anezus Rainbow Color Nylon Cord, Nylon Craft String, Silky Satin Rattail Cord Beading String for Braided Bracelets, Pendants Necklace, Macrame Keychains, Lanyards, Drawstring Bags, DIY Crafts, Sewing</p><p>$6.99 ($0.02 / Foot)</p><a href="https://www.amazon.com/dp/B0CQF1LC2R?tag=eloabder-20&linkCode=osi&th=1&psc=1">View Product</a></div><div class="product"><a href="https://www.amazon.com/dp/B0B7J9BZSN?tag=eloabder-20&linkCode=osi&th=1&psc=1"><img src="https://m.media-amazon.com/images/I/41Orf+Dg9FL._SL500_.jpg" alt="Product Image"></a><p>2 mm 330 Feet Satin Nylon Cord String for Jewelry Making Bracelet Necklaces Beading Thread Rattail Macrame Kumihimo Chinese Knot Craft</p><p>$7.99 ($0.02 / Foot)</p><a href="https://www.amazon.com/dp/B0B7J9BZSN?tag=eloabder-20&linkCode=osi&th=1&psc=1">View Product</a></div><div class="product"><a href="https://www.amazon.com/dp/B08PZ2VDPM?tag=eloabder-20&linkCode=osi&th=1&psc=1"><img src="https://m.media-amazon.com/images/I/51DQgq3cfXL._SL500_.jpg" alt="Product Image"></a><p>Tenn Well Nylon Satin Cord, 295 Feet 2mm Black Nylon String for Jewelry Making, Silky Rattail Cord for Bracelets, Necklaces, Macrame Keychains, Lanyards, Beading</p><p>$7.99 ($0.03 / Foot)</p><a href="https://www.amazon.com/dp/B08PZ2VDPM?tag=eloabder-20&linkCode=osi&th=1&psc=1">View Product</a></div><div class="product"><a href="https://www.amazon.com/dp/B07TW9PGGB?tag=eloabder-20&linkCode=osi&th=1&psc=1"><img src="https://m.media-amazon.com/images/I/41C73YuzTWL._SL500_.jpg" alt="Product Image"></a><p>Macrame Cord,3mm x109 Yards 100% Natural Macrame Cords Colored Cotton Macrame Rope Craft Cord for DIY Crafts Knitting Plant Hangers Christmas Wedding Decor(Natural Color/Beige)</p><p>$4.98 ($0.02 / Foot)</p><a href="https://www.amazon.com/dp/B07TW9PGGB?tag=eloabder-20&linkCode=osi&th=1&psc=1">View Product</a></div><div class="product"><a href="https://www.amazon.com/dp/B0CS27R34B?tag=eloabder-20&linkCode=osi&th=1&psc=1"><img src="https://m.media-amazon.com/images/I/31hxjVrOTnL._SL500_.jpg" alt="Product Image"></a><p>2 mm x 330 Feet Satin Nylon Cord, Silky Smooth Nylon String for Jewelry Making Bracelet Necklaces Beading Thread Rattail Macrame Kumihimo Chinese Knot Craft</p><p>$7.99 ($0.02 / Foot)</p><a href="https://www.amazon.com/dp/B0CS27R34B?tag=eloabder-20&linkCode=osi&th=1&psc=1">View Product</a></div><div class="product"><a href="https://www.amazon.com/dp/B07GX8B3PC?tag=eloabder-20&linkCode=osi&th=1&psc=1"><img src="https://m.media-amazon.com/images/I/416oClGC4ZL._SL500_.jpg" alt="Product Image"></a><p>Tenn Well 5mm Macrame Cord, 165Feet Braided Cotton Rope Thick Craft Twine for Macrame Plant Hangers, Wall Hangings, Drawstrings, Clothes Lines, DIY Crafts (Beige)</p><p>$8.99 ($0.05 / Foot)</p><a href="https://www.amazon.com/dp/B07GX8B3PC?tag=eloabder-20&linkCode=osi&th=1&psc=1">View Product</a></div>
<div class="product"><a href="https://www.amazon.com/dp/B08LV18F93?tag=eloabder-20&linkCode=osi&th=1&psc=1"><img src="https://m.media-amazon.com/images/I/51XMGht9fSL._SL500_.jpg" alt="Product Image"></a><p>uxcell 20pcs Corrugated Cardboard Paper Sheets,Colorful,7.87-inch x 11.82-inch,for Craft and DIY Projects</p><p>$12.49 ($0.62 / Count)</p><a href="https://www.amazon.com/dp/B08LV18F93?tag=eloabder-20&linkCode=osi&th=1&psc=1">View Product</a></div><div class="product"><a href="https://www.amazon.com/dp/B009MRH3R0?tag=eloabder-20&linkCode=osi&th=1&psc=1"><img src="https://m.media-amazon.com/images/I/51KvHbQ47aL._SL500_.jpg" alt="Product Image"></a><p>Hygloss Corrugated Cardboard Sheets, 8-Pack, 8 Pieces</p><p>$10.13 ($1.27 / Count)</p><a href="https://www.amazon.com/dp/B009MRH3R0?tag=eloabder-20&linkCode=osi&th=1&psc=1">View Product</a></div><div class="product"><a href="https://www.amazon.com/dp/B08LV1DHM7?tag=eloabder-20&linkCode=osi&th=1&psc=1"><img src="https://m.media-amazon.com/images/I/41CqXQkVMyL._SL500_.jpg" alt="Product Image"></a><p>uxcell 10pcs Corrugated Cardboard Paper Sheets,Black,7.87-inch x 11.84-inch,for Craft and DIY Projects</p><p>$8.09 ($0.81 / Count)</p><a href="https://www.amazon.com/dp/B08LV1DHM7?tag=eloabder-20&linkCode=osi&th=1&psc=1">View Product</a></div><div class="product"><a href="https://www.amazon.com/dp/B07RNHX8GZ?tag=eloabder-20&linkCode=osi&th=1&psc=1"><img src="https://m.media-amazon.com/images/I/51LdlT0J20L._SL500_.jpg" alt="Product Image"></a><p>Bright Creations Corrugated Cardboard Paper Sheets (8.5 x 11 in, Black, 48-Pack)</p><p>$16.99 ($0.35 / Count)</p><a href="https://www.amazon.com/dp/B07RNHX8GZ?tag=eloabder-20&linkCode=osi&th=1&psc=1">View Product</a></div><div class="product"><a href="https://www.amazon.com/dp/B07GZHK7KC?tag=eloabder-20&linkCode=osi&th=1&psc=1"><img src="https://m.media-amazon.com/images/I/51LbINh9qtL._SL500_.jpg" alt="Product Image"></a><p>64 Pack Colored Corrugated Cardboard Sheets for Crafts, Art Projects, DIY Signs, 8 Bright Colors (8.3 x 11.8 in)</p><p>$19.99 ($0.31 / Count)</p><a href="https://www.amazon.com/dp/B07GZHK7KC?tag=eloabder-20&linkCode=osi&th=1&psc=1">View Product</a></div><div class="product"><a href="https://www.amazon.com/dp/B08LV1FW8M?tag=eloabder-20&linkCode=osi&th=1&psc=1"><img src="https://m.media-amazon.com/images/I/41glvw8zT3L._SL500_.jpg" alt="Product Image"></a><p>uxcell 10pcs Corrugated Cardboard Paper Sheets,White,7.87-inch x 11.86-inch,for Craft and DIY Projects</p><p>$9.49 ($0.95 / Count)</p><a href="https://www.amazon.com/dp/B08LV1FW8M?tag=eloabder-20&linkCode=osi&th=1&psc=1">View Product</a></div><div class="product"><a href="https://www.amazon.com/dp/B071KP3K72?tag=eloabder-20&linkCode=osi&th=1&psc=1"><img src="https://m.media-amazon.com/images/I/41Dr9t+PB8L._SL500_.jpg" alt="Product Image"></a><p>Corobuff Corrugated Paper, Brite Blue, 48" x 25', 1 Roll</p><p>$38.52</p><a href="https://www.amazon.com/dp/B071KP3K72?tag=eloabder-20&linkCode=osi&th=1&psc=1">View Product</a></div><div class="product"><a href="https://www.amazon.com/dp/B09TB1LKLG?tag=eloabder-20&linkCode=osi&th=1&psc=1"><img src="https://m.media-amazon.com/images/I/31ttSeubU9L._SL500_.jpg" alt="Product Image"></a><p>MECCANIXITY Corrugated Paper Sheets 25pcs 11.8-inch x 7.87-inch White Cardboard for DIY Craft</p><p>$13.99</p><a href="https://www.amazon.com/dp/B09TB1LKLG?tag=eloabder-20&linkCode=osi&th=1&psc=1">View Product</a></div><div class="product"><a href="https://www.amazon.com/dp/B0C372CGHG?tag=eloabder-20&linkCode=osi&th=1&psc=1"><img src="https://m.media-amazon.com/images/I/41EDnL7EWDL._SL500_.jpg" alt="Product Image"></a><p>DMiotech 5 Pack 7.87x11.81 Inch Corrugated Cardboard Paper Sheets DIY Projects Black for Box Making, Cards, Scrapbooks</p><p>$6.99 ($1.40 / Count)</p><a href="https://www.amazon.com/dp/B0C372CGHG?tag=eloabder-20&linkCode=osi&th=1&psc=1">View Product</a></div>
<div class="product"><a href="https://www.amazon.com/dp/B08PBJSDSH?tag=eloabder-20&linkCode=osi&th=1&psc=1"><img src="https://m.media-amazon.com/images/I/41pj8xbkfyL._SL500_.jpg" alt="Product Image"></a><p>100 Pieces Cotton Spun Paper Balls White Natural Spun Cotton Paper Balls Coloring Paper Balls for Making Paper Flowers DIY Crafts Decorations</p><p>$9.49</p><a href="https://www.amazon.com/dp/B08PBJSDSH?tag=eloabder-20&linkCode=osi&th=1&psc=1">View Product</a></div><div class="product"><a href="https://www.amazon.com/dp/B083W75XRT?tag=eloabder-20&linkCode=osi&th=1&psc=1"><img src="https://m.media-amazon.com/images/I/41C8TlFRJvL._SL500_.jpg" alt="Product Image"></a><p>Lia Griffith Cotton Spun Paper Balls, White, 20mm, 24 Count</p><p>$11.30 ($0.47 / Count)</p><a href="https://www.amazon.com/dp/B083W75XRT?tag=eloabder-20&linkCode=osi&th=1&psc=1">View Product</a></div>
<div class="product"><a href="https://www.amazon.com/dp/B0B1J8TYT1?tag=eloabder-20&linkCode=osi&th=1&psc=1"><img src="https://m.media-amazon.com/images/I/41NdyrANVlL._SL500_.jpg" alt="Product Image"></a><p>HOTGODEN Medium Weight 100% Cotton Muslin Fabric: 63 inch x 2,5,10 Yards Unbleached Muslin Linen Fabric Material for Sewing Material Apparel Cloth</p><p>$12.99</p><a href="https://www.amazon.com/dp/B0B1J8TYT1?tag=eloabder-20&linkCode=osi&th=1&psc=1">View Product</a></div><div class="product"><a href="https://www.amazon.com/dp/B0B9HHD1QM?tag=eloabder-20&linkCode=osi&th=1&psc=1"><img src="https://m.media-amazon.com/images/I/313O1FHX2vL._SL500_.jpg" alt="Product Image"></a><p>Craftido-19 Options-100% Cotton Fabric by The yard in Solid Color 44”Wide by 3yd (9 ft) -Medium Weight 5.2 oz- for Quilting, Sewing, Crafts, Binding, Backing and Lining - White</p><p>$22.99</p><a href="https://www.amazon.com/dp/B0B9HHD1QM?tag=eloabder-20&linkCode=osi&th=1&psc=1">View Product</a></div><div class="product"><a href="https://www.amazon.com/dp/B0BHVMLTWV?tag=eloabder-20&linkCode=osi&th=1&psc=1"><img src="https://m.media-amazon.com/images/I/21vOg9h0nXL._SL500_.jpg" alt="Product Image"></a><p>HOTGODEN Light Weight 100% Cotton Muslin Fabric: 63 inch x 2,5,10 Yards Unbleached Muslin Linen Fabric Material for Sewing Material Apparel Cloth</p><p>$12.99</p><a href="https://www.amazon.com/dp/B0BHVMLTWV?tag=eloabder-20&linkCode=osi&th=1&psc=1">View Product</a></div><div class="product"><a href="https://www.amazon.com/dp/B093BQ3GMM?tag=eloabder-20&linkCode=osi&th=1&psc=1"><img src="https://m.media-amazon.com/images/I/61UmpTb+DVS._SL500_.jpg" alt="Product Image"></a><p>42Pcs 10"x10" Quilting Cotton Fabric Squares Sheets Pre-Cut Multi-Color Design Printed Floral Craft Fabric for DIY Sewing Scrapbooking Quilting Craft Patchwork (Red/Pink/Yellow/Green/Blue/Purple)</p><p>$12.88</p><a href="https://www.amazon.com/dp/B093BQ3GMM?tag=eloabder-20&linkCode=osi&th=1&psc=1">View Product</a></div><div class="product"><a href="https://www.amazon.com/dp/B08DTBZTFC?tag=eloabder-20&linkCode=osi&th=1&psc=1"><img src="https://m.media-amazon.com/images/I/41NKhg34TpL._SL500_.jpg" alt="Product Image"></a><p>Master FAB -Black 100% Cotton Fabric by The Yard for Sewing DIY Crafting Fashion Design Washable Cloth Bundles Voile;Full Width cuttable39 x 55inches (100x140cm) (Black Solid)</p><p>$9.99</p><a href="https://www.amazon.com/dp/B08DTBZTFC?tag=eloabder-20&linkCode=osi&th=1&psc=1">View Product</a></div>
<div class="product"><a href="https://www.amazon.com/dp/B08TZZ7F3P?tag=eloabder-20&linkCode=osi&th=1&psc=1"><img src="https://m.media-amazon.com/images/I/41J8e8Zfz1S._SL500_.jpg" alt="Product Image"></a><p>Hdviai Macrame Cord - Natural Unbleached Macrame Rope - 4 Strand Twisted Cotton Rope for Wall Hanging，DIY Craft Making，Plant Hangers，Knotting Decorative Projects (White, 8mm x 20 Yards)</p><p>$9.99 ($0.17 / Foot)</p><a href="https://www.amazon.com/dp/B08TZZ7F3P?tag=eloabder-20&linkCode=osi&th=1&psc=1">View Product</a></div><div class="product"><a href="https://www.amazon.com/dp/B094Y2M3G5?tag=eloabder-20&linkCode=osi&th=1&psc=1"><img src="https://m.media-amazon.com/images/I/51C-4p5OSsS._SL500_.jpg" alt="Product Image"></a><p>SEMINI 100% Natural Cotton Cord,5mm x40 Yard Mixed Color Twine String Cord Colored Cotton Rope Craft Cord for DIY Crafts Knitting Plant Hangers Christmas Wedding Decorate (Mix Color)</p><p>$12.99</p><a href="https://www.amazon.com/dp/B094Y2M3G5?tag=eloabder-20&linkCode=osi&th=1&psc=1">View Product</a></div><div class="product"><a href="https://www.amazon.com/dp/B07NTT82FH?tag=eloabder-20&linkCode=osi&th=1&psc=1"><img src="https://m.media-amazon.com/images/I/41aw9F3nkmL._SL500_.jpg" alt="Product Image"></a><p>Feelmate 6mm x 164 Feet Cotton Rope Macrame Cord for Crafts Jewelry Making Home Decoration Gift Wrapping</p><p>$14.99 ($0.09 / Foot)</p><a href="https://www.amazon.com/dp/B07NTT82FH?tag=eloabder-20&linkCode=osi&th=1&psc=1">View Product</a></div><div class="product"><a href="https://www.amazon.com/dp/B09KRYCT3B?tag=eloabder-20&linkCode=osi&th=1&psc=1"><img src="https://m.media-amazon.com/images/I/41H918apC-L._SL500_.jpg" alt="Product Image"></a><p>Natural Cotton Rope, JEUIHAU 328 Feet 1/4 Inch Cotton Clothesline Rope, All-Purpose Braided Cotton Rope Utility Cord for Clothes Hanging, Crafting, Macrame, Basket Making, and DIY Art Projects</p><p>$25.99 ($0.08 / Foot)</p><a href="https://www.amazon.com/dp/B09KRYCT3B?tag=eloabder-20&linkCode=osi&th=1&psc=1">View Product</a></div>
<div class="product"><a href="https://www.amazon.com/dp/B07RRD6TBN?tag=eloabder-20&linkCode=osi&th=1&psc=1"><img src="https://m.media-amazon.com/images/I/31YqtfxjDuL._SL500_.jpg" alt="Product Image"></a><p>Connecting Threads 100% Cotton Thread - 1200 Yard Spool (White)</p><p>$8.99</p><a href="https://www.amazon.com/dp/B07RRD6TBN?tag=eloabder-20&linkCode=osi&th=1&psc=1">View Product</a></div><div class="product"><a href="https://www.amazon.com/dp/B07G4N3HCZ?tag=eloabder-20&linkCode=osi&th=1&psc=1"><img src="https://m.media-amazon.com/images/I/413UnNketKL._SL500_.jpg" alt="Product Image"></a><p>2-Pack - Gutermann Natural Cotton Thread Solids 876 Yards Each - White (800C 5709)</p><p>$16.17 ($8.08 / Count)</p><a href="https://www.amazon.com/dp/B07G4N3HCZ?tag=eloabder-20&linkCode=osi&th=1&psc=1">View Product</a></div><div class="product"><a href="https://www.amazon.com/dp/B07RSFSYLY?tag=eloabder-20&linkCode=osi&th=1&psc=1"><img src="https://m.media-amazon.com/images/I/31dM1Mx2uIL._SL500_.jpg" alt="Product Image"></a><p>Connecting Threads 100% Cotton Essential Thread 5000 Yard Cone (White)</p><p>$16.99</p><a href="https://www.amazon.com/dp/B07RSFSYLY?tag=eloabder-20&linkCode=osi&th=1&psc=1">View Product</a></div><div class="product"><a href="https://www.amazon.com/dp/B074H1JTPK?tag=eloabder-20&linkCode=osi&th=1&psc=1"><img src="https://m.media-amazon.com/images/I/41tOL4rkfFL._SL500_.jpg" alt="Product Image"></a><p>Simthread 12 Multi Colors 100% Cotton Sewing Thread 50s/3 Thread for Quilting etc - 550 Yards Each 12C02</p><p>$21.99 ($0.00 / Foot)</p><a href="https://www.amazon.com/dp/B074H1JTPK?tag=eloabder-20&linkCode=osi&th=1&psc=1">View Product</a></div><div class="product"><a href="https://www.amazon.com/dp/B07RPCNYXW?tag=eloabder-20&linkCode=osi&th=1&psc=1"><img src="https://m.media-amazon.com/images/I/41iUqMPb-gL._SL500_.jpg" alt="Product Image"></a><p>Connecting Threads 100% Cotton Thread - 1200 Yard Spool (Red)</p><p>$8.99</p><a href="https://www.amazon.com/dp/B07RPCNYXW?tag=eloabder-20&linkCode=osi&th=1&psc=1">View Product</a></div>
<div class="product"><a href="https://www.amazon.com/dp/B09SL5LT8W?tag=eloabder-20&linkCode=osi&th=1&psc=1"><img src="https://m.media-amazon.com/images/I/512Dhz0oTrL._SL500_.jpg" alt="Product Image"></a><p>B-7000 Glue Clear for Rhinestone Crafts, Jewelry and Bead Adhesive B7000 Semi Fluid High Viscosity Glues for Clothes Shoes Fabric Cell Phones Screen Repair Metal Stone Nail Art Glass (4x15 ml/0.5 oz)</p><p>$5.45</p><a href="https://www.amazon.com/dp/B09SL5LT8W?tag=eloabder-20&linkCode=osi&th=1&psc=1">View Product</a></div><div class="product"><a href="https://www.amazon.com/dp/B00178KLEY?tag=eloabder-20&linkCode=osi&th=1&psc=1"><img src="https://m.media-amazon.com/images/I/31wcgL5xRkL._SL500_.jpg" alt="Product Image"></a><p>Aleene's All Purpose Tacky Glue, 8-Ounce</p><p>$2.44 ($0.30 / Fl Oz)</p><a href="https://www.amazon.com/dp/B00178KLEY?tag=eloabder-20&linkCode=osi&th=1&psc=1">View Product</a></div><div class="product"><a href="https://www.amazon.com/dp/B088NN5GD8?tag=eloabder-20&linkCode=osi&th=1&psc=1"><img src="https://m.media-amazon.com/images/I/417dgxV3dfL._SL500_.jpg" alt="Product Image"></a><p>Bearly Art Precision Craft Glue - The Mini - 2fl oz with Tip Kit - Acid Free Archival - Strong Hold Adhesive - Ideal for Fine Paper Crafting Scrapbooking and Card Making - Made in USA</p><p>$12.99</p><a href="https://www.amazon.com/dp/B088NN5GD8?tag=eloabder-20&linkCode=osi&th=1&psc=1">View Product</a></div><div class="product"><a href="https://www.amazon.com/dp/B000BY6THS?tag=eloabder-20&linkCode=osi&th=1&psc=1"><img src="https://m.media-amazon.com/images/I/41WhjtET6sL._SL500_.jpg" alt="Product Image"></a><p>Aleene's Clear Gel Tacky Glue 4oz</p><p>$2.33</p><a href="https://www.amazon.com/dp/B000BY6THS?tag=eloabder-20&linkCode=osi&th=1&psc=1">View Product</a></div><div class="product"><a href="https://www.amazon.com/dp/B00KD6ZHA4?tag=eloabder-20&linkCode=osi&th=1&psc=1"><img src="https://m.media-amazon.com/images/I/31oecXt0Q+L._SL500_.jpg" alt="Product Image"></a><p>Aleene's Gel Glue, 8-Ounce, Clear</p><p>$4.44 ($0.56 / Fl Oz)</p><a href="https://www.amazon.com/dp/B00KD6ZHA4?tag=eloabder-20&linkCode=osi&th=1&psc=1">View Product</a></div><div class="product"><a href="https://www.amazon.com/dp/B07Y6RWHP1?tag=eloabder-20&linkCode=osi&th=1&psc=1"><img src="https://m.media-amazon.com/images/I/41B6C8VaOWL._SL500_.jpg" alt="Product Image"></a><p>Bearly Art Precision Craft Glue - The Original - 4fl oz - Tip Kit Included - Dries Clear - Metal Tip - Wrinkle Resistant - Flexible and Crack Resistant - Strong Hold Adhesive - Made in USA</p><p>$19.99 ($5.00 / Fl Oz)</p><a href="https://www.amazon.com/dp/B07Y6RWHP1?tag=eloabder-20&linkCode=osi&th=1&psc=1">View Product</a></div><div class="product"><a href="https://www.amazon.com/dp/B0D1BYTYWD?tag=eloabder-20&linkCode=osi&th=1&psc=1"><img src="https://m.media-amazon.com/images/I/41P6pr3DnTL._SL500_.jpg" alt="Product Image"></a><p>Joez Wonderful 6 Sheets Foam Adhesive Squares, 990pcs Total Double Sided Self Adhesive Dots, Precut Squares Strips Foam Tape for DIY Arts & Crafts, 2 Sizes (0.47in/12mm, 0.24in/6mm)</p><p>$5.59</p><a href="https://www.amazon.com/dp/B0D1BYTYWD?tag=eloabder-20&linkCode=osi&th=1&psc=1">View Product</a></div><div class="product"><a href="https://www.amazon.com/dp/B001683NAO?tag=eloabder-20&linkCode=osi&th=1&psc=1"><img src="https://m.media-amazon.com/images/I/31cwr-m138L._SL500_.jpg" alt="Product Image"></a><p>BEACON 3-in-1 Advanced Craft Glue - Fast-Drying, Crystal Clear Adhesive for Wood, Ceramics, Fabrics, and More, 4-Ounce</p><p>$8.99 ($2.25 / Fl Oz)</p><a href="https://www.amazon.com/dp/B001683NAO?tag=eloabder-20&linkCode=osi&th=1&psc=1">View Product</a></div><div class="product"><a href="https://www.amazon.com/dp/B0C5CB2KCT?tag=eloabder-20&linkCode=osi&th=1&psc=1"><img src="https://m.media-amazon.com/images/I/51GvFpuq9BL._SL500_.jpg" alt="Product Image"></a><p>B-7000 Craft Glue for Jewelry Making - 15ml/0.5oz (2 Pack) - Multi-Function B-7000 Super Adhesive Glues Liquid Fusion Glue for Rhinestones Crafts, Clothes Shoes, Fabric, Jewelry Making, Cell Phones</p><p>$5.99</p><a href="https://www.amazon.com/dp/B0C5CB2KCT?tag=eloabder-20&linkCode=osi&th=1&psc=1">View Product</a></div><div class="product"><a href="https://www.amazon.com/dp/B0011N832C?tag=eloabder-20&linkCode=osi&th=1&psc=1"><img src="https://m.media-amazon.com/images/I/41VYA3-u1QL._SL500_.jpg" alt="Product Image"></a><p>Glue Dots, Craft Dots, Double-Sided, 1/2", .5 Inch, 200 Dots, DIY Craft Glue Tape, Sticky Adhesive Glue Points, Liquid Hot Glue Alternative, Clear</p><p>$4.88 ($0.02 / Count)</p><a href="https://www.amazon.com/dp/B0011N832C?tag=eloabder-20&linkCode=osi&th=1&psc=1">View Product</a></div>
<div class="product"><a href="https://www.amazon.com/dp/B07V3HLBVF?tag=eloabder-20&linkCode=osi&th=1&psc=1"><img src="https://m.media-amazon.com/images/I/41siDRjPEoL._SL500_.jpg" alt="Product Image"></a><p>bagmad 100 Pack 8x4.75x10 inch Plain Medium Paper Bags with Handles Bulk, Brown Kraft Bags, Craft Gift Bags, Grocery Shopping Retail Bags, Birthday Party Favors Wedding Bags Sacks (Brown, 100pcs)</p><p>$26.46 ($0.26 / Count)</p><a href="https://www.amazon.com/dp/B07V3HLBVF?tag=eloabder-20&linkCode=osi&th=1&psc=1">View Product</a></div><div class="product"><a href="https://www.amazon.com/dp/B07MLM81VG?tag=eloabder-20&linkCode=osi&th=1&psc=1"><img src="https://m.media-amazon.com/images/I/31j9z9qZ3mL._SL500_.jpg" alt="Product Image"></a><p>Qutuus Kraft Paper Bags with Handles Bulk 8x4.5x10 100 pcs Brown Paper Gift Bags Bulk Medium Size Kraft Bags, Brown Bags, Shopping Bags, Retail Bags, Craft Bags for Small Business</p><p>$25.99</p><a href="https://www.amazon.com/dp/B07MLM81VG?tag=eloabder-20&linkCode=osi&th=1&psc=1">View Product</a></div><div class="product"><a href="https://www.amazon.com/dp/B0CJ8PHN2Z?tag=eloabder-20&linkCode=osi&th=1&psc=1"><img src="https://m.media-amazon.com/images/I/41e7VEiBNIL._SL500_.jpg" alt="Product Image"></a><p>100 Pack 5.8x3.2x8.25 Inch Brown Kraft Paper Gift Bags with Handles - Bulk Small Plain Natural Bags for Birthday Party Favors, Grocery, Retail Shopping, Wedding, Craft, Goody, Takeouts, and Business</p><p>$18.99</p><a href="https://www.amazon.com/dp/B0CJ8PHN2Z?tag=eloabder-20&linkCode=osi&th=1&psc=1">View Product</a></div><div class="product"><a href="https://www.amazon.com/dp/B0BWMY43TD?tag=eloabder-20&linkCode=osi&th=1&psc=1"><img src="https://m.media-amazon.com/images/I/41FVul0hWRL._SL500_.jpg" alt="Product Image"></a><p>Brothersbox Brown Paper Bags with Handles Bulk 100PCS Kraft Paper Bags, 8 * 4.76 * 10 Inch Medium Craft Paper Gift Bags for Birthday Party Grocery Retail Shopping Business</p><p>$24.99</p><a href="https://www.amazon.com/dp/B0BWMY43TD?tag=eloabder-20&linkCode=osi&th=1&psc=1">View Product</a></div><div class="product"><a href="https://www.amazon.com/dp/B0C13GRG4D?tag=eloabder-20&linkCode=osi&th=1&psc=1"><img src="https://m.media-amazon.com/images/I/41L33B24HtL._SL500_.jpg" alt="Product Image"></a><p>Toovip 90 Pack Plain Brown Kraft Paper Bags with Handles Bulk, Multiple 3 Assorted Sizes Gift Bags for Favors Grocery Retail Party Birthday Shopping Business Goody Craft Merchandise Take Out Sacks</p><p>$26.99 ($0.30 / Count)</p><a href="https://www.amazon.com/dp/B0C13GRG4D?tag=eloabder-20&linkCode=osi&th=1&psc=1">View Product</a></div><div class="product"><a href="https://www.amazon.com/dp/B09Z2N3QKT?tag=eloabder-20&linkCode=osi&th=1&psc=1"><img src="https://m.media-amazon.com/images/I/416VQ3Ke3PL._SL500_.jpg" alt="Product Image"></a><p>Moretoes 40pcs Brown Paper Bags with Handles Assorted Size Gift Bags, Kraft Paper Bags, Paper Shopping Bags, Craft Bags, Merchandise Bags</p><p>$20.99</p><a href="https://www.amazon.com/dp/B09Z2N3QKT?tag=eloabder-20&linkCode=osi&th=1&psc=1">View Product</a></div><div class="product"><a href="https://www.amazon.com/dp/B0CHMTKBWS?tag=eloabder-20&linkCode=osi&th=1&psc=1"><img src="https://m.media-amazon.com/images/I/31QBYQW7LOL._SL500_.jpg" alt="Product Image"></a><p>Oikss 100 Pack 10x5x13 Plain Natural Brown Kraft Paper Bags with Handles Bulk for Birthday Party Favors Grocery Retail Shopping Business Goody Recycled Craft Gift Bags (Large Size, 100 Count)</p><p>$30.99</p><a href="https://www.amazon.com/dp/B0CHMTKBWS?tag=eloabder-20&linkCode=osi&th=1&psc=1">View Product</a></div><div class="product"><a href="https://www.amazon.com/dp/B0CRD6RXP3?tag=eloabder-20&linkCode=osi&th=1&psc=1"><img src="https://m.media-amazon.com/images/I/51lEnA2mgNL._SL500_.jpg" alt="Product Image"></a><p>XPCARE 100Pack Brown Paper Bags 8x4.5x10 Inch, Plain Medium Paper Bags with Handles Bulk, Kraft Paper Gift Bags, Retail Bags, Party Bags, Shopping Bags, Favor Bags</p><p>$19.99</p><a href="https://www.amazon.com/dp/B0CRD6RXP3?tag=eloabder-20&linkCode=osi&th=1&psc=1">View Product</a></div><div class="product"><a href="https://www.amazon.com/dp/B07V3J3Y5V?tag=eloabder-20&linkCode=osi&th=1&psc=1"><img src="https://m.media-amazon.com/images/I/41wn1f3QStL._SL500_.jpg" alt="Product Image"></a><p>bagmad 100 Pack 5.25x3.25x8 inch Brown Small Paper Bags with Handles Bulk, Gift Paper Bags, Kraft Birthday Party Favors Grocery Retail Shopping Craft Bags Takeouts Business (Plain Natural 100pcs)</p><p>$20.99 ($0.21 / Count)</p><a href="https://www.amazon.com/dp/B07V3J3Y5V?tag=eloabder-20&linkCode=osi&th=1&psc=1">View Product</a></div><div class="product"><a href="https://www.amazon.com/dp/B09HBN5248?tag=eloabder-20&linkCode=osi&th=1&psc=1"><img src="https://m.media-amazon.com/images/I/41iWymlepRL._SL500_.jpg" alt="Product Image"></a><p>Oikss 100 Pack 5.25x3.25x8.25 Inch Small Plain Natural Paper Kraft Gift Bags with Handles Bulk for Birthday Party Favors Grocery Retail Shopping Business Goody Craft Bags Cub (Brown 100 Count)</p><p>$20.99 ($0.21 / Count)</p><a href="https://www.amazon.com/dp/B09HBN5248?tag=eloabder-20&linkCode=osi&th=1&psc=1">View Product</a></div>
<div class="product"><a href="https://www.amazon.com/dp/B09C1YL7RQ?tag=eloabder-20&linkCode=osi&th=1&psc=1"><img src="https://m.media-amazon.com/images/I/615lFU8obCL._SL500_.jpg" alt="Product Image"></a><p>1000+ pcs Pony Beads, Multi-Colored Bracelet Beads for Hair Braids, Crafts, Plastic Beads (Medium Pack, Classic)…</p><p>$6.99 ($0.01 / Count)</p><a href="https://www.amazon.com/dp/B09C1YL7RQ?tag=eloabder-20&linkCode=osi&th=1&psc=1">View Product</a></div>
<div class="product"><a href="https://www.amazon.com/dp/B0C1RC5Y7F?tag=eloabder-20&linkCode=osi&th=1&psc=1"><img src="https://m.media-amazon.com/images/I/41Sf-YEnE+L._SL500_.jpg" alt="Product Image"></a><p>PerkHomy Brown Kraft Paper Roll 17.5" x 1,200" (100') for Gift Wrapping Bulletin Board Kids Craft Art Bouquet Flower Packing Moving Shipping Floor Covering Table 70GSM 50LB (Brown, 17.5" x 100')</p><p>$5.98</p><a href="https://www.amazon.com/dp/B0C1RC5Y7F?tag=eloabder-20&linkCode=osi&th=1&psc=1">View Product</a></div>
<div class="product"><a href="https://www.amazon.com/dp/B0044SA67G?tag=eloabder-20&linkCode=osi&th=1&psc=1"><img src="https://m.media-amazon.com/images/I/51UEqn6-w3L._SL500_.jpg" alt="Product Image"></a><p>Hygloss Products - 77640 Colorful Blank Books – Books for Journaling, Sketching, Writing & More – Great for Arts & Crafts - 10 Assorted Bright, Fun Colors - Pocket-Size - 4.25 x 5.5 Inches - 10 Pack</p><p>$8.18 ($0.82 / Count)</p><a href="https://www.amazon.com/dp/B0044SA67G?tag=eloabder-20&linkCode=osi&th=1&psc=1">View Product</a></div><div class="product"><a href="https://www.amazon.com/dp/B09WQCHK3M?tag=eloabder-20&linkCode=osi&th=1&psc=1"><img src="https://m.media-amazon.com/images/I/61JMYPiYGRL._SL500_.jpg" alt="Product Image"></a><p>Aigybobo Origami Paper Set, 308PCS Kids Craft Paper Kit with Instructional Book for Girls Age 6,7,8,9,10,11,12, Art Projects Supplies for School Class Craft Lessons- Christmas Gifts for Boys&Girls</p><p>$12.99</p><a href="https://www.amazon.com/dp/B09WQCHK3M?tag=eloabder-20&linkCode=osi&th=1&psc=1">View Product</a></div><div class="product"><a href="https://www.amazon.com/dp/B00I7E56NC?tag=eloabder-20&linkCode=osi&th=1&psc=1"><img src="https://m.media-amazon.com/images/I/21cxSReF5yL._SL500_.jpg" alt="Product Image"></a><p>Hygloss Products White Blank Books – Great Books for Journaling, Sketching, Writing & More – Fun for Arts & Crafts - Pocket-size - 4.25 x 5.5 Inches - 10 Pack</p><p>$13.00</p><a href="https://www.amazon.com/dp/B00I7E56NC?tag=eloabder-20&linkCode=osi&th=1&psc=1">View Product</a></div><div class="product"><a href="https://www.amazon.com/dp/B07YGRCXVT?tag=eloabder-20&linkCode=osi&th=1&psc=1"><img src="https://m.media-amazon.com/images/I/51Oxy0SqbES._SL500_.jpg" alt="Product Image"></a><p>Origami Paper | 350 Origami Paper Kit | Set Includes - 300 Sheets 20 Colors 6x6 | 50 Traditional Japanese Patterns | Origami Book 25 Easy Colored Projects | Kids Crafts | Christmas Gifts for boys 8-12</p><p>$17.99</p><a href="https://www.amazon.com/dp/B07YGRCXVT?tag=eloabder-20&linkCode=osi&th=1&psc=1">View Product</a></div><div class="product"><a href="https://www.amazon.com/dp/B07VDCVN3T?tag=eloabder-20&linkCode=osi&th=1&psc=1"><img src="https://m.media-amazon.com/images/I/516u8vopNML._SL500_.jpg" alt="Product Image"></a><p>Gamenote Colorful Origami Kit for Kids 54 Projects 120 Double Sided Origami Paper 12 Sheets Practice Papers Instructional Origami Book Origami Gift for 4+ Girls Boys Adult Beginners Training Craft</p><p>$11.99</p><a href="https://www.amazon.com/dp/B07VDCVN3T?tag=eloabder-20&linkCode=osi&th=1&psc=1">View Product</a></div>



<div class="product"><a href="https://www.amazon.com/dp/B01GCLS32M?tag=eloabder-20&linkCode=osi&th=1&psc=1"><img src="https://m.media-amazon.com/images/I/51xf1ALKGyL._SL500_.jpg" alt="Product Image"></a><p>42pcs Felt Fabric Sheet 4"x4" Assorted Color DIY Craft Squares Nonwoven 1mm Thick</p><p>$6.68</p><a href="https://www.amazon.com/dp/B01GCLS32M?tag=eloabder-20&linkCode=osi&th=1&psc=1">View Product</a></div><div class="product"><a href="https://www.amazon.com/dp/B0CY56NFL7?tag=eloabder-20&linkCode=osi&th=1&psc=1"><img src="https://m.media-amazon.com/images/I/51jZtTDxNCL._SL500_.jpg" alt="Product Image"></a><p>XSEINO 12 Rolls 8"x35"(20.5x90cm) 1.4mm Thick Soft Felt Fabric Sheet 12 Assorted Colors Felt Pack for DIY Craft Sewing Squares Nonwoven Patchwork</p><p>$11.99</p><a href="https://www.amazon.com/dp/B0CY56NFL7?tag=eloabder-20&linkCode=osi&th=1&psc=1">View Product</a></div><div class="product"><a href="https://www.amazon.com/dp/B07VHMT14L?tag=eloabder-20&linkCode=osi&th=1&psc=1"><img src="https://m.media-amazon.com/images/I/61DSrnEAvjL._SL500_.jpg" alt="Product Image"></a><p>150Pcs 4" x 4" (10cm x 10cm) Cotton Craft Fabric Bundle Squares,Squares Sheets Patchwork,Pre-Cut Quilt Squares,DIY Sewing Quarters Bundle,Quilting Fabric Bundles</p><p>$9.99</p><a href="https://www.amazon.com/dp/B07VHMT14L?tag=eloabder-20&linkCode=osi&th=1&psc=1">View Product</a></div><div class="product"><a href="https://www.amazon.com/dp/B08GJHYMGN?tag=eloabder-20&linkCode=osi&th=1&psc=1"><img src="https://m.media-amazon.com/images/I/51wD1FT1eeL._SL500_.jpg" alt="Product Image"></a><p>50pcs 8 x 8 inches Multicolor Cotton Fabric Bundle Squares for Quilting Sewing, Precut Fabric Squares for Craft Patchwork</p><p>$13.77</p><a href="https://www.amazon.com/dp/B08GJHYMGN?tag=eloabder-20&linkCode=osi&th=1&psc=1">View Product</a></div><div class="product"><a href="https://www.amazon.com/dp/B0C6K98T96?tag=eloabder-20&linkCode=osi&th=1&psc=1"><img src="https://m.media-amazon.com/images/I/51M-+hitpAL._SL500_.jpg" alt="Product Image"></a><p>42pcs 6 x 6 inches Felt Fabric Sheets - Fabrics DIY Craftwork Sewing Patchwork, Felt Crafts Assorted Colour Polyester Felt Sheet for Art and Craft</p><p>$4.99</p><a href="https://www.amazon.com/dp/B0C6K98T96?tag=eloabder-20&linkCode=osi&th=1&psc=1">View Product</a></div><div class="product"><a href="https://www.amazon.com/dp/B0C9BYD9ND?tag=eloabder-20&linkCode=osi&th=1&psc=1"><img src="https://m.media-amazon.com/images/I/418r7XqmEKL._SL500_.jpg" alt="Product Image"></a><p>40Pcs Felt Fabric Sheets - 4x4 inch DIY Craft Felt, 1mm Thick Non-Woven Patchwork Material for School Projects & Decoration - 40 Assorted Colors (10 x 10cm)</p><p>$4.99</p><a href="https://www.amazon.com/dp/B0C9BYD9ND?tag=eloabder-20&linkCode=osi&th=1&psc=1">View Product</a></div><div class="product"><a href="https://www.amazon.com/dp/B0BWRN4RHP?tag=eloabder-20&linkCode=osi&th=1&psc=1"><img src="https://m.media-amazon.com/images/I/51HHQcV3njL._SL500_.jpg" alt="Product Image"></a><p>Large Stiff Felt Sheets Bundle: LOTOFUN 10pcs 8x35Inch Assorted Rainbow Color Felts Sheet for Kids Crafts Squares Nonwoven Patchwork DIY Sewing</p><p>$11.99</p><a href="https://www.amazon.com/dp/B0BWRN4RHP?tag=eloabder-20&linkCode=osi&th=1&psc=1">View Product</a></div>
<div class="product"><a href="https://www.amazon.com/dp/B003U6QIUC?tag=eloabder-20&linkCode=osi&th=1&psc=1"><img src="https://m.media-amazon.com/images/I/51PyPJgIPlL._SL500_.jpg" alt="Product Image"></a><p>School Smart 85836 Maribu Feathers - 1/2 Ounce - Set of 150 - Assorted Colors</p><p>$3.52</p><a href="https://www.amazon.com/dp/B003U6QIUC?tag=eloabder-20&linkCode=osi&th=1&psc=1">View Product</a></div>
<div class="product"><a href="https://www.amazon.com/dp/B089DPDYKV?tag=eloabder-20&linkCode=osi&th=1&psc=1"><img src="https://m.media-amazon.com/images/I/51L58by1dXL._SL500_.jpg" alt="Product Image"></a><p>Better Office Products 100 Pack EVA Foam Sheets, 5.5 x 8.5 Inch, Assorted Colors (20 Colors), 2mm Thick, for Arts and Crafts, 100 Sheets</p><p>$13.99 ($0.14 / Count)</p><a href="https://www.amazon.com/dp/B089DPDYKV?tag=eloabder-20&linkCode=osi&th=1&psc=1">View Product</a></div><div class="product"><a href="https://www.amazon.com/dp/B08YXYN327?tag=eloabder-20&linkCode=osi&th=1&psc=1"><img src="https://m.media-amazon.com/images/I/41VfV+-ZFTL._SL500_.jpg" alt="Product Image"></a><p>EVA Foam Cosplay - 2mm (1mm to 10mm) - Black or White - 14" x 39" Sheet - Ultra High Density Craft Foam 85 kg/m3 - by The Foamory</p><p>$14.99</p><a href="https://www.amazon.com/dp/B08YXYN327?tag=eloabder-20&linkCode=osi&th=1&psc=1">View Product</a></div><div class="product"><a href="https://www.amazon.com/dp/B0CMTJDYRN?tag=eloabder-20&linkCode=osi&th=1&psc=1"><img src="https://m.media-amazon.com/images/I/310JuSzt+mL._SL500_.jpg" alt="Product Image"></a><p>Do²ping White Foam Sheets Crafts, 8.5x5.5 Inch Eva Craft Foam Paper for Crafts Project Classroom Scrapbook DIY Cosplay (White-10 Sheets)</p><p>$4.89 ($0.49 / Count)</p><a href="https://www.amazon.com/dp/B0CMTJDYRN?tag=eloabder-20&linkCode=osi&th=1&psc=1">View Product</a></div><div class="product"><a href="https://www.amazon.com/dp/B0C8B6N9TG?tag=eloabder-20&linkCode=osi&th=1&psc=1"><img src="https://m.media-amazon.com/images/I/51j0TiXHCTL._SL500_.jpg" alt="Product Image"></a><p>120 Pack EVA Foam Sheets, 8 x 6 Inch, 1mm Thick, Assorted 15 Colors Craft Foam Paper for School Supply and DIY Handcraft Projects</p><p>$15.99 ($0.13 / Count)</p><a href="https://www.amazon.com/dp/B0C8B6N9TG?tag=eloabder-20&linkCode=osi&th=1&psc=1">View Product</a></div>
<div class="product"><a href="https://www.amazon.com/dp/B01EK7LGH4?tag=eloabder-20&linkCode=osi&th=1&psc=1"><img src="https://m.media-amazon.com/images/I/41Xx+D+j6XL._SL500_.jpg" alt="Product Image"></a><p>Aleene's 3 Pack, 8 oz Tacky Glue, 8 FL OZ, Original Version 3 Count</p><p>$11.17 ($0.47 / Fl Oz)</p><a href="https://www.amazon.com/dp/B01EK7LGH4?tag=eloabder-20&linkCode=osi&th=1&psc=1">View Product</a></div><div class="product"><a href="https://www.amazon.com/dp/B0D59G56SG?tag=eloabder-20&linkCode=osi&th=1&psc=1"><img src="https://m.media-amazon.com/images/I/41BsDwUSwdL._SL500_.jpg" alt="Product Image"></a><p>4oz Craft Glue & Precision Tips, Strong Tacky Glue, Craft Glue Bottles with Fine Tip, Craft Glue Dry Clear, Fabric Glue Permanent for Paper Crafting Scrapbooking/Card Making/Etc</p><p>$8.58</p><a href="https://www.amazon.com/dp/B0D59G56SG?tag=eloabder-20&linkCode=osi&th=1&psc=1">View Product</a></div><div class="product"><a href="https://www.amazon.com/dp/B004DNX6EW?tag=eloabder-20&linkCode=osi&th=1&psc=1"><img src="https://m.media-amazon.com/images/I/51RkAeJv5hL._SL500_.jpg" alt="Product Image"></a><p>ELMERS CraftBond Extra Strength Glue Sticks, 6 Grams, 4 Count</p><p>$9.89 ($2.47 / Count)</p><a href="https://www.amazon.com/dp/B004DNX6EW?tag=eloabder-20&linkCode=osi&th=1&psc=1">View Product</a></div>
<div class="product"><a href="https://www.amazon.com/dp/B01ELWWX98?tag=eloabder-20&linkCode=osi&th=1&psc=1"><img src="https://m.media-amazon.com/images/I/51g67GhksOL._SL500_.jpg" alt="Product Image"></a><p>Maybe Swearing Will Help Adult Coloring Book Set - for Adults Relaxation with Markers in a Case - Motivational Swear Word Anxiety Relief - Color Cuss & Laugh Your Way to Less Stress</p><p>$24.99</p><a href="https://www.amazon.com/dp/B01ELWWX98?tag=eloabder-20&linkCode=osi&th=1&psc=1">View Product</a></div><div class="product"><a href="https://www.amazon.com/dp/B09X1YX59W?tag=eloabder-20&linkCode=osi&th=1&psc=1"><img src="https://m.media-amazon.com/images/I/61Cr68venIL._SL500_.jpg" alt="Product Image"></a><p>Hula Home Stained Glass Mandala Art Kit - DIY Window Clings with Markers, 10 Suncatchers - Perfect Hobby for Adults, Kids, Teens & Seniors - Ideal Gift for Beginners, Women & Elderly</p><p>$15.99</p><a href="https://www.amazon.com/dp/B09X1YX59W?tag=eloabder-20&linkCode=osi&th=1&psc=1">View Product</a></div><div class="product"><a href="https://www.amazon.com/dp/B0CGD74KX7?tag=eloabder-20&linkCode=osi&th=1&psc=1"><img src="https://m.media-amazon.com/images/I/51rNpMlv3wL._SL500_.jpg" alt="Product Image"></a><p>Shimmer Markers Outline Double Line: 12 Colors Metallic Glitter Pens Set Sparkle Kid Age 4 8 10 14 16 Year Old Gift Doodle Drawing Supplies Art Craft Teen Girl Cute Stuff Mother's Day Basket Ideas</p><p>$9.99</p><a href="https://www.amazon.com/dp/B0CGD74KX7?tag=eloabder-20&linkCode=osi&th=1&psc=1">View Product</a></div>

<div class="product"><a href="https://www.amazon.com/dp/B08395C5GC?tag=eloabder-20&linkCode=osi&th=1&psc=1"><img src="https://m.media-amazon.com/images/I/61OgJOjMgQL._SL500_.jpg" alt="Product Image"></a><p>hapray Origami Kit 144 sheets Origami Paper for Kids 72 Patterns with Craft Guiding Book</p><p>$13.97</p><a href="https://www.amazon.com/dp/B08395C5GC?tag=eloabder-20&linkCode=osi&th=1&psc=1">View Product</a></div><div class="product"><a href="https://www.amazon.com/dp/B098WP659T?tag=eloabder-20&linkCode=osi&th=1&psc=1"><img src="https://m.media-amazon.com/images/I/61D4gTo+S1L._SL500_.jpg" alt="Product Image"></a><p>pigipigi Craft Origami Paper for Kids - 208 Sheets Vivid Colorful Folding Papers 54 Patterns Art Projects Kit for 5 6 7 8 9 10 11 12 Years Old Girl Boy Teen Birthday Gift Preschool Educational Toy</p><p>$11.99</p><a href="https://www.amazon.com/dp/B098WP659T?tag=eloabder-20&linkCode=osi&th=1&psc=1">View Product</a></div>
<div class="product"><a href="https://www.amazon.com/dp/B08TWGWRG4?tag=eloabder-20&linkCode=osi&th=1&psc=1"><img src="https://m.media-amazon.com/images/I/51KMwCTx2eL._SL500_.jpg" alt="Product Image"></a><p>Homum 200pcs Premium Gift Tags with 200 Root Natural Jute Twine, Double-Sided Available Kraft Paper Price Tags, Craft Tags Labels Jewelry Tags with String for Wedding Christmas Day Thanksgiving</p><p>$5.99</p><a href="https://www.amazon.com/dp/B08TWGWRG4?tag=eloabder-20&linkCode=osi&th=1&psc=1">View Product</a></div><div class="product"><a href="https://www.amazon.com/dp/B0BNG993ZV?tag=eloabder-20&linkCode=osi&th=1&psc=1"><img src="https://m.media-amazon.com/images/I/51xRPDQUVHL._SL500_.jpg" alt="Product Image"></a><p>200 Pack 2.2 Inch Wood Tags with Hole and Twine, Clipped Corner Rectangle Wooden Gifts Tag for Crafts Unfinished Labels (1.2x2.2 in)</p><p>$9.99 ($0.05 / Count)</p><a href="https://www.amazon.com/dp/B0BNG993ZV?tag=eloabder-20&linkCode=osi&th=1&psc=1">View Product</a></div><div class="product"><a href="https://www.amazon.com/dp/B07N1T58K9?tag=eloabder-20&linkCode=osi&th=1&psc=1"><img src="https://m.media-amazon.com/images/I/41dUfeOE8BL._SL500_.jpg" alt="Product Image"></a><p>2.5" x 3" Vintage Frame Brown Kraft Present Tag Sticker / 250 Present Labels/Canning Packaging Organization Label/Made in The USA</p><p>$15.99</p><a href="https://www.amazon.com/dp/B07N1T58K9?tag=eloabder-20&linkCode=osi&th=1&psc=1">View Product</a></div>
<div class="product"><a href="https://www.amazon.com/dp/B08Y8YRXVQ?tag=eloabder-20&linkCode=osi&th=1&psc=1"><img src="https://m.media-amazon.com/images/I/51DyT7Dd1BL._SL500_.jpg" alt="Product Image"></a><p>72 Pieces Craft Magnets Glass Ceramic Ferrite Magnet with Adhesive Backing and Transparent Clear Glass Cabochons for DIY Craft Fridge Refrigerator Magnets Pendants(Round,1 Inch)</p><p>$12.99 ($0.18 / Count)</p><a href="https://www.amazon.com/dp/B08Y8YRXVQ?tag=eloabder-20&linkCode=osi&th=1&psc=1">View Product</a></div><div class="product"><a href="https://www.amazon.com/dp/B07XDC7FP9?tag=eloabder-20&linkCode=osi&th=1&psc=1"><img src="https://m.media-amazon.com/images/I/41JKgogWT9L._SL500_.jpg" alt="Product Image"></a><p>Magnetic Dots - Self Adhesive Magnet Dots (0.8" x 0.8") - Classroom Must Have Peel & Stick Magnetic Circles - Flexible Sticky Magnets - Sheets is Alternative, Stickers, Strip, Magnetic Tape (120 Pcs)</p><p>$17.99</p><a href="https://www.amazon.com/dp/B07XDC7FP9?tag=eloabder-20&linkCode=osi&th=1&psc=1">View Product</a></div><div class="product"><a href="https://www.amazon.com/dp/B0CSS92G7H?tag=eloabder-20&linkCode=osi&th=1&psc=1"><img src="https://m.media-amazon.com/images/I/51HRyW91ivL._SL500_.jpg" alt="Product Image"></a><p>116pcs Craft Magnets Glass Ceramic Ferrite Magnet with Adhesive Backing and Clear Glass Cabochons for DIY Craft Fridge Refrigerator Magnets (Round,1 Inch,58 Sets)</p><p>$11.96</p><a href="https://www.amazon.com/dp/B0CSS92G7H?tag=eloabder-20&linkCode=osi&th=1&psc=1">View Product</a></div><div class="product"><a href="https://www.amazon.com/dp/B09WCXS3NV?tag=eloabder-20&linkCode=osi&th=1&psc=1"><img src="https://m.media-amazon.com/images/I/51jUQGCcMPL._SL500_.jpg" alt="Product Image"></a><p>DIYMAG Magnetic Adhesive Sheets, |4" x 6"|, 10 Pack Cuttable, Flexible magnet sheets with adhesive for Crafts, Photos, Easy Peel and Stick</p><p>$5.99 ($0.60 / Count)</p><a href="https://www.amazon.com/dp/B09WCXS3NV?tag=eloabder-20&linkCode=osi&th=1&psc=1">View Product</a></div><div class="product"><a href="https://www.amazon.com/dp/B08MVRBN2C?tag=eloabder-20&linkCode=osi&th=1&psc=1"><img src="https://m.media-amazon.com/images/I/51YQW8Hbf3S._SL500_.jpg" alt="Product Image"></a><p>Round Magnets with Adhesive Backing, 120 Pieces Magnet Circles (Diameter 0.8’” x 0.08”) on 4 Tape Sheets, with 3M Strong Adhesive Backing. Perfect for DIY, Art Projects, whiteboards & Fridge</p><p>$10.95</p><a href="https://www.amazon.com/dp/B08MVRBN2C?tag=eloabder-20&linkCode=osi&th=1&psc=1">View Product</a></div><div class="product"><a href="https://www.amazon.com/dp/B0CJHYN7K2?tag=eloabder-20&linkCode=osi&th=1&psc=1"><img src="https://m.media-amazon.com/images/I/51ZowdEZwbL._SL500_.jpg" alt="Product Image"></a><p>124pcs Craft Magnets Glass w Adhesive Backing and Transparent Clear Glass Cabochons DIY Craft Fridge Magnets Sticker for Refrigerator(62 Sets,1 Inch)</p><p>$13.99 ($0.23 / Count)</p><a href="https://www.amazon.com/dp/B0CJHYN7K2?tag=eloabder-20&linkCode=osi&th=1&psc=1">View Product</a></div><div class="product"><a href="https://www.amazon.com/dp/B09BBHBZMG?tag=eloabder-20&linkCode=osi&th=1&psc=1"><img src="https://m.media-amazon.com/images/I/51kT5DaZIPL._SL500_.jpg" alt="Product Image"></a><p>Mr. Pen- Adhesive Magnetic Sheets, 4" x 6", 10 Pack, with Adhesive Backing, Flexible Picture Magnets, Cuttable Magnetic Sheets.</p><p>$5.85</p><a href="https://www.amazon.com/dp/B09BBHBZMG?tag=eloabder-20&linkCode=osi&th=1&psc=1">View Product</a></div><div class="product"><a href="https://www.amazon.com/dp/B07V4STWPV?tag=eloabder-20&linkCode=osi&th=1&psc=1"><img src="https://m.media-amazon.com/images/I/51g56RBuH8L._SL500_.jpg" alt="Product Image"></a><p>Magnetic Sheets with Adhesive Backing - Each 4" x 6" - Flexible Magnetic Paper with Strong Self Adhesive - Sticky Magnet Sheets for Photo and Picture Magnets, Stickers and Other Craft Magnets</p><p>$5.99 ($0.60 / Count)</p><a href="https://www.amazon.com/dp/B07V4STWPV?tag=eloabder-20&linkCode=osi&th=1&psc=1">View Product</a></div>
<div class="product"><a href="https://www.amazon.com/dp/B09VCYS41G?tag=eloabder-20&linkCode=osi&th=1&psc=1"><img src="https://m.media-amazon.com/images/I/61bdWXYPddL._SL500_.jpg" alt="Product Image"></a><p>Betem 24 Colors Dual Tip Acrylic Paint Pens Markers, Premium Acrylic Paint Pens for Wood, Canvas, Stone, Rock Painting, Glass, Ceramic Surfaces, DIY Crafts Making Art Supplies</p><p>$11.99</p><a href="https://www.amazon.com/dp/B09VCYS41G?tag=eloabder-20&linkCode=osi&th=1&psc=1">View Product</a></div><div class="product"><a href="https://www.amazon.com/dp/B0BN7WJFPR?tag=eloabder-20&linkCode=osi&th=1&psc=1"><img src="https://m.media-amazon.com/images/I/51vvJ6c6MPL._SL500_.jpg" alt="Product Image"></a><p>24 Colors Acrylic Paint Pens, Dual Tip Acrylic Paint Markers with Brush Tip and Fine Tip, Acrylic Pens for Rock Painting, Wood, Canvas, Stone, Glass, Ceramic,DIY Crafts Making Art Supplies</p><p>$9.99</p><a href="https://www.amazon.com/dp/B0BN7WJFPR?tag=eloabder-20&linkCode=osi&th=1&psc=1">View Product</a></div><div class="product"><a href="https://www.amazon.com/dp/B0CX1BD86P?tag=eloabder-20&linkCode=osi&th=1&psc=1"><img src="https://m.media-amazon.com/images/I/51w2YBDoYfL._SL500_.jpg" alt="Product Image"></a><p>TBC The Best Crafts 24 Colors Dual Tip Acrylic Paint Markers,Waterproof, Non-Toxic, odorless, Suitable for Paper, Pottery, Stones, Backpacks, Glass</p><p>$9.99</p><a href="https://www.amazon.com/dp/B0CX1BD86P?tag=eloabder-20&linkCode=osi&th=1&psc=1">View Product</a></div><div class="product"><a href="https://www.amazon.com/dp/B09SWJRSSX?tag=eloabder-20&linkCode=osi&th=1&psc=1"><img src="https://m.media-amazon.com/images/I/61OthBr2r9L._SL500_.jpg" alt="Product Image"></a><p>Acrylic Paint Pens Paint Markers Set of 18: Fine Point for Rock Painting Glass Wood Ceramic Fabric Metal Canvas Easter Eggs Pumpkin Kit, Drawing Art Crafts for Adults Scrapbooking Supplies</p><p>$10.99</p><a href="https://www.amazon.com/dp/B09SWJRSSX?tag=eloabder-20&linkCode=osi&th=1&psc=1">View Product</a></div><div class="product"><a href="https://www.amazon.com/dp/B09H2JRV1Y?tag=eloabder-20&linkCode=osi&th=1&psc=1"><img src="https://m.media-amazon.com/images/I/511FMxcdCzL._SL500_.jpg" alt="Product Image"></a><p>IVSUN 24 Colors Premium Extra Fine Point Acrylic Paint Marker Pens for Wood, Canvas, Stone, Rock Painting, Glass, Ceramic Surfaces, DIY Crafts Making Art Supplies (24PCS (0.7mm))</p><p>$8.99</p><a href="https://www.amazon.com/dp/B09H2JRV1Y?tag=eloabder-20&linkCode=osi&th=1&psc=1">View Product</a></div><div class="product"><a href="https://www.amazon.com/dp/B0BN8CW9ZY?tag=eloabder-20&linkCode=osi&th=1&psc=1"><img src="https://m.media-amazon.com/images/I/51n2byYcjqL._SL500_.jpg" alt="Product Image"></a><p>Acrylic Paint Pens Markers, 24 Colors Dual Tip Acrylic Paint Pens for Rock Painting, Wood, Canvas, Stone, Glass, Ceramic Surfaces, DIY Crafts Making Art Supplies (Round Tip and Fine Tip)</p><p>$9.99</p><a href="https://www.amazon.com/dp/B0BN8CW9ZY?tag=eloabder-20&linkCode=osi&th=1&psc=1">View Product</a></div><div class="product"><a href="https://www.amazon.com/dp/B07DB1TVND?tag=eloabder-20&linkCode=osi&th=1&psc=1"><img src="https://m.media-amazon.com/images/I/51KvMUBvqRL._SL500_.jpg" alt="Product Image"></a><p>JR.WHITE Acrylic Paint Pens Paint Markers for Rock Painting, Canvas, Wood, Glass, Fabric, Metal, Plastic, Arts Crafts Easter Eggs, Pumpkin, Scrapbooking Supplies, Graffiti Markers for Adults Kids</p><p>$11.19 ($0.93 / Count )</p><a href="https://www.amazon.com/dp/B07DB1TVND?tag=eloabder-20&linkCode=osi&th=1&psc=1">View Product</a></div><div class="product"><a href="https://www.amazon.com/dp/B07M6Y4FXZ?tag=eloabder-20&linkCode=osi&th=1&psc=1"><img src="https://m.media-amazon.com/images/I/61wQ1qJutWL._SL500_.jpg" alt="Product Image"></a><p>AROIC Paint Pens Paint Markers, 16 colors Oil-Based Waterproof Paint Marker Pen Set On Rock, Wood, Fabric, Metal, Plastic, Glass, Canvas, Mugs, Waterproof, DIY Craft and More</p><p>$11.99</p><a href="https://www.amazon.com/dp/B07M6Y4FXZ?tag=eloabder-20&linkCode=osi&th=1&psc=1">View Product</a></div>

<div class="product"><a href="https://www.amazon.com/dp/B0BQTYYVZH?tag=eloabder-20&linkCode=osi&th=1&psc=1"><img src="https://m.media-amazon.com/images/I/31i9+BVpDCL._SL500_.jpg" alt="Product Image"></a><p>Vanhench Brown Wrapping Paper, Craft Paper, Kraft Paper 17.5"x 1200"(100'), Gift Wrapping Bulletin Board Arts & Crafts, Bouquet Flower Table Covering Poster Packing Shipping Moving Supplies 65GSM 45LB</p><p>$5.98</p><a href="https://www.amazon.com/dp/B0BQTYYVZH?tag=eloabder-20&linkCode=osi&th=1&psc=1">View Product</a></div><div class="product"><a href="https://www.amazon.com/dp/B0CQZ1TYX9?tag=eloabder-20&linkCode=osi&th=1&psc=1"><img src="https://m.media-amazon.com/images/I/41RknmvlWSL._SL500_.jpg" alt="Product Image"></a><p>PerkHomy 36" x 2,400" (200') Brown Kraft Paper Roll for Gift Wrapping Bulletin Board Bouquet Flower Kids Wall Art Craft Packing Moving Shipping Parcel Postal Floor Covering Table Runner 70GSM 50LB</p><p>$30.99 ($0.05 / Sq Ft)</p><a href="https://www.amazon.com/dp/B0CQZ1TYX9?tag=eloabder-20&linkCode=osi&th=1&psc=1">View Product</a></div><div class="product"><a href="https://www.amazon.com/dp/B0C743LQ3M?tag=eloabder-20&linkCode=osi&th=1&psc=1"><img src="https://m.media-amazon.com/images/I/21HvZSNwJML._SL500_.jpg" alt="Product Image"></a><p>White Wrapping Paper Craft Paper Kraft Paper Roll 15" x 450", Bulletin Board Paper Roll, Arts & Crafts, Gift Wrapping Moving Packing Painting Drawing Paint Easel Poster Chart Paper, Kids Art Supplies</p><p>$4.99 ($0.11 / Sq Ft)</p><a href="https://www.amazon.com/dp/B0C743LQ3M?tag=eloabder-20&linkCode=osi&th=1&psc=1">View Product</a></div><div class="product"><a href="https://www.amazon.com/dp/B0D14FL3DF?tag=eloabder-20&linkCode=osi&th=1&psc=1"><img src="https://m.media-amazon.com/images/I/31IQZPHBHfL._SL500_.jpg" alt="Product Image"></a><p>SMART&CASUAL 15" x 450" (37.5') Kraft Paper Roll for Art Craft Supplies Gift Wrapping Moving Packing Kids Painting Drawing Paint Easel Poster Chart Paper (White, 15"W x 450"L (37.5'))</p><p>$4.98</p><a href="https://www.amazon.com/dp/B0D14FL3DF?tag=eloabder-20&linkCode=osi&th=1&psc=1">View Product</a></div><div class="product"><a href="https://www.amazon.com/dp/B0CX5D7W62?tag=eloabder-20&linkCode=osi&th=1&psc=1"><img src="https://m.media-amazon.com/images/I/31+skUeyllL._SL500_.jpg" alt="Product Image"></a><p>SMART&CASUAL 17.8"×1,200"(100') Brown Kraft Wrapping Paper for Craft Gift Bulletin Board Bouquet Flower Table Covering Packing Shipping Moving 70GSM 50LB</p><p>$7.98</p><a href="https://www.amazon.com/dp/B0CX5D7W62?tag=eloabder-20&linkCode=osi&th=1&psc=1">View Product</a></div><div class="product"><a href="https://www.amazon.com/dp/B0C2P7FGFM?tag=eloabder-20&linkCode=osi&th=1&psc=1"><img src="https://m.media-amazon.com/images/I/31Mnush+a-L._SL500_.jpg" alt="Product Image"></a><p>Brown Packing Paper 15"×450"(38'), Brown Paper Roll, Art Craft Paper, Kraft Paper Roll for Moving Boxes Supplies, Gift Wrapping Bouquet Flower Paper, Poster Bulletin Board Paper, Arts and Crafts</p><p>$4.99</p><a href="https://www.amazon.com/dp/B0C2P7FGFM?tag=eloabder-20&linkCode=osi&th=1&psc=1">View Product</a></div><div class="product"><a href="https://www.amazon.com/dp/B0BNCBSZRR?tag=eloabder-20&linkCode=osi&th=1&psc=1"><img src="https://m.media-amazon.com/images/I/31NTgModxdL._SL500_.jpg" alt="Product Image"></a><p>Kraft Paper Sheets - 15 x 15 in. - 240 Sheets of Brown Wrapping Paper – Heavy Duty Craft Paper for Shipping - Light Brown Construction Paper - 80 GSM - 375 Square feet</p><p>$23.89 ($0.10 / Count)</p><a href="https://www.amazon.com/dp/B0BNCBSZRR?tag=eloabder-20&linkCode=osi&th=1&psc=1">View Product</a></div><div class="product"><a href="https://www.amazon.com/dp/B09J9ZGX8S?tag=eloabder-20&linkCode=osi&th=1&psc=1"><img src="https://m.media-amazon.com/images/I/31R819QZXxL._SL500_.jpg" alt="Product Image"></a><p>IDL Packaging 36" x 2160" (180 ft) Brown Kraft Paper Roll, 30 lbs - Quality Paper for Packing, Moving, Shipping, Crafts - 100% Recyclable Natural Kraft Wrapping Paper</p><p>$33.95 ($0.06 / Sq Ft)</p><a href="https://www.amazon.com/dp/B09J9ZGX8S?tag=eloabder-20&linkCode=osi&th=1&psc=1">View Product</a></div>
<div class="product"><a href="https://www.amazon.com/dp/B0BR9M5GT6?tag=eloabder-20&linkCode=osi&th=1&psc=1"><img src="https://m.media-amazon.com/images/I/61jKQSVpNKL._SL500_.jpg" alt="Product Image"></a><p>Drawdart 47 Pack Acrylic Paint Set, 36 Colors Art Painting Supplies for Canvas Wood Fabric Ceramic Crafts, Non Toxic & Rich Pigments for Artists & Hobby Painters, 2 fl oz / 60 ml Bottles</p><p>$24.99 ($0.35 / Fl Oz)</p><a href="https://www.amazon.com/dp/B0BR9M5GT6?tag=eloabder-20&linkCode=osi&th=1&psc=1">View Product</a></div><div class="product"><a href="https://www.amazon.com/dp/B006AT7P6M?tag=eloabder-20&linkCode=osi&th=1&psc=1"><img src="https://m.media-amazon.com/images/I/415ZwGErxOL._SL500_.jpg" alt="Product Image"></a><p>Apple Barrel Acrylic Paint in Assorted Colors (2 oz), 20501, Bright Red</p><p>$0.58 ($0.29 / Fl Oz)</p><a href="https://www.amazon.com/dp/B006AT7P6M?tag=eloabder-20&linkCode=osi&th=1&psc=1">View Product</a></div><div class="product"><a href="https://www.amazon.com/dp/B0BNV7BMN2?tag=eloabder-20&linkCode=osi&th=1&psc=1"><img src="https://m.media-amazon.com/images/I/51K4iYzckvL._SL500_.jpg" alt="Product Image"></a><p>Fantastory Acrylic Paint Set, 24 Classic Colors(2oz), Professional Craft Paint Kit,Canvas/Rock/Stone/Ceramic/Model/Wood Painting with 12 Brushes</p><p>$25.99 ($0.36 / Fl Oz)</p><a href="https://www.amazon.com/dp/B0BNV7BMN2?tag=eloabder-20&linkCode=osi&th=1&psc=1">View Product</a></div><div class="product"><a href="https://www.amazon.com/dp/B0728B4CLJ?tag=eloabder-20&linkCode=osi&th=1&psc=1"><img src="https://m.media-amazon.com/images/I/41aBzZtF9-L._SL500_.jpg" alt="Product Image"></a><p>FolkArt Acrylic Paint in Assorted Colors (2 oz), , Mossy Meadow</p><p>$1.17 ($0.58 / Fl Oz)</p><a href="https://www.amazon.com/dp/B0728B4CLJ?tag=eloabder-20&linkCode=osi&th=1&psc=1">View Product</a></div><div class="product"><a href="https://www.amazon.com/dp/B0BY3G2CXG?tag=eloabder-20&linkCode=osi&th=1&psc=1"><img src="https://m.media-amazon.com/images/I/51Cn6kY12wL._SL500_.jpg" alt="Product Image"></a><p>36 Assorted Acrylic Paint Set by Craft Smart - Non-Toxic Paint for Drawing, Painting, Art & Crafts Supplies - 1 Pack</p><p>$28.98</p><a href="https://www.amazon.com/dp/B0BY3G2CXG?tag=eloabder-20&linkCode=osi&th=1&psc=1">View Product</a></div>

<div class="product"><a href="https://www.amazon.com/dp/B08722TFPH?tag=eloabder-20&linkCode=osi&th=1&psc=1"><img src="https://m.media-amazon.com/images/I/51DqPIU5lcL._SL500_.jpg" alt="Product Image"></a><p>LIUYAXI 20 Colors 100 Yard Satin Ribbon Fabric Ribbon Silk Ribbon Assorted Colors Rolls, 2/5" Wide 5 Yard/Roll, Ribbons Perfect for Gift Wrapping,Crafts, Hair Bows, Wedding Party Decoration and More</p><p>$7.99 ($0.03 / Foot)</p><a href="https://www.amazon.com/dp/B08722TFPH?tag=eloabder-20&linkCode=osi&th=1&psc=1">View Product</a></div><div class="product"><a href="https://www.amazon.com/dp/B08M3BDRX3?tag=eloabder-20&linkCode=osi&th=1&psc=1"><img src="https://m.media-amazon.com/images/I/51qwMfv7kXL._SL500_.jpg" alt="Product Image"></a><p>Winlyn 36 Colors 900 Yards Fabric Ribbons Satin Ribbons Metallic Glitter Ribbons Rolls Craft Ribbons Embellish Decorative Ribbons 2/5" Wide for Floral Bouquet Gifts Crafts Bows Party Wedding</p><p>$13.99 ($0.01 / Foot)</p><a href="https://www.amazon.com/dp/B08M3BDRX3?tag=eloabder-20&linkCode=osi&th=1&psc=1">View Product</a></div><div class="product"><a href="https://www.amazon.com/dp/B08NXF43DB?tag=eloabder-20&linkCode=osi&th=1&psc=1"><img src="https://m.media-amazon.com/images/I/51fTtUVKi5L._SL500_.jpg" alt="Product Image"></a><p>MEEDEE Rainbow Ribbon Solid Color Assortment 10 Colors Double Face Satin Ribbon for Gift Wrapping Happy Birthday Party Decorations, 3/8" X 5 Yard Each Total 50 Yds Per Package</p><p>$7.99 ($0.05 / Foot)</p><a href="https://www.amazon.com/dp/B08NXF43DB?tag=eloabder-20&linkCode=osi&th=1&psc=1">View Product</a></div><div class="product"><a href="https://www.amazon.com/dp/B01N8W0Z45?tag=eloabder-20&linkCode=osi&th=1&psc=1"><img src="https://m.media-amazon.com/images/I/61OkEfd-1BL._SL500_.jpg" alt="Product Image"></a><p>QingHan Grosgrain Ribbons for Crafts Gifts Wrapping 3/8" Boutique Polka Dot Fabric Ribbon 40yd (20 x 2yd)</p><p>$5.99 ($0.05 / Foot)</p><a href="https://www.amazon.com/dp/B01N8W0Z45?tag=eloabder-20&linkCode=osi&th=1&psc=1">View Product</a></div><div class="product"><a href="https://www.amazon.com/dp/B0CS5G5PCX?tag=eloabder-20&linkCode=osi&th=1&psc=1"><img src="https://m.media-amazon.com/images/I/51xzSU+d8QL._SL500_.jpg" alt="Product Image"></a><p>Ribbli Rainbow Satin Ribbon 3/8 Inch x 12 Rolls Total 60 Yards- Colorful Ribbon for Gift Wrapping Craft Party Decoration Baby Shower Wedding</p><p>$7.99 ($0.04 / Foot)</p><a href="https://www.amazon.com/dp/B0CS5G5PCX?tag=eloabder-20&linkCode=osi&th=1&psc=1">View Product</a></div><div class="product"><a href="https://www.amazon.com/dp/B009V35YVC?tag=eloabder-20&linkCode=osi&th=1&psc=1"><img src="https://m.media-amazon.com/images/I/41OYxs2N6GL._SL500_.jpg" alt="Product Image"></a><p>LaRibbons 10 Color 50Yards Solid Satin Ribbon,3/8" X 5 Yard/Roll Colorful Double Face Rainbow Ribbon for Crafts,Flower Bouquet,Gift Wrapping,Hair Bows,Birthday,Wedding Party Decoration</p><p>$4.99</p><a href="https://www.amazon.com/dp/B009V35YVC?tag=eloabder-20&linkCode=osi&th=1&psc=1">View Product</a></div><div class="product"><a href="https://www.amazon.com/dp/B07BDG8KXB?tag=eloabder-20&linkCode=osi&th=1&psc=1"><img src="https://m.media-amazon.com/images/I/61zpTp+xLjL._SL500_.jpg" alt="Product Image"></a><p>Supla 16 Colors 400 Yard Fabric Ribbon Silk Satin Roll Satin Ribbon Rolls in 2/5" Wide, 25 Yard/roll,16 Rolls,Satin Ribbon Fabric Ribbon Embellish Ribbon Ribbon for Bows Crafts Gifts Party Wedding</p><p>$8.99 ($0.01 / Foot)</p><a href="https://www.amazon.com/dp/B07BDG8KXB?tag=eloabder-20&linkCode=osi&th=1&psc=1">View Product</a></div><div class="product"><a href="https://www.amazon.com/dp/B0CRD7S24X?tag=eloabder-20&linkCode=osi&th=1&psc=1"><img src="https://m.media-amazon.com/images/I/51Xe-SI-ZHL._SL500_.jpg" alt="Product Image"></a><p>LIUYAXI 100 Yards Solid Grosgrain Ribbon, 3/8" X 5 Yard/Roll, 20 Colors Rainbow Multicolor Fabric Ribbons Roll Perfect for Crafts Gifts Wrapping Flower Bouquet Hair Bows & Other Projects</p><p>$7.99 ($0.03 / Foot)</p><a href="https://www.amazon.com/dp/B0CRD7S24X?tag=eloabder-20&linkCode=osi&th=1&psc=1">View Product</a></div>


<div class="product"><a href="https://www.amazon.com/dp/B08MZ6MQZM?tag=eloabder-20&linkCode=osi&th=1&psc=1"><img src="https://m.media-amazon.com/images/I/51rVPzuNy4L._SL500_.jpg" alt="Product Image"></a><p>Basic Shapes 1: Circles, Triangles, Squares, Ovals, 676 Pieces US Made Card Stock Punch Out Geometric Shapes in 3 Sizes and 4 PRIMARY Colors for Math, Pattern Play and DIY Crafting</p><p>$11.99</p><a href="https://www.amazon.com/dp/B08MZ6MQZM?tag=eloabder-20&linkCode=osi&th=1&psc=1">View Product</a></div><div class="product"><a href="https://www.amazon.com/dp/B072JW6NQT?tag=eloabder-20&linkCode=osi&th=1&psc=1"><img src="https://m.media-amazon.com/images/I/61uY6781clL._SL500_.jpg" alt="Product Image"></a><p>260 Pieces Colorful Glitter Foam Stickers Self Adhesive Stars Mini Heart Shapes Glitter Stickers, Kid's Arts Craft Supplies Greeting Cards Home Decoration Stars&Heart Shapes</p><p>$6.74 ($0.03 / Count)</p><a href="https://www.amazon.com/dp/B072JW6NQT?tag=eloabder-20&linkCode=osi&th=1&psc=1">View Product</a></div>


<div class="product"><a href="https://www.amazon.com/dp/B07KD1WKXY?tag=eloabder-20&linkCode=osi&th=1&psc=1"><img src="https://m.media-amazon.com/images/I/51y9zQOd9XL._SL500_.jpg" alt="Product Image"></a><p>(109 Yards/1.5mm/35 Colors Optional) Cotton Baker Twine DIY Craft Macramé Natural Cotton Rope Craft Making Knitting String Rope DIY Wedding Decor Supply Christmas Wrapping(deep green)</p><p>$4.98 ($0.02 / Foot)</p><a href="https://www.amazon.com/dp/B07KD1WKXY?tag=eloabder-20&linkCode=osi&th=1&psc=1">View Product</a></div><div class="product"><a href="https://www.amazon.com/dp/B0C7G868WP?tag=eloabder-20&linkCode=osi&th=1&psc=1"><img src="https://m.media-amazon.com/images/I/51YFxbYrxGL._SL500_.jpg" alt="Product Image"></a><p>Ohtomber Bracelet String Elastic Cord - 2 Rolls 1MM Stretchy String for Bracelet Making, Rainbow Elastic Bracelets String Thread for Clay Beads, Bracelets, Jewelry Making, Necklaces, Sewing and Crafts</p><p>$5.99 ($0.01 / Foot)</p><a href="https://www.amazon.com/dp/B0C7G868WP?tag=eloabder-20&linkCode=osi&th=1&psc=1">View Product</a></div>
<div class="product"><a href="https://www.amazon.com/dp/B0CHTZD63Q?tag=eloabder-20&linkCode=osi&th=1&psc=1"><img src="https://m.media-amazon.com/images/I/511hgeOlnkL._SL500_.jpg" alt="Product Image"></a><p>Secopad Scrapbook Tape, 4 Pack Double Sided Tape Roller for Crafts, Sticky Glue Tape Runner Scrapbooking Supplies Journaling School Office for Kids and Adults, 0.3IN x 26FT</p><p>$6.63 ($1.66 / Count)</p><a href="https://www.amazon.com/dp/B0CHTZD63Q?tag=eloabder-20&linkCode=osi&th=1&psc=1">View Product</a></div><div class="product"><a href="https://www.amazon.com/dp/B0BKZ2WVFY?tag=eloabder-20&linkCode=osi&th=1&psc=1"><img src="https://m.media-amazon.com/images/I/519ga5fVbbL._SL500_.jpg" alt="Product Image"></a><p>Guirnd 12PCS Colored Masking Tape, Kids Art Supplies Colored Tape, DIY Craft Tape, Colored Tape Rolls, Colored Painters Tape 1.7cm x 12m (2/3In x 13Yards)</p><p>$5.99 ($0.50 / Count)</p><a href="https://www.amazon.com/dp/B0BKZ2WVFY?tag=eloabder-20&linkCode=osi&th=1&psc=1">View Product</a></div><div class="product"><a href="https://www.amazon.com/dp/B0B1ZYCJPG?tag=eloabder-20&linkCode=osi&th=1&psc=1"><img src="https://m.media-amazon.com/images/I/51zcGqodSPL._SL500_.jpg" alt="Product Image"></a><p>Simetufy 5400 Pcs 1 Inch Tissue Paper Squares, 36 Assorted Colored Tissue Paper for Crafts, Art Rainbow Tissue Paper Bulk for Art Projects, Collage, Suncatchers, Scrapbooking - Non Bleeding</p><p>$7.49</p><a href="https://www.amazon.com/dp/B0B1ZYCJPG?tag=eloabder-20&linkCode=osi&th=1&psc=1">View Product</a></div>

<div class="product"><a href="https://www.amazon.com/dp/B07RZFHS87?tag=eloabder-20&linkCode=osi&th=1&psc=1"><img src="https://m.media-amazon.com/images/I/418QZBtYWTL._SL500_.jpg" alt="Product Image"></a><p>Lazydrop Double-Sided Tape for Arts, Crafts, Photography, Scrapbooking, Tear-by-Hand, Paper Backing (6 Rolls) (Width: 6mm/ 9mm/ 12mm/ 15mm)</p><p>$7.99 ($0.01 / Foot)</p><a href="https://www.amazon.com/dp/B07RZFHS87?tag=eloabder-20&linkCode=osi&th=1&psc=1">View Product</a></div><div class="product"><a href="https://www.amazon.com/dp/B0BPS4V3TG?tag=eloabder-20&linkCode=osi&th=1&psc=1"><img src="https://m.media-amazon.com/images/I/41fTeS+RuRL._SL500_.jpg" alt="Product Image"></a><p>Double Sided Tape for Crafts, Double-Sided Tape for Arts, Scrapbook Supplies, Photography, Gifts Box, Scrapbooking, Card Making, Paper Backing, Tear-by-Hand, 6 Roll Heavy Duty Multi-Size Adhesive Tape</p><p>$6.29 ($0.02 / Foot)</p><a href="https://www.amazon.com/dp/B0BPS4V3TG?tag=eloabder-20&linkCode=osi&th=1&psc=1">View Product</a></div><div class="product"><a href="https://www.amazon.com/dp/B098FCBMQV?tag=eloabder-20&linkCode=osi&th=1&psc=1"><img src="https://m.media-amazon.com/images/I/41E1XYg1+gL._SL500_.jpg" alt="Product Image"></a><p>Craftzilla Colored Masking Tape – 7 Roll Multi Pack – 210 Feet x 1 Inch of Colorful Craft Tape – Vibrant Rainbow Masking Tape –Colored Tape Rolls for Arts & Crafts, Labeling and Color-Coding</p><p>$12.95 ($0.01 / Foot)</p><a href="https://www.amazon.com/dp/B098FCBMQV?tag=eloabder-20&linkCode=osi&th=1&psc=1">View Product</a></div><div class="product"><a href="https://www.amazon.com/dp/B0CBRTT4SY?tag=eloabder-20&linkCode=osi&th=1&psc=1"><img src="https://m.media-amazon.com/images/I/41Ne5OTMBHL._SL500_.jpg" alt="Product Image"></a><p>XEHAHOSH 3 Rolls Double Sided Tape for Crafts, Arts, Scrapbooking, Photography, Paper Backing, Tear-by-Hand. 0.6in by 43-FT</p><p>$5.29</p><a href="https://www.amazon.com/dp/B0CBRTT4SY?tag=eloabder-20&linkCode=osi&th=1&psc=1">View Product</a></div><div class="product"><a href="https://www.amazon.com/dp/B08ZJB4XBX?tag=eloabder-20&linkCode=osi&th=1&psc=1"><img src="https://m.media-amazon.com/images/I/41FzzlZNG0L._SL500_.jpg" alt="Product Image"></a><p>8 Rolls Colored Masking Tape Rainbow Colors Painters Tape Colorful Craft Art Paper Tape for Kids Labeling Arts Crafts DIY Decorative Coding Decoration Teaching Supplies, 0.6 Inch x 16 Yard, 8 Colors</p><p>$6.99 ($0.87 / Count)</p><a href="https://www.amazon.com/dp/B08ZJB4XBX?tag=eloabder-20&linkCode=osi&th=1&psc=1">View Product</a></div><div class="product"><a href="https://www.amazon.com/dp/B09GDZH5PV?tag=eloabder-20&linkCode=osi&th=1&psc=1"><img src="https://m.media-amazon.com/images/I/41cZAy06SiL._SL500_.jpg" alt="Product Image"></a><p>DGTANGYIN 1/4" 2 Rolls Double Sided Adhesive Sticky Tape for Arts, DIY, Crafts, Photography, Scrapbooking, Card Making, Gift Wrapping, Office School Stationery Supplies, Home Supplies(Width: 6mm)</p><p>$3.99 ($0.00 / Foot)</p><a href="https://www.amazon.com/dp/B09GDZH5PV?tag=eloabder-20&linkCode=osi&th=1&psc=1">View Product</a></div>
<div class="product"><a href="https://www.amazon.com/dp/B09XR1XBWG?tag=eloabder-20&linkCode=osi&th=1&psc=1"><img src="https://m.media-amazon.com/images/I/31h+RS-Nv6L._SL500_.jpg" alt="Product Image"></a><p>10PCS 7mil Blank Mylar Stencil Sheets,12X12 inch Milky Translucent PET Blank Stencils Sheets,Template Material for Cutting Machines, Laser Cutting, Food-Safe Craft Plastic</p><p>$8.99</p><a href="https://www.amazon.com/dp/B09XR1XBWG?tag=eloabder-20&linkCode=osi&th=1&psc=1">View Product</a></div>

<div class="product"><a href="https://www.amazon.com/dp/B09TSLYX33?tag=eloabder-20&linkCode=osi&th=1&psc=1"><img src="https://m.media-amazon.com/images/I/41xNrpMfOLL._SL500_.jpg" alt="Product Image"></a><p>18 Gauge Aluminum Craft Wire, 165 Feet 1mm Bendable Metal Wire for Jewelry Making, Sculpting, Floral Making, Wreath Making, Crafting, Wire Wrapping, Christmas Ornaments (Silver)</p><p>$6.99</p><a href="https://www.amazon.com/dp/B09TSLYX33?tag=eloabder-20&linkCode=osi&th=1&psc=1">View Product</a></div><div class="product"><a href="https://www.amazon.com/dp/B002HRAEOG?tag=eloabder-20&linkCode=osi&th=1&psc=1"><img src="https://m.media-amazon.com/images/I/41HimGENjYL._SL500_.jpg" alt="Product Image"></a><p>FloraCraft 26 Gauge Floral Wire 270 Feet Bright Silver</p><p>$4.29</p><a href="https://www.amazon.com/dp/B002HRAEOG?tag=eloabder-20&linkCode=osi&th=1&psc=1">View Product</a></div><div class="product"><a href="https://www.amazon.com/dp/B06ZXY1PXB?tag=eloabder-20&linkCode=osi&th=1&psc=1"><img src="https://m.media-amazon.com/images/I/41Nh+1dv7FL._SL500_.jpg" alt="Product Image"></a><p>Mandala Crafts Anodized Aluminum Wire for Sculpting, Armature, Jewelry Making, Gem Metal Wrap, Garden, Colored and Soft, 1 Roll(14 Gauge, Silver)</p><p>$10.19 ($0.17 / Foot)</p><a href="https://www.amazon.com/dp/B06ZXY1PXB?tag=eloabder-20&linkCode=osi&th=1&psc=1">View Product</a></div><div class="product"><a href="https://www.amazon.com/dp/B07ZYNTH7D?tag=eloabder-20&linkCode=osi&th=1&psc=1"><img src="https://m.media-amazon.com/images/I/51ku4vQDwXL._SL500_.jpg" alt="Product Image"></a><p>12 Gauge Aluminum Wire 100 Feet, Anezus Metal Armature Wire Bendable Sculpting Wire for Crafts Wreath Making Jewelry Making Beading Floral (Silver, 2mm)</p><p>$12.99 ($0.13 / Foot)</p><a href="https://www.amazon.com/dp/B07ZYNTH7D?tag=eloabder-20&linkCode=osi&th=1&psc=1">View Product</a></div><div class="product"><a href="https://www.amazon.com/dp/B07CQL7Y5B?tag=eloabder-20&linkCode=osi&th=1&psc=1"><img src="https://m.media-amazon.com/images/I/51mHjBYsT0L._SL500_.jpg" alt="Product Image"></a><p>TecUnite Aluminum Craft Wire for Sculpting Armature Bendable Craft Wire for DIY Jewelry Making (1 Roll,Silver,10 M X 3 mm)</p><p>$8.99 ($0.27 / Foot)</p><a href="https://www.amazon.com/dp/B07CQL7Y5B?tag=eloabder-20&linkCode=osi&th=1&psc=1">View Product</a></div><div class="product"><a href="https://www.amazon.com/dp/B095Y844QP?tag=eloabder-20&linkCode=osi&th=1&psc=1"><img src="https://m.media-amazon.com/images/I/51w+5umyhOS._SL500_.jpg" alt="Product Image"></a><p>Tenn Well 12 Gauge Aluminum Wire, 100 Feet 2mm Bendable Metal Craft Wire for Sculpting, Armature, Jewelry Making, Floral Making, Doll Making, Modelling, Crafting, Bonsai Training</p><p>$11.99 ($0.12 / Foot)</p><a href="https://www.amazon.com/dp/B095Y844QP?tag=eloabder-20&linkCode=osi&th=1&psc=1">View Product</a></div>

<div class="product"><a href="https://www.amazon.com/dp/B0D3HPD7WP?tag=eloabder-20&linkCode=osi&th=1&psc=1"><img src="https://m.media-amazon.com/images/I/31KSmmAWUWL._SL500_.jpg" alt="Product Image"></a><p>50 Sheets Grey Cardstock Paper, Colored Printer Paper 8.5 x 11, Thick Construction Paper for Cards Making, Scrapbook，Office Printing, Invitations, Certificates，DIY Crafting 92 lb/250gsm</p><p>$9.99</p><a href="https://www.amazon.com/dp/B0D3HPD7WP?tag=eloabder-20&linkCode=osi&th=1&psc=1">View Product</a></div>
<div class="product"><a href="https://www.amazon.com/dp/B076CP6F36?tag=eloabder-20&linkCode=osi&th=1&psc=1"><img src="https://m.media-amazon.com/images/I/51rfEIvgI+L._SL500_.jpg" alt="Product Image"></a><p>Apple Barrel, Vibrant Spectrum Collection Acrylic Craft Paint, PROMOABIII, 2 fl oz each, 16 assorted matte colors, 16 count</p><p>$15.97 ($0.50 / Fl Oz)</p><a href="https://www.amazon.com/dp/B076CP6F36?tag=eloabder-20&linkCode=osi&th=1&psc=1">View Product</a></div><div class="product"><a href="https://www.amazon.com/dp/B0BKFLSYQF?tag=eloabder-20&linkCode=osi&th=1&psc=1"><img src="https://m.media-amazon.com/images/I/51a0PmPRknL._SL500_.jpg" alt="Product Image"></a><p>72 Pack Acrylic Paint Set, Shuttle Art 60 Colors Acrylic Paint Including Extra White Black & 12 Brushes, 2oz/60ml, Rich Pigmented, Water Proof, Ideal for Artists, Beginners on Canvas Rock Wood Ceramic</p><p>$45.99 ($23.00 / Fl Oz)</p><a href="https://www.amazon.com/dp/B0BKFLSYQF?tag=eloabder-20&linkCode=osi&th=1&psc=1">View Product</a></div><div class="product"><a href="https://www.amazon.com/dp/B08CB3JH79?tag=eloabder-20&linkCode=osi&th=1&psc=1"><img src="https://m.media-amazon.com/images/I/51OUZsFdnTL._SL500_.jpg" alt="Product Image"></a><p>Acrylic Paint Set of 36 Colors 2fl oz 60ml Bottles,Non Toxic 36 Colors Acrylic Paint No Fading Rich Pigment for Kids Adults Artists Canvas Crafts Wood Painting</p><p>$32.99 ($0.46 / Fl Oz)</p><a href="https://www.amazon.com/dp/B08CB3JH79?tag=eloabder-20&linkCode=osi&th=1&psc=1">View Product</a></div><div class="product"><a href="https://www.amazon.com/dp/B0018NBVKQ?tag=eloabder-20&linkCode=osi&th=1&psc=1"><img src="https://m.media-amazon.com/images/I/31YlSvZMTCL._SL500_.jpg" alt="Product Image"></a><p>Apple Barrel Acrylic Paint in Assorted Colors (8 Ounce), 20403 White</p><p>$2.67 ($0.33 / Fl Oz)</p><a href="https://www.amazon.com/dp/B0018NBVKQ?tag=eloabder-20&linkCode=osi&th=1&psc=1">View Product</a></div><div class="product"><a href="https://www.amazon.com/dp/B077WSBLZ1?tag=eloabder-20&linkCode=osi&th=1&psc=1"><img src="https://m.media-amazon.com/images/I/51KPkXpLn1L._SL500_.jpg" alt="Product Image"></a><p>Shuttle Art Acrylic Paint Set, 30 x12ml Tubes Artist Quality Non Toxic Rich Pigments Colors Great for Kids Adults Professional Painting on Rocks Canvas Wood Clay Fabric Ceramic Crafts</p><p>$12.99 ($1.08 / Fl Oz)</p><a href="https://www.amazon.com/dp/B077WSBLZ1?tag=eloabder-20&linkCode=osi&th=1&psc=1">View Product</a></div><div class="product"><a href="https://www.amazon.com/dp/B00889Z5Y6?tag=eloabder-20&linkCode=osi&th=1&psc=1"><img src="https://m.media-amazon.com/images/I/41MQjsyDbSL._SL500_.jpg" alt="Product Image"></a><p>Apple Barrel Acrylic Paint in Assorted Colors (2 oz), 20764, Apricot</p><p>$0.58 ($0.29 / Fl Oz)</p><a href="https://www.amazon.com/dp/B00889Z5Y6?tag=eloabder-20&linkCode=osi&th=1&psc=1">View Product</a></div><div class="product"><a href="https://www.amazon.com/dp/B09TWQD5ZL?tag=eloabder-20&linkCode=osi&th=1&psc=1"><img src="https://m.media-amazon.com/images/I/41B0L003QXL._SL500_.jpg" alt="Product Image"></a><p>Artkey Acrylic Paint Set - 24 colors 2 oz/59 ml Acrylic Paints Professional Artists Painting Kit for Canvases Fabric Rock Leather Easter Egg Wood Ceramic Glass Art Craft Painting</p><p>$19.99 ($0.42 / Fl Oz)</p><a href="https://www.amazon.com/dp/B09TWQD5ZL?tag=eloabder-20&linkCode=osi&th=1&psc=1">View Product</a></div><div class="product"><a href="https://www.amazon.com/dp/B07Z93LQDB?tag=eloabder-20&linkCode=osi&th=1&psc=1"><img src="https://m.media-amazon.com/images/I/51veoN6zK0L._SL500_.jpg" alt="Product Image"></a><p>Shuttle Art Acrylic Paint Set, 36 Colors Acrylic Paint with Brushes & Palette, 2oz Bottles, Rich Pigments Non-toxic Paint for Artists Kids & Adults, Art Supplies for Canvas Rock Ceramic Wood Painting</p><p>$27.99</p><a href="https://www.amazon.com/dp/B07Z93LQDB?tag=eloabder-20&linkCode=osi&th=1&psc=1">View Product</a></div><div class="product"><a href="https://www.amazon.com/dp/B002665SYY?tag=eloabder-20&linkCode=osi&th=1&psc=1"><img src="https://m.media-amazon.com/images/I/31sJJeWK6OS._SL500_.jpg" alt="Product Image"></a><p>Liquitex BASICS Acrylic Paint, 250ml (8.5-oz) Tube, Titanium White</p><p>$9.99 ($1.18 / Fl Oz)</p><a href="https://www.amazon.com/dp/B002665SYY?tag=eloabder-20&linkCode=osi&th=1&psc=1">View Product</a></div>
<div class="product"><a href="https://www.amazon.com/dp/B0CC98XLGL?tag=eloabder-20&linkCode=osi&th=1&psc=1"><img src="https://m.media-amazon.com/images/I/51ZLw+nThiL._SL500_.jpg" alt="Product Image"></a><p>HUIRUSO 4 Pack Double Sided Tape Roller, Scrapbook Supplies, Glue Tape Roller for Crafts, Double-Sided Adhesive Tape Runner for Scrapbooking, School Office Journaling Supplies (0.31 in X 26.25 ft)</p><p>$6.99 ($1.75 / Count)</p><a href="https://www.amazon.com/dp/B0CC98XLGL?tag=eloabder-20&linkCode=osi&th=1&psc=1">View Product</a></div><div class="product"><a href="https://www.amazon.com/dp/B007XAAE6K?tag=eloabder-20&linkCode=osi&th=1&psc=1"><img src="https://m.media-amazon.com/images/I/414qxYVR0wL._SL500_.jpg" alt="Product Image"></a><p>Scotch Double Sided Tape Runner, 1-Pack, 0.27 in x 26 ft., Perfect for Holiday Crafts, Gifts, and More</p><p>$4.47</p><a href="https://www.amazon.com/dp/B007XAAE6K?tag=eloabder-20&linkCode=osi&th=1&psc=1">View Product</a></div><div class="product"><a href="https://www.amazon.com/dp/B0BZVGPFSK?tag=eloabder-20&linkCode=osi&th=1&psc=1"><img src="https://m.media-amazon.com/images/I/51-ue9+7JkL._SL500_.jpg" alt="Product Image"></a><p>Birllaid Double Sided Tape for Walls, Picture Hanging Strips Removable Mounting Dots Adhesive Heavy Duty, Removable for Art Craft, Decoration, Party Supplies, Multipurpose</p><p>$11.99</p><a href="https://www.amazon.com/dp/B0BZVGPFSK?tag=eloabder-20&linkCode=osi&th=1&psc=1">View Product</a></div><div class="product"><a href="https://www.amazon.com/dp/B0CGVN9SL1?tag=eloabder-20&linkCode=osi&th=1&psc=1"><img src="https://m.media-amazon.com/images/I/41Hy+i4CnoL._SL500_.jpg" alt="Product Image"></a><p>30Ft x 1 Inch Hook and Loop Strips with Adhesive,Double Rolls of Heavy Duty Self Adhesive Tape with Backing, Nylon Self Adhesive Tape for Home Office School and Crafting,White</p><p>$9.99</p><a href="https://www.amazon.com/dp/B0CGVN9SL1?tag=eloabder-20&linkCode=osi&th=1&psc=1">View Product</a></div><div class="product"><a href="https://www.amazon.com/dp/B07Y3VDPLF?tag=eloabder-20&linkCode=osi&th=1&psc=1"><img src="https://m.media-amazon.com/images/I/41cyKQ2OMuL._SL500_.jpg" alt="Product Image"></a><p>Melsan 1x4 inch Hook and Loop Strips with Adhesive - 15 Sets, Strong Back Adhesive Fasten Mounting Tape for Home or Office Use - Instead of Holes and Screws, Black</p><p>$7.82</p><a href="https://www.amazon.com/dp/B07Y3VDPLF?tag=eloabder-20&linkCode=osi&th=1&psc=1">View Product</a></div><div class="product"><a href="https://www.amazon.com/dp/B07V57VJT5?tag=eloabder-20&linkCode=osi&th=1&psc=1"><img src="https://m.media-amazon.com/images/I/514JO3bvl3L._SL500_.jpg" alt="Product Image"></a><p>XFasten Adhesive Roller for Scrapbooking, 8mm x 30ft 4-Pack Double Sided Glue Tape Roller, Scrapbook Supplies for Adults, Photo Tape for Scrapbooking</p><p>$9.99 ($2.50 / Count)</p><a href="https://www.amazon.com/dp/B07V57VJT5?tag=eloabder-20&linkCode=osi&th=1&psc=1">View Product</a></div><div class="product"><a href="https://www.amazon.com/dp/B07JLTGQHX?tag=eloabder-20&linkCode=osi&th=1&psc=1"><img src="https://m.media-amazon.com/images/I/51Eqfo7kUZL._SL500_.jpg" alt="Product Image"></a><p>UPINS 120 Pack Double Sided Foam Tape Square Self-Adhesive Foam Tape Black Strong Tape Pads for DIY Art Crafts Supplies</p><p>$9.99 ($0.08 / Count)</p><a href="https://www.amazon.com/dp/B07JLTGQHX?tag=eloabder-20&linkCode=osi&th=1&psc=1">View Product</a></div><div class="product"><a href="https://www.amazon.com/dp/B005FM6XF4?tag=eloabder-20&linkCode=osi&th=1&psc=1"><img src="https://m.media-amazon.com/images/I/51-vp1WJ89L._SL500_.jpg" alt="Product Image"></a><p>AdTech 5603 Permanent Crafter's Tape, 0.31" x 315", Pack of 4</p><p>$7.84 ($0.07 / Foot)</p><a href="https://www.amazon.com/dp/B005FM6XF4?tag=eloabder-20&linkCode=osi&th=1&psc=1">View Product</a></div><div class="product"><a href="https://www.amazon.com/dp/B0CJF1FLFJ?tag=eloabder-20&linkCode=osi&th=1&psc=1"><img src="https://m.media-amazon.com/images/I/51dig1RqzdL._SL500_.jpg" alt="Product Image"></a><p>UPINS 150Pack Double Sided Foam Tape Strong Sticky Double Sided Foam Pads for Crafts Self-Adhesive Mounting Foam Tape Heavy Duty for Home Wall Decor 40 * 40 * 2mm</p><p>$8.99 ($0.06 / Count)</p><a href="https://www.amazon.com/dp/B0CJF1FLFJ?tag=eloabder-20&linkCode=osi&th=1&psc=1">View Product</a></div><div class="product"><a href="https://www.amazon.com/dp/B0D4YWRGCL?tag=eloabder-20&linkCode=osi&th=1&psc=1"><img src="https://m.media-amazon.com/images/I/41EqJ553-KL._SL500_.jpg" alt="Product Image"></a><p>Amanbo Glue Tape for Scrapbooking, 6 Pack Scrapbook Tape, Double Sided Tape Roller for Crafts, Total 120 Ft x 0.24 in Tape Runner, Craft Supplies for Scrapbooking, Gift Wrapping and Photo Tape</p><p>$6.99</p><a href="https://www.amazon.com/dp/B0D4YWRGCL?tag=eloabder-20&linkCode=osi&th=1&psc=1">View Product</a></div>
<div class="product"><a href="https://www.amazon.com/dp/B0CC5HPPTN?tag=eloabder-20&linkCode=osi&th=1&psc=1"><img src="https://m.media-amazon.com/images/I/519M81S201L._SL500_.jpg" alt="Product Image"></a><p>Airbrush Paint - 30 Colors with 3 Thinner, Ready to Spray Airbrush Paint Set, Water-Based Acrylic Air brush Paints for Metal, Plastic Models, Canvas, Wood, 20ml/Bottle</p><p>$32.99 ($1.48 / Fl Oz)</p><a href="https://www.amazon.com/dp/B0CC5HPPTN?tag=eloabder-20&linkCode=osi&th=1&psc=1">View Product</a></div>
<div class="product"><a href="https://www.amazon.com/dp/B0CXPSGK36?tag=eloabder-20&linkCode=osi&th=1&psc=1"><img src="https://m.media-amazon.com/images/I/51dd2dYOtrL._SL500_.jpg" alt="Product Image"></a><p>Letter Stickers 30 Sheets 1500 PCS Large Alphabet Sticker 2 Inch Vinyl Self Adhesive Stick on Stickers for Water Bottles Cup Mailbox Number Address Craft Scrapbooking Bulletin Board Decor Multicolor</p><p>$9.99</p><a href="https://www.amazon.com/dp/B0CXPSGK36?tag=eloabder-20&linkCode=osi&th=1&psc=1">View Product</a></div><div class="product"><a href="https://www.amazon.com/dp/B07NNYFMGY?tag=eloabder-20&linkCode=osi&th=1&psc=1"><img src="https://m.media-amazon.com/images/I/51yDnU+gEXL._SL500_.jpg" alt="Product Image"></a><p>20 Sheets Alphabet Letter Stickers 10 Colors Self Adhesive Sticker Colorful PU Material Convex Feeling (Colored Letter Stickers 1)</p><p>$6.99 ($0.35 / Count)</p><a href="https://www.amazon.com/dp/B07NNYFMGY?tag=eloabder-20&linkCode=osi&th=1&psc=1">View Product</a></div>

<div class="product"><a href="https://www.amazon.com/dp/B01DDN8854?tag=eloabder-20&linkCode=osi&th=1&psc=1"><img src="https://m.media-amazon.com/images/I/61dPubDZBSL._SL500_.jpg" alt="Product Image"></a><p>Hugs 'n Kisses HNKHABY13 Applique Paper (20 Pack)</p><p>$19.72 ($0.99 / Count)</p><a href="https://www.amazon.com/dp/B01DDN8854?tag=eloabder-20&linkCode=osi&th=1&psc=1">View Product</a></div>
<div class="product"><a href="https://www.amazon.com/dp/B09KPNFJW1?tag=eloabder-20&linkCode=osi&th=1&psc=1"><img src="https://m.media-amazon.com/images/I/41abn5fELmL._SL500_.jpg" alt="Product Image"></a><p>UniPleased Disposable Aprons (50 Count), Plastic apron for Painting Party, Cooking, Housework, Picnic etc.</p><p>$5.69</p><a href="https://www.amazon.com/dp/B09KPNFJW1?tag=eloabder-20&linkCode=osi&th=1&psc=1">View Product</a></div>
<div class="product"><a href="https://www.amazon.com/dp/B087M21MM2?tag=eloabder-20&linkCode=osi&th=1&psc=1"><img src="https://m.media-amazon.com/images/I/41Xf-jehhLL._SL500_.jpg" alt="Product Image"></a><p>GOTIDEAL Stretched Canvas, Multi Pack 4x4, 5x7, 8x10,9x12, 11x14 Set of 10, Primed White - 100% Cotton Artist Canvas Boards for Painting, Acrylic Pouring, Oil Paint Dry & Wet Art Media</p><p>$24.99</p><a href="https://www.amazon.com/dp/B087M21MM2?tag=eloabder-20&linkCode=osi&th=1&psc=1">View Product</a></div><div class="product"><a href="https://www.amazon.com/dp/B00OQJYISG?tag=eloabder-20&linkCode=osi&th=1&psc=1"><img src="https://m.media-amazon.com/images/I/31fEDLPkkcL._SL500_.jpg" alt="Product Image"></a><p>6 Count 12” x 16” Super Value Canvas by Artist's Loft Necessities - Acid Free Cotton Canvas for Paint, Acrylic, & Oils - 1 Pack</p><p>$19.99</p><a href="https://www.amazon.com/dp/B00OQJYISG?tag=eloabder-20&linkCode=osi&th=1&psc=1">View Product</a></div><div class="product"><a href="https://www.amazon.com/dp/B09CDKB9HY?tag=eloabder-20&linkCode=osi&th=1&psc=1"><img src="https://m.media-amazon.com/images/I/51+p5xnClGL._SL500_.jpg" alt="Product Image"></a><p>DPDIAN Canvas Boards for Painting 40 Pack, 8 inch x 10 inch Super Value Pack, Artist Canvas Panels for Oil & Acrylic Painting</p><p>$29.99</p><a href="https://www.amazon.com/dp/B09CDKB9HY?tag=eloabder-20&linkCode=osi&th=1&psc=1">View Product</a></div><div class="product"><a href="https://www.amazon.com/dp/B0CFBGP29G?tag=eloabder-20&linkCode=osi&th=1&psc=1"><img src="https://m.media-amazon.com/images/I/3147Az5plbL._SL500_.jpg" alt="Product Image"></a><p>ArtSkills Stretched Canvases for Painting, 12x16 Canvas Painting Supplies for Artists, Blank Canvas Pack, 2-Pack</p><p>$16.99</p><a href="https://www.amazon.com/dp/B0CFBGP29G?tag=eloabder-20&linkCode=osi&th=1&psc=1">View Product</a></div><div class="product"><a href="https://www.amazon.com/dp/B07BNGQ1SS?tag=eloabder-20&linkCode=osi&th=1&psc=1"><img src="https://m.media-amazon.com/images/I/410ZVtygUwS._SL500_.jpg" alt="Product Image"></a><p>PHOENIX Stretched Canvas for Painting 8x10 Inch/10 Value Pack, 8 Oz Triple Primed 5/8 Inch Profile 100% Cotton White Blank Canvas, Artist Framed Canvas for Oil Acrylic & Pouring Art</p><p>$22.99</p><a href="https://www.amazon.com/dp/B07BNGQ1SS?tag=eloabder-20&linkCode=osi&th=1&psc=1">View Product</a></div><div class="product"><a href="https://www.amazon.com/dp/B0922JP1H4?tag=eloabder-20&linkCode=osi&th=1&psc=1"><img src="https://m.media-amazon.com/images/I/41BmiEND1KL._SL500_.jpg" alt="Product Image"></a><p>GOTIDEAL Canvases for Painting, 18 Pack Canvas Boards Multipack 4x4, 5x7, 8x10, 9x12,11x14,Primed White Blank Artist Canvas Variety Pack for Acrylic Paint, Oil Paint, Watercolor, Gouache</p><p>$19.99</p><a href="https://www.amazon.com/dp/B0922JP1H4?tag=eloabder-20&linkCode=osi&th=1&psc=1">View Product</a></div>


<div class="product"><a href="https://www.amazon.com/dp/B0872VFHBH?tag=eloabder-20&linkCode=osi&th=1&psc=1"><img src="https://m.media-amazon.com/images/I/51k3bekQheS._SL500_.jpg" alt="Product Image"></a><p>Bachmore Drawing Pad 9X12 Inch (110lb/180g), 60 Sheets, Top Spiral Bound Multi-Media for Artist Pro & Amateurs | Acrylic Art, Ink, Paint, Oil Pastels,Watercolor Mixed Media Sketch</p><p>$11.99</p><a href="https://www.amazon.com/dp/B0872VFHBH?tag=eloabder-20&linkCode=osi&th=1&psc=1">View Product</a></div><div class="product"><a href="https://www.amazon.com/dp/B0027A75A4?tag=eloabder-20&linkCode=osi&th=1&psc=1"><img src="https://m.media-amazon.com/images/I/51dyOxxcgYL._SL500_.jpg" alt="Product Image"></a><p>Strathmore 200 Series Sketch Pad, 9x12 inch, 100 Sheets, Tape Bound - Artist Sketchbook for Drawing, Illustration, Art Class Students</p><p>$6.99 ($0.07 / Count)</p><a href="https://www.amazon.com/dp/B0027A75A4?tag=eloabder-20&linkCode=osi&th=1&psc=1">View Product</a></div><div class="product"><a href="https://www.amazon.com/dp/B0BV13YQKX?tag=eloabder-20&linkCode=osi&th=1&psc=1"><img src="https://m.media-amazon.com/images/I/41VYfMpvXUL._SL500_.jpg" alt="Product Image"></a><p>Canson Graduate Watercolor Pad, Foldover, 9x12 inch, 20 Sheets | Artist Paper for Adults and Students - Painting, Gouache, Mixed Media and Ink</p><p>$4.97 ($0.41 / Count)</p><a href="https://www.amazon.com/dp/B0BV13YQKX?tag=eloabder-20&linkCode=osi&th=1&psc=1">View Product</a></div><div class="product"><a href="https://www.amazon.com/dp/B0024KMQ6K?tag=eloabder-20&linkCode=osi&th=1&psc=1"><img src="https://m.media-amazon.com/images/I/51sYdvPPUCL._SL500_.jpg" alt="Product Image"></a><p>Strathmore 400 Series Pastel Pad, Assorted Colors, 9"x12" Glue Bound, 24 Sheets</p><p>$9.11</p><a href="https://www.amazon.com/dp/B0024KMQ6K?tag=eloabder-20&linkCode=osi&th=1&psc=1">View Product</a></div><div class="product"><a href="https://www.amazon.com/dp/B00246O6PI?tag=eloabder-20&linkCode=osi&th=1&psc=1"><img src="https://m.media-amazon.com/images/I/517TUmckOIL._SL500_.jpg" alt="Product Image"></a><p>Strathmore 300 Series Drawing Paper Pad, Top Wire Bound, 11x14 inches, 50 Sheets (70lb/114g) - Artist Paper for Adults and Students - Charcoal, Colored Pencil, Ink, Pastel, Marker</p><p>$13.33</p><a href="https://www.amazon.com/dp/B00246O6PI?tag=eloabder-20&linkCode=osi&th=1&psc=1">View Product</a></div>
<div class="product"><a href="https://www.amazon.com/dp/B08ZMH7LJY?tag=eloabder-20&linkCode=osi&th=1&psc=1"><img src="https://m.media-amazon.com/images/I/51mJIsLJA-S._SL500_.jpg" alt="Product Image"></a><p>PANDAFLY Professional Drawing Sketching Pencil Set - 12 Pieces Graphite Pencils(14B - 2H), Ideal for Drawing Art, Sketching, Shading, Artist Pencils for Beginners & Pro Artists</p><p>$5.11</p><a href="https://www.amazon.com/dp/B08ZMH7LJY?tag=eloabder-20&linkCode=osi&th=1&psc=1">View Product</a></div><div class="product"><a href="https://www.amazon.com/dp/B088K1G5NL?tag=eloabder-20&linkCode=osi&th=1&psc=1"><img src="https://m.media-amazon.com/images/I/51F2bOMZWnL._SL500_.jpg" alt="Product Image"></a><p>MARKART Professional Drawing Sketching Pencil Set - 14 Pieces,Graphite,(12B - 4H), Ideal for Drawing Art, Sketching, Shading, Artist Pencils for Beginners & Pro Artists</p><p>$5.24</p><a href="https://www.amazon.com/dp/B088K1G5NL?tag=eloabder-20&linkCode=osi&th=1&psc=1">View Product</a></div><div class="product"><a href="https://www.amazon.com/dp/B08FHMRW4L?tag=eloabder-20&linkCode=osi&th=1&psc=1"><img src="https://m.media-amazon.com/images/I/51Pmn5gjyzL._SL500_.jpg" alt="Product Image"></a><p>Mr. Pen- Sketch Pencils for Drawing, 14 Pack, Drawing Pencils, Art Pencils, Graphite Pencils, Graphite Pencils for Drawing, Art Pencils for Drawing and Shading</p><p>$5.95</p><a href="https://www.amazon.com/dp/B08FHMRW4L?tag=eloabder-20&linkCode=osi&th=1&psc=1">View Product</a></div><div class="product"><a href="https://www.amazon.com/dp/B0BNQ58DC4?tag=eloabder-20&linkCode=osi&th=1&psc=1"><img src="https://m.media-amazon.com/images/I/51e-gQtCcCL._SL500_.jpg" alt="Product Image"></a><p>MARTCOLOR Drawing Sketching Pencils Set, 12 Pack Graphite Pencils(14B - 2H), Ideal for Drawing Art, Sketching, Shading, Artist Pencils for Beginners & Pro Artists</p><p>$5.99</p><a href="https://www.amazon.com/dp/B0BNQ58DC4?tag=eloabder-20&linkCode=osi&th=1&psc=1">View Product</a></div>

<div class="product"><a href="https://www.amazon.com/dp/B0851M3749?tag=eloabder-20&linkCode=osi&th=1&psc=1"><img src="https://m.media-amazon.com/images/I/41KKSGSDl5L._SL500_.jpg" alt="Product Image"></a><p>N NOROCME 12 PCS Blending Stumps and Tortillions Paper Art Blenders with Sandpaper Pencil Sharpener Pointer for Student Artist Charcoal Sketch Drawing Tools</p><p>$4.99</p><a href="https://www.amazon.com/dp/B0851M3749?tag=eloabder-20&linkCode=osi&th=1&psc=1">View Product</a></div><div class="product"><a href="https://www.amazon.com/dp/B09J3HKN8F?tag=eloabder-20&linkCode=osi&th=1&psc=1"><img src="https://m.media-amazon.com/images/I/51Qvx81eQLL._SL500_.jpg" alt="Product Image"></a><p>Eraser Pencils Set for Artists, Wooden Sketch Eraser Pen for Charcoal Drawings, Professional Highlight Painting Eraser for Sketching, Revise Erasing Details for Students Limner</p><p>$6.99</p><a href="https://www.amazon.com/dp/B09J3HKN8F?tag=eloabder-20&linkCode=osi&th=1&psc=1">View Product</a></div>
<div class="product"><a href="https://www.amazon.com/dp/B09WCQ89T8?tag=eloabder-20&linkCode=osi&th=1&psc=1"><img src="https://m.media-amazon.com/images/I/41gZz0qgBFL._SL500_.jpg" alt="Product Image"></a><p>Bernat BABY BLANKET BB Blue Dreams Yarn - 1 Pack of 10.5oz/300g - Polyester - #6 Super Bulky - 220 Yards - Knitting/Crochet</p><p>$6.97</p><a href="https://www.amazon.com/dp/B09WCQ89T8?tag=eloabder-20&linkCode=osi&th=1&psc=1">View Product</a></div><div class="product"><a href="https://www.amazon.com/dp/B07V5JVNFD?tag=eloabder-20&linkCode=osi&th=1&psc=1"><img src="https://m.media-amazon.com/images/I/41IS+HdtiOL._SL500_.jpg" alt="Product Image"></a><p>Lion Brand Yarn Basic Stitch Anti-Pilling Knitting Yarn, Yarn for Crocheting, 1-Pack, Baby Blue</p><p>$8.40 ($0.02 / Foot)</p><a href="https://www.amazon.com/dp/B07V5JVNFD?tag=eloabder-20&linkCode=osi&th=1&psc=1">View Product</a></div><div class="product"><a href="https://www.amazon.com/dp/B01M0AJID2?tag=eloabder-20&linkCode=osi&th=1&psc=1"><img src="https://m.media-amazon.com/images/I/41yVau0AUpL._SL500_.jpg" alt="Product Image"></a><p>Lion Brand Yarn (1 Skein) Lion Brand Yarn Babysoft Baby Yarn Yarn, Little Boy Blue Multicolor</p><p>$7.19 ($0.01 / Foot)</p><a href="https://www.amazon.com/dp/B01M0AJID2?tag=eloabder-20&linkCode=osi&th=1&psc=1">View Product</a></div><div class="product"><a href="https://www.amazon.com/dp/B09W1KHF42?tag=eloabder-20&linkCode=osi&th=1&psc=1"><img src="https://m.media-amazon.com/images/I/41maDlrio5L._SL500_.jpg" alt="Product Image"></a><p>Red Heart Super Saver Light Blue Yarn - 3 Pack of 198g/7oz - Acrylic - 4 Medium (Worsted) - 364 Yards - Knitting/Crochet</p><p>$13.29 ($4.43 / Count)</p><a href="https://www.amazon.com/dp/B09W1KHF42?tag=eloabder-20&linkCode=osi&th=1&psc=1">View Product</a></div><div class="product"><a href="https://www.amazon.com/dp/B08LKVZ3CX?tag=eloabder-20&linkCode=osi&th=1&psc=1"><img src="https://m.media-amazon.com/images/I/41GLizNx8UL._SL500_.jpg" alt="Product Image"></a><p>Bernat Baby Blanket Baby Blue Yarn - 3 Pack of 100g/3.5oz - Polyester - 6 Super Bulky - 72 Yards - Knitting/Crochet</p><p>$21.81</p><a href="https://www.amazon.com/dp/B08LKVZ3CX?tag=eloabder-20&linkCode=osi&th=1&psc=1">View Product</a></div><div class="product"><a href="https://www.amazon.com/dp/B0CHJ95WHJ?tag=eloabder-20&linkCode=osi&th=1&psc=1"><img src="https://m.media-amazon.com/images/I/314E1EQdihL._SL500_.jpg" alt="Product Image"></a><p>NORCIA Soft Velvet Yarn Chenille Yarn for Crocheting Baby Blanket Yarn for Knitting Amigurumi Yarn Fancy Yarn for Crochet Weaving Craft (Baby Blue, 1 Skein)</p><p>$9.99</p><a href="https://www.amazon.com/dp/B0CHJ95WHJ?tag=eloabder-20&linkCode=osi&th=1&psc=1">View Product</a></div>
<div class="product"><a href="https://www.amazon.com/dp/B0779F2TXJ?tag=eloabder-20&linkCode=osi&th=1&psc=1"><img src="https://m.media-amazon.com/images/I/31kqZr8DJzL._SL500_.jpg" alt="Product Image"></a><p>OPENDGO Feather Ballpoint Pen ，Black Ink Vintage Feather Quill Refined Plated Rod Quill Ballpoint Pen For School Writing ▏Wedding Gift Signature Pen (Black)</p><p>$6.97</p><a href="https://www.amazon.com/dp/B0779F2TXJ?tag=eloabder-20&linkCode=osi&th=1&psc=1">View Product</a></div><div class="product"><a href="https://www.amazon.com/dp/B0CQF3BJ3S?tag=eloabder-20&linkCode=osi&th=1&psc=1"><img src="https://m.media-amazon.com/images/I/41gs6AOiP6L._SL500_.jpg" alt="Product Image"></a><p>3 in 1 Retractable Ballpoint Pen with Light and Stylus, Nice Pens for Journaling Writing in The Dark - White/Red Light Tip- 0.7mm Black Ink</p><p>$12.99</p><a href="https://www.amazon.com/dp/B0CQF3BJ3S?tag=eloabder-20&linkCode=osi&th=1&psc=1">View Product</a></div><div class="product"><a href="https://www.amazon.com/dp/B08BBZ3B8G?tag=eloabder-20&linkCode=osi&th=1&psc=1"><img src="https://m.media-amazon.com/images/I/41cMHyw60wL._SL500_.jpg" alt="Product Image"></a><p>Mr. Pen- Pens, Black Pens, 12 Pack, Fast Dry, No Smear Pens, Bible Pens, Pens for Journaling, Pens No Bleed Through, Pens Fine Point, Journal Pens, Fine Tip, Planner Pens, Ball Point Journal Pens</p><p>$9.99</p><a href="https://www.amazon.com/dp/B08BBZ3B8G?tag=eloabder-20&linkCode=osi&th=1&psc=1">View Product</a></div><div class="product"><a href="https://www.amazon.com/dp/B0D4YWWGX6?tag=eloabder-20&linkCode=osi&th=1&psc=1"><img src="https://m.media-amazon.com/images/I/31xHBCCzJqL._SL500_.jpg" alt="Product Image"></a><p>PATIKIL 21cm/8" Feather Ballpoint Pen, 1Pcs Ink Vintage Quill Pen Refined Plated Dip Pen for Calligraphy Writing Signature Wedding Gift, Yellow</p><p>$7.49</p><a href="https://www.amazon.com/dp/B0D4YWWGX6?tag=eloabder-20&linkCode=osi&th=1&psc=1">View Product</a></div>

<div class="product"><a href="https://www.amazon.com/dp/B001TLDEVQ?tag=eloabder-20&linkCode=osi&th=1&psc=1"><img src="https://m.media-amazon.com/images/I/41jYF39F6lL._SL500_.jpg" alt="Product Image"></a><p>Beadalon SuppleMax Illusion Beading Cord, 0.40 mm / 0.016 in, Clear Monofilament, 50 m / 164 ft</p><p>$4.74</p><a href="https://www.amazon.com/dp/B001TLDEVQ?tag=eloabder-20&linkCode=osi&th=1&psc=1">View Product</a></div><div class="product"><a href="https://www.amazon.com/dp/B0D2HVFZ7Q?tag=eloabder-20&linkCode=osi&th=1&psc=1"><img src="https://m.media-amazon.com/images/I/41R66LMYz7L._SL500_.jpg" alt="Product Image"></a><p>Zxiixz 116Yards 0.5mm Bracelet String, Waxed String Cord for Bracelet Making, Beading Thread for Bracelet Beads, Friendship Bracelet String for Bracelet Making, Waxed Polyester Cord for Jewelry Making</p><p>$6.99</p><a href="https://www.amazon.com/dp/B0D2HVFZ7Q?tag=eloabder-20&linkCode=osi&th=1&psc=1">View Product</a></div><div class="product"><a href="https://www.amazon.com/dp/B07BNF8KH5?tag=eloabder-20&linkCode=osi&th=1&psc=1"><img src="https://m.media-amazon.com/images/I/51jVByheyVL._SL500_.jpg" alt="Product Image"></a><p>PH PandaHall 100 Yards 1mm Waxed Cotton Cord Thread Beading String for Bracelet Necklace Making Crafting Beading Macrame Vase Decor, Burlywood</p><p>$7.19 ($0.02 / Foot)</p><a href="https://www.amazon.com/dp/B07BNF8KH5?tag=eloabder-20&linkCode=osi&th=1&psc=1">View Product</a></div><div class="product"><a href="https://www.amazon.com/dp/B07HBPGXJG?tag=eloabder-20&linkCode=osi&th=1&psc=1"><img src="https://m.media-amazon.com/images/I/41xi8gO6kDL._SL500_.jpg" alt="Product Image"></a><p>Paxcoo 0.8mm Elastic String, Stretchy Bracelet String Crystal String Bead Cord for Bracelet, Beading and Jewelry Making (120m)</p><p>$6.99 ($0.02 / Foot)</p><a href="https://www.amazon.com/dp/B07HBPGXJG?tag=eloabder-20&linkCode=osi&th=1&psc=1">View Product</a></div><div class="product"><a href="https://www.amazon.com/dp/B0CNPST7D9?tag=eloabder-20&linkCode=osi&th=1&psc=1"><img src="https://m.media-amazon.com/images/I/41A9VISFC4L._SL500_.jpg" alt="Product Image"></a><p>Kblick Black Nylon String Cord - 1MM 100 Yards Black Twine, Bracelet String for Bracelet Making, Braided Ornament Lanyard Sting, Jewelry Thread Clay Bead String for Crafts, Macrame Satin Cord</p><p>$5.99 ($0.02 / Foot)</p><a href="https://www.amazon.com/dp/B0CNPST7D9?tag=eloabder-20&linkCode=osi&th=1&psc=1">View Product</a></div><div class="product"><a href="https://www.amazon.com/dp/B08GC3JF9X?tag=eloabder-20&linkCode=osi&th=1&psc=1"><img src="https://m.media-amazon.com/images/I/41FQZYhvQpL._SL500_.jpg" alt="Product Image"></a><p>Cheriswelry 100M 0.8mm Nylon Beading Cord Black Chinese Knotting Rattail Macrame Thread String Roll for Jewelry Making Kumihimo Wrapping Supplies DIY Crafts</p><p>$6.99 ($0.02 / Fl Oz)</p><a href="https://www.amazon.com/dp/B08GC3JF9X?tag=eloabder-20&linkCode=osi&th=1&psc=1">View Product</a></div><div class="product"><a href="https://www.amazon.com/dp/B0B3V9RWQC?tag=eloabder-20&linkCode=osi&th=1&psc=1"><img src="https://m.media-amazon.com/images/I/41F-OP+yCxL._SL500_.jpg" alt="Product Image"></a><p>Griffin Silk Bead Cord Perlseide – Black Color – Size 3 (0.50mm) – 2 Meters per Card – Stainless Steel Needle Attached – for Knotting Pearls, Gemstones, Crystals and Beads</p><p>$4.99 ($0.76 / Foot)</p><a href="https://www.amazon.com/dp/B0B3V9RWQC?tag=eloabder-20&linkCode=osi&th=1&psc=1">View Product</a></div><div class="product"><a href="https://www.amazon.com/dp/B08F49YVQP?tag=eloabder-20&linkCode=osi&th=1&psc=1"><img src="https://m.media-amazon.com/images/I/41yCMIpj0rS._SL500_.jpg" alt="Product Image"></a><p>1mm Stretchy Bracelet String, Sturdy Rainbow Elastic String Elastic Cord for Jewelry Making, Necklaces, Beading and Crafts</p><p>$6.99 ($0.04 / Foot)</p><a href="https://www.amazon.com/dp/B08F49YVQP?tag=eloabder-20&linkCode=osi&th=1&psc=1">View Product</a></div>

<div class="product"><a href="https://www.amazon.com/dp/B001GMUBJ6?tag=eloabder-20&linkCode=osi&th=1&psc=1"><img src="https://m.media-amazon.com/images/I/41V5qzn3H5L._SL500_.jpg" alt="Product Image"></a><p>The Beadsmith Fireline by Berkley – Micro-Fused Braided Thread – 6lb. Test, 006”/.15mm Diameter, 50 Yard Spool, Crystal Color – Super Strong Stringing Material for Jewelry Making and Bead Weaving</p><p>$12.59</p><a href="https://www.amazon.com/dp/B001GMUBJ6?tag=eloabder-20&linkCode=osi&th=1&psc=1">View Product</a></div><div class="product"><a href="https://www.amazon.com/dp/B001UAKK0Y?tag=eloabder-20&linkCode=osi&th=1&psc=1"><img src="https://m.media-amazon.com/images/I/41rY1D0wfuL._SL500_.jpg" alt="Product Image"></a><p>Beadalon Wildfire, 0.006 in, 0.15 mm, Break Strength 10 lb / 4.5 kg, Frost, 50 yd / 45 m</p><p>$8.85 ($0.06 / Foot)</p><a href="https://www.amazon.com/dp/B001UAKK0Y?tag=eloabder-20&linkCode=osi&th=1&psc=1">View Product</a></div><div class="product"><a href="https://www.amazon.com/dp/B095WY58F4?tag=eloabder-20&linkCode=osi&th=1&psc=1"><img src="https://m.media-amazon.com/images/I/41mXRfJqcjL._SL500_.jpg" alt="Product Image"></a><p>PH PandaHall 0.1mm Nylon Seed Bead Thread 100 Yards Black White Bracelet Cord Beading Thread Invisible Sewing Thread Nylon Braided Thread String for Leather Stitching Beading Jewelry Bracelets Making</p><p>$9.99 ($0.03 / Foot)</p><a href="https://www.amazon.com/dp/B095WY58F4?tag=eloabder-20&linkCode=osi&th=1&psc=1">View Product</a></div><div class="product"><a href="https://www.amazon.com/dp/B08RN2R2SZ?tag=eloabder-20&linkCode=osi&th=1&psc=1"><img src="https://m.media-amazon.com/images/I/41Tg2MMC++L._SL500_.jpg" alt="Product Image"></a><p>KO Nylon Beading Thread, White Color, Japanese Pre-Waxed 100% Nylon, 330TEX, Tangle Resistant Knotting Cords, 50m /55 yds Spool, Use for Seed Bead Projects, Loom Work & Bead Weaving</p><p>$7.06 ($0.04 / Foot)</p><a href="https://www.amazon.com/dp/B08RN2R2SZ?tag=eloabder-20&linkCode=osi&th=1&psc=1">View Product</a></div><div class="product"><a href="https://www.amazon.com/dp/B09J89ST79?tag=eloabder-20&linkCode=osi&th=1&psc=1"><img src="https://m.media-amazon.com/images/I/41hLuuOZeXL._SL500_.jpg" alt="Product Image"></a><p>2 Roll Polyester Thread, Heavy Duty Thread, 1500Yard/Reel 210D/3 nylon thread for sewing, Sewing Thread for Upholstery, Outdoor Market, Drapery, Leather, Beading, Crafts</p><p>$7.99 ($0.00 / Foot)</p><a href="https://www.amazon.com/dp/B09J89ST79?tag=eloabder-20&linkCode=osi&th=1&psc=1">View Product</a></div><div class="product"><a href="https://www.amazon.com/dp/B0C6MSY7QQ?tag=eloabder-20&linkCode=osi&th=1&psc=1"><img src="https://m.media-amazon.com/images/I/31Bn-MyA62L._SL500_.jpg" alt="Product Image"></a><p>PH PandaHall 0.1mm Nylon String 100 Yards Beading Thread White Nylon Seed Bead Thread Bracelet Beading Thread Sewing String for Leather Stitching Beading Jewelry Bracelets Making</p><p>$7.99 ($0.03 / Foot)</p><a href="https://www.amazon.com/dp/B0C6MSY7QQ?tag=eloabder-20&linkCode=osi&th=1&psc=1">View Product</a></div>

<div class="product"><a href="https://www.amazon.com/dp/B07NMNDT1W?tag=eloabder-20&linkCode=osi&th=1&psc=1"><img src="https://m.media-amazon.com/images/I/41-zwQIcVcL._SL500_.jpg" alt="Product Image"></a><p>Howemon White Beeswax Pellets 2LB 100% Pure and Natural Triple Filtered for Skin, Face, Body and Hair Care DIY Creams, Lotions, Lip Balm and Soap Making Supplies</p><p>$13.99 ($0.44 / Fl Oz)</p><a href="https://www.amazon.com/dp/B07NMNDT1W?tag=eloabder-20&linkCode=osi&th=1&psc=1">View Product</a></div><div class="product"><a href="https://www.amazon.com/dp/B00B3U0FW4?tag=eloabder-20&linkCode=osi&th=1&psc=1"><img src="https://m.media-amazon.com/images/I/51rWFCST+TL._SL500_.jpg" alt="Product Image"></a><p>Beesworks Yellow Beeswax Pellets (1 lb) | 100% Pure, Cosmetic Grade, Triple-Filtered Beeswax for DIY Skin care, Lip Balm, Lotion, and Candle Making</p><p>$13.99 ($0.87 / Ounce)</p><a href="https://www.amazon.com/dp/B00B3U0FW4?tag=eloabder-20&linkCode=osi&th=1&psc=1">View Product</a></div><div class="product"><a href="https://www.amazon.com/dp/B01LWX2IO1?tag=eloabder-20&linkCode=osi&th=1&psc=1"><img src="https://m.media-amazon.com/images/I/41MlNqhDyCL._SL500_.jpg" alt="Product Image"></a><p>Beesworks Yellow Beeswax Bars (6 oz) | 100% Pure, Cosmetic Grade, Triple-Filtered Beeswax for DIY Skin Care, Lip Balm, Lotion and Candle Making (1 oz Bars - Pack of 6)</p><p>$6.99</p><a href="https://www.amazon.com/dp/B01LWX2IO1?tag=eloabder-20&linkCode=osi&th=1&psc=1">View Product</a></div><div class="product"><a href="https://www.amazon.com/dp/B0BV77F19N?tag=eloabder-20&linkCode=osi&th=1&psc=1"><img src="https://m.media-amazon.com/images/I/41xzHaO1-EL._SL500_.jpg" alt="Product Image"></a><p>Beeswax Pellets 10LB Cosmetic Beeswax Triple Filtered Beeswax Pastilles for Candle Making Great for DIY Projects Creams Lotions Lip Balm and Soap Making Supplies(10LB)</p><p>$32.99</p><a href="https://www.amazon.com/dp/B0BV77F19N?tag=eloabder-20&linkCode=osi&th=1&psc=1">View Product</a></div><div class="product"><a href="https://www.amazon.com/dp/B0C9QSG3CY?tag=eloabder-20&linkCode=osi&th=1&psc=1"><img src="https://m.media-amazon.com/images/I/414XQcU6SRL._SL500_.jpg" alt="Product Image"></a><p>YASNAY White Beeswax Pellets 2LB, 100% Organic Beeswax, Beeswax for Candle Making, Body, Skin Care DIY, Lip Balm and Soap Making Supplies</p><p>$11.99</p><a href="https://www.amazon.com/dp/B0C9QSG3CY?tag=eloabder-20&linkCode=osi&th=1&psc=1">View Product</a></div><div class="product"><a href="https://www.amazon.com/dp/B097HTC4WN?tag=eloabder-20&linkCode=osi&th=1&psc=1"><img src="https://m.media-amazon.com/images/I/51pwMM7C6-L._SL500_.jpg" alt="Product Image"></a><p>Eco Lux 8 Yellow Beeswax Blocks 100% Pure Natural Organic Bees Wax 6.5oz</p><p>$8.49 ($1.35 / Ounce)</p><a href="https://www.amazon.com/dp/B097HTC4WN?tag=eloabder-20&linkCode=osi&th=1&psc=1">View Product</a></div><div class="product"><a href="https://www.amazon.com/dp/B00HDHQQCE?tag=eloabder-20&linkCode=osi&th=1&psc=1"><img src="https://m.media-amazon.com/images/I/41vF-7MwNhL._SL500_.jpg" alt="Product Image"></a><p>Murray's 100% Pure Beeswax 4 oz</p><p>$5.98 ($1.50 / Ounce)</p><a href="https://www.amazon.com/dp/B00HDHQQCE?tag=eloabder-20&linkCode=osi&th=1&psc=1">View Product</a></div><div class="product"><a href="https://www.amazon.com/dp/B09YM8JTLM?tag=eloabder-20&linkCode=osi&th=1&psc=1"><img src="https://m.media-amazon.com/images/I/41cjNuBnFEL._SL500_.jpg" alt="Product Image"></a><p>TRINIDa Beeswax Pellets 2LB(32 oz), 100% Organic Yellow Bees Wax for DIY Candles, Beeswax for Candle Making, Skin, Body, Face, and Hair Care, Lotions, DIY Creams, Lip Balm and Soap Making Supplies</p><p>$11.99</p><a href="https://www.amazon.com/dp/B09YM8JTLM?tag=eloabder-20&linkCode=osi&th=1&psc=1">View Product</a></div><div class="product"><a href="https://www.amazon.com/dp/B00F3CNMV4?tag=eloabder-20&linkCode=osi&th=1&psc=1"><img src="https://m.media-amazon.com/images/I/31pjrRAEa4L._SL500_.jpg" alt="Product Image"></a><p>Stakich Yellow Beeswax Block - Natural, Triple Filtered - 1 Pound, Honey Scent</p><p>$13.95 ($0.87 / Ounce)</p><a href="https://www.amazon.com/dp/B00F3CNMV4?tag=eloabder-20&linkCode=osi&th=1&psc=1">View Product</a></div><div class="product"><a href="https://www.amazon.com/dp/B0BXFZBZS9?tag=eloabder-20&linkCode=osi&th=1&psc=1"><img src="https://m.media-amazon.com/images/I/4178i9IB9KL._SL500_.jpg" alt="Product Image"></a><p>5LB Beeswax Pellets Beeswax for Candle Making Organic Beeswax Pellets for Skin Beeswax Beads Beeswax Bulk Beeswax for Lotion Making Organic for DIY and Craft Project</p><p>$22.99</p><a href="https://www.amazon.com/dp/B0BXFZBZS9?tag=eloabder-20&linkCode=osi&th=1&psc=1">View Product</a></div>
<div class="product"><a href="https://www.amazon.com/dp/B0052F1BVK?tag=eloabder-20&linkCode=osi&th=1&psc=1"><img src="https://m.media-amazon.com/images/I/41zE9eiGoLL._SL500_.jpg" alt="Product Image"></a><p>ACC Staples Large Binder Clips, 2" Width, 1" Capacity, Black, 12/Pk</p><p>$6.30</p><a href="https://www.amazon.com/dp/B0052F1BVK?tag=eloabder-20&linkCode=osi&th=1&psc=1">View Product</a></div><div class="product"><a href="https://www.amazon.com/dp/B07MLFR771?tag=eloabder-20&linkCode=osi&th=1&psc=1"><img src="https://m.media-amazon.com/images/I/51N2wxA7N0L._SL500_.jpg" alt="Product Image"></a><p>CooBigo 50 Pack Binder Ring, Metal Book Ring Paper Ring Holder 5/8-Inch Loose Leaf Binder Ring Clip for Index Card, Flash Card Ring, Card Calendar, Keychain Key Ring - Bronze</p><p>$6.99</p><a href="https://www.amazon.com/dp/B07MLFR771?tag=eloabder-20&linkCode=osi&th=1&psc=1">View Product</a></div><div class="product"><a href="https://www.amazon.com/dp/B01563NHGY?tag=eloabder-20&linkCode=osi&th=1&psc=1"><img src="https://m.media-amazon.com/images/I/41gj+0ZftqL._SL500_.jpg" alt="Product Image"></a><p>vanki Pack of 40 Cute Lovely Smiling Face Spring-Loaded File Organizer Paper Holder Metal Binder Clips, Assorted Color</p><p>$8.99</p><a href="https://www.amazon.com/dp/B01563NHGY?tag=eloabder-20&linkCode=osi&th=1&psc=1">View Product</a></div><div class="product"><a href="https://www.amazon.com/dp/B000GOUDSO?tag=eloabder-20&linkCode=osi&th=1&psc=1"><img src="https://m.media-amazon.com/images/I/41ZANISHgML._SL500_.jpg" alt="Product Image"></a><p>Small Binder Clips .75" 8/Pkg-Assorted Colors</p><p>$4.46</p><a href="https://www.amazon.com/dp/B000GOUDSO?tag=eloabder-20&linkCode=osi&th=1&psc=1">View Product</a></div>
<div class="product"><a href="https://www.amazon.com/dp/B07PRPX4VR?tag=eloabder-20&linkCode=osi&th=1&psc=1"><img src="https://m.media-amazon.com/images/I/41IMH12fdPL._SL500_.jpg" alt="Product Image"></a><p>Durable Sheet Lifters, Durable Easy Flow, 11" x 3", Lifts Sheets Over Rings and Protects Sheets from Tearing, Fit Standard 3-Ring Binders, Black (20 Pack)</p><p>$14.99</p><a href="https://www.amazon.com/dp/B07PRPX4VR?tag=eloabder-20&linkCode=osi&th=1&psc=1">View Product</a></div><div class="product"><a href="https://www.amazon.com/dp/B0CM8QJHFW?tag=eloabder-20&linkCode=osi&th=1&psc=1"><img src="https://m.media-amazon.com/images/I/31cJGS74oCL._SL500_.jpg" alt="Product Image"></a><p>Wantane D-Shaped Tape Storage Ring Tape Storage Ring 4" D-Shaped Washi Tape Storage Ring for DIY Decoration and Storage（Nickel）-2PCS</p><p>$7.99</p><a href="https://www.amazon.com/dp/B0CM8QJHFW?tag=eloabder-20&linkCode=osi&th=1&psc=1">View Product</a></div>
<div class="product"><a href="https://www.amazon.com/dp/B00006IAS3?tag=eloabder-20&linkCode=osi&th=1&psc=1"><img src="https://m.media-amazon.com/images/I/317DvSXhT1L._SL500_.jpg" alt="Product Image"></a><p>GBC Binding System, Manual, Desktop Binding Punch, 6 Sheet Punch Capacity, ProClick P50 (2515650)</p><p>$123.89</p><a href="https://www.amazon.com/dp/B00006IAS3?tag=eloabder-20&linkCode=osi&th=1&psc=1">View Product</a></div><div class="product"><a href="https://www.amazon.com/dp/B004BP81KQ?tag=eloabder-20&linkCode=osi&th=1&psc=1"><img src="https://m.media-amazon.com/images/I/51SqfeZ12KL._SL500_.jpg" alt="Product Image"></a><p>We R Memory Keepers Cinch Book Binding Wire (1-Inch, Silver (2 Pack))</p><p>$5.99</p><a href="https://www.amazon.com/dp/B004BP81KQ?tag=eloabder-20&linkCode=osi&th=1&psc=1">View Product</a></div>

<div class="product"><a href="https://www.amazon.com/dp/B0007ZJ8TM?tag=eloabder-20&linkCode=osi&th=1&psc=1"><img src="https://m.media-amazon.com/images/I/41i49sz3UAL._SL500_.jpg" alt="Product Image"></a><p>Speedball Super Black India Ink, 2-Ounce</p><p>$9.99 ($9.99 / Count)</p><a href="https://www.amazon.com/dp/B0007ZJ8TM?tag=eloabder-20&linkCode=osi&th=1&psc=1">View Product</a></div><div class="product"><a href="https://www.amazon.com/dp/B0026I10AI?tag=eloabder-20&linkCode=osi&th=1&psc=1"><img src="https://m.media-amazon.com/images/I/31vklP4uBsL._SL500_.jpg" alt="Product Image"></a><p>Dr. Ph. Martin's Bombay India (7BY) Ink Bottle, 1.0 oz, Black</p><p>$6.99</p><a href="https://www.amazon.com/dp/B0026I10AI?tag=eloabder-20&linkCode=osi&th=1&psc=1">View Product</a></div><div class="product"><a href="https://www.amazon.com/dp/B000KNP96C?tag=eloabder-20&linkCode=osi&th=1&psc=1"><img src="https://m.media-amazon.com/images/I/51e9srYtG0L._SL500_.jpg" alt="Product Image"></a><p>Winsor & Newton Drawing Ink, 14ml Bottle, Black Indian</p><p>$10.99</p><a href="https://www.amazon.com/dp/B000KNP96C?tag=eloabder-20&linkCode=osi&th=1&psc=1">View Product</a></div><div class="product"><a href="https://www.amazon.com/dp/B07BQG5QF4?tag=eloabder-20&linkCode=osi&th=1&psc=1"><img src="https://m.media-amazon.com/images/I/41nEMDYZaiL._SL500_.jpg" alt="Product Image"></a><p>Speedball Super Black India Ink, 16-Ounce</p><p>$19.99</p><a href="https://www.amazon.com/dp/B07BQG5QF4?tag=eloabder-20&linkCode=osi&th=1&psc=1">View Product</a></div><div class="product"><a href="https://www.amazon.com/dp/B001038NLY?tag=eloabder-20&linkCode=osi&th=1&psc=1"><img src="https://m.media-amazon.com/images/I/418i4sxJJ0L._SL500_.jpg" alt="Product Image"></a><p>Speedball Fabric Screen Printing Ink, 8-Ounce, Black for T-Shirt and Silkscreen Printmaking</p><p>$12.99 ($1.62 / Fl Oz)</p><a href="https://www.amazon.com/dp/B001038NLY?tag=eloabder-20&linkCode=osi&th=1&psc=1">View Product</a></div><div class="product"><a href="https://www.amazon.com/dp/B00161OPSA?tag=eloabder-20&linkCode=osi&th=1&psc=1"><img src="https://m.media-amazon.com/images/I/41C32y3CJAL._SL500_.jpg" alt="Product Image"></a><p>Tsukineko VersaFine inkpad, Full-Size, Onyx Black</p><p>$4.99 ($4.99 / Count)</p><a href="https://www.amazon.com/dp/B00161OPSA?tag=eloabder-20&linkCode=osi&th=1&psc=1">View Product</a></div>
<div class="product"><a href="https://www.amazon.com/dp/B07Q4TJCDJ?tag=eloabder-20&linkCode=osi&th=1&psc=1"><img src="https://m.media-amazon.com/images/I/315HYvYg-BL._SL500_.jpg" alt="Product Image"></a><p>Primbeeks 300pcs Blank Business Cards, Premium Blank White Cards, 3.5" x 2.2" Small Blank Cards, Blank Cardstock Cards, Small Note Cards, white blank cards, white business cards, kraft paper cards</p><p>$7.99</p><a href="https://www.amazon.com/dp/B07Q4TJCDJ?tag=eloabder-20&linkCode=osi&th=1&psc=1">View Product</a></div><div class="product"><a href="https://www.amazon.com/dp/B0CRGHFLT8?tag=eloabder-20&linkCode=osi&th=1&psc=1"><img src="https://m.media-amazon.com/images/I/41S1NLpb8hL._SL500_.jpg" alt="Product Image"></a><p>Watercolor Cards and Envelopes Set - 50 Folded 5x7 Inch Blank Heavyweight Paper Cards (140lb/300gsm) with Matching Envelopes for DIY Greeting Cards, Festivals, and Events</p><p>$17.99 ($0.36 / Count)</p><a href="https://www.amazon.com/dp/B0CRGHFLT8?tag=eloabder-20&linkCode=osi&th=1&psc=1">View Product</a></div><div class="product"><a href="https://www.amazon.com/dp/B08MX4TZ3H?tag=eloabder-20&linkCode=osi&th=1&psc=1"><img src="https://m.media-amazon.com/images/I/41D2u4vdLQL._SL500_.jpg" alt="Product Image"></a><p>50 Pack Blank Kraft Cards Cardstock Thick Paper Brown Greeting Cards for DIY Gift Card Menus, Baby Shower and Wedding Invitations (Multicolored, 5x7IN)</p><p>$8.99</p><a href="https://www.amazon.com/dp/B08MX4TZ3H?tag=eloabder-20&linkCode=osi&th=1&psc=1">View Product</a></div><div class="product"><a href="https://www.amazon.com/dp/B08BDGGVMK?tag=eloabder-20&linkCode=osi&th=1&psc=1"><img src="https://m.media-amazon.com/images/I/41W-dTUoBqL._SL500_.jpg" alt="Product Image"></a><p>100pcs 3.54"x2" Blank Kraft Paper Business Card, Words Message Notes paper Tags, Mini Craft Cardboard Festival gifts - 6 colors</p><p>$5.98</p><a href="https://www.amazon.com/dp/B08BDGGVMK?tag=eloabder-20&linkCode=osi&th=1&psc=1">View Product</a></div><div class="product"><a href="https://www.amazon.com/dp/B08BFDJJ78?tag=eloabder-20&linkCode=osi&th=1&psc=1"><img src="https://m.media-amazon.com/images/I/61LZ1Csb+dL._SL500_.jpg" alt="Product Image"></a><p>Nettbe 100pcs 3.54"x2" Blank Kraft Paper Business Card, Words Message Notes paper Tags, Mini Craft Cardboard Festival gifts</p><p>$5.99</p><a href="https://www.amazon.com/dp/B08BFDJJ78?tag=eloabder-20&linkCode=osi&th=1&psc=1">View Product</a></div><div class="product"><a href="https://www.amazon.com/dp/B07Q8YBJM3?tag=eloabder-20&linkCode=osi&th=1&psc=1"><img src="https://m.media-amazon.com/images/I/31w6U4cCqEL._SL500_.jpg" alt="Product Image"></a><p>Primbeeks 228pcs Blank Business Cards, Premium Blank White Cards, 3.5" x 2.2" Small Blank Cards, Blank Cardstock Cards, Small Note Cards, white blank cards, white business cards, kraft paper cards</p><p>$5.99</p><a href="https://www.amazon.com/dp/B07Q8YBJM3?tag=eloabder-20&linkCode=osi&th=1&psc=1">View Product</a></div><div class="product"><a href="https://www.amazon.com/dp/B08X4Z9TGN?tag=eloabder-20&linkCode=osi&th=1&psc=1"><img src="https://m.media-amazon.com/images/I/41Jqhe35tDL._SL500_.jpg" alt="Product Image"></a><p>321Done Blank Rustic Cards, Made in USA - 4x6 Thick, Heavy Cardstock - Make Invites, Greeting, Note, Thank You Cards - Plain Kraft for Writing, Stamping, Printing, Art - No Envelopes - Set of 50</p><p>$14.99</p><a href="https://www.amazon.com/dp/B08X4Z9TGN?tag=eloabder-20&linkCode=osi&th=1&psc=1">View Product</a></div><div class="product"><a href="https://www.amazon.com/dp/B0D2KDWBNM?tag=eloabder-20&linkCode=osi&th=1&psc=1"><img src="https://m.media-amazon.com/images/I/31dAhnBJ7aL._SL500_.jpg" alt="Product Image"></a><p>4x6 Blank White Cardstock (Set of 100) - Card Stock for Printer Postcards, Photo Paper Invitations, Greeting, Note, Thank You, DIY Making, Index Cards - Plain for Writing, Stamping, Printing, Art</p><p>$8.99</p><a href="https://www.amazon.com/dp/B0D2KDWBNM?tag=eloabder-20&linkCode=osi&th=1&psc=1">View Product</a></div><div class="product"><a href="https://www.amazon.com/dp/B0BB858RYN?tag=eloabder-20&linkCode=osi&th=1&psc=1"><img src="https://m.media-amazon.com/images/I/317zmriPKNL._SL500_.jpg" alt="Product Image"></a><p>WANDERINGS Handmade White Deckle Edge Blank Greeting Cards- Folded to 5x7” - Pack of 25 - Writers, Artists, Crafters - Thank Yous, Invitations, Menus, Greeting Cards, Notes - Thick 150 GSM</p><p>$21.99 ($0.88 / Count)</p><a href="https://www.amazon.com/dp/B0BB858RYN?tag=eloabder-20&linkCode=osi&th=1&psc=1">View Product</a></div><div class="product"><a href="https://www.amazon.com/dp/B0BZPPXRZW?tag=eloabder-20&linkCode=osi&th=1&psc=1"><img src="https://m.media-amazon.com/images/I/21Da-WQhrpL._SL500_.jpg" alt="Product Image"></a><p>100 Pack Thick Paper Cardstock Blank Heavy Cards Stock for Invitations, Greeting Cards Making, Postcards, Photos, 250GSM Thick Paper (White, 2x3.5 inches)</p><p>$5.99</p><a href="https://www.amazon.com/dp/B0BZPPXRZW?tag=eloabder-20&linkCode=osi&th=1&psc=1">View Product</a></div>
<div class="product"><a href="https://www.amazon.com/dp/B0BZRDQKH6?tag=eloabder-20&linkCode=osi&th=1&psc=1"><img src="https://m.media-amazon.com/images/I/41GYYRiusgL._SL500_.jpg" alt="Product Image"></a><p>feela 8 Pack Unlined Kraft Paper Notebooks, Blank Journal Note Pad for Drawing Writing, Small Sketchbook Travel Journal Bulk for Women Kids Students Office School Supplies, A5, 60 Pages, 8.3” X 5.5”</p><p>$9.99</p><a href="https://www.amazon.com/dp/B0BZRDQKH6?tag=eloabder-20&linkCode=osi&th=1&psc=1">View Product</a></div><div class="product"><a href="https://www.amazon.com/dp/B0BXLB74KK?tag=eloabder-20&linkCode=osi&th=1&psc=1"><img src="https://m.media-amazon.com/images/I/313vYzg7HpL._SL500_.jpg" alt="Product Image"></a><p>ZZTX 4 Pack Blank Kraft Notebooks, Blank Paper Sketchbooks for Drawing Doodling Writing,Travel Journal Set, A5, 36 Pages, 8.3” X 5.5”</p><p>$5.99</p><a href="https://www.amazon.com/dp/B0BXLB74KK?tag=eloabder-20&linkCode=osi&th=1&psc=1">View Product</a></div><div class="product"><a href="https://www.amazon.com/dp/B0BW5TNPXJ?tag=eloabder-20&linkCode=osi&th=1&psc=1"><img src="https://m.media-amazon.com/images/I/31Wu8UP78iL._SL500_.jpg" alt="Product Image"></a><p>EOOUT Kraft Notebooks, Blank Page Journals in Bulk, 16pcs A5, 8.3 X 5.5 Inches, 60 Pages, 80gsm, Travel Journal Set, for Art Camp, Travelers, Students and Office Supplies Sketchbooks Bulk for Kids</p><p>$15.99</p><a href="https://www.amazon.com/dp/B0BW5TNPXJ?tag=eloabder-20&linkCode=osi&th=1&psc=1">View Product</a></div><div class="product"><a href="https://www.amazon.com/dp/B08P3F46SD?tag=eloabder-20&linkCode=osi&th=1&psc=1"><img src="https://m.media-amazon.com/images/I/41jeBDcZJ1L._SL500_.jpg" alt="Product Image"></a><p>Krafty Soft Cover Blank Notebook Journal, Spiral Sketchbook Pad, Drawing Book, 60 Sheets/140gsm (A4)/120 Pages</p><p>$7.99</p><a href="https://www.amazon.com/dp/B08P3F46SD?tag=eloabder-20&linkCode=osi&th=1&psc=1">View Product</a></div><div class="product"><a href="https://www.amazon.com/dp/B0CWNPMC4T?tag=eloabder-20&linkCode=osi&th=1&psc=1"><img src="https://m.media-amazon.com/images/I/31BZeVGe6TL._SL500_.jpg" alt="Product Image"></a><p>zmybcpack 5 Pack Blank Journal Notebooks, Blank Paper Sketchbook for Drawing Writing, Travel Journal Notebook Kraft Paper Notebook for Travelers, Students, Office, A5, 8.26” x 5.5”, 60 Pages/30 Sheets</p><p>$8.99</p><a href="https://www.amazon.com/dp/B0CWNPMC4T?tag=eloabder-20&linkCode=osi&th=1&psc=1">View Product</a></div><div class="product"><a href="https://www.amazon.com/dp/B07WHYP9WN?tag=eloabder-20&linkCode=osi&th=1&psc=1"><img src="https://m.media-amazon.com/images/I/41ZhyCux1yL._SL500_.jpg" alt="Product Image"></a><p>Thick Blank Journal Notebook with Unlined / Unruled / Plain Pages | Deluxe 120gsm Ink Resistant Paper for Writing, Sketch Book, 160 Pages | Hardcover Sketchbook with Pen Holder, Pocket, Ribbon (Black)</p><p>$14.99</p><a href="https://www.amazon.com/dp/B07WHYP9WN?tag=eloabder-20&linkCode=osi&th=1&psc=1">View Product</a></div>
<div class="product"><a href="https://www.amazon.com/dp/B07MT7HKZW?tag=eloabder-20&linkCode=osi&th=1&psc=1"><img src="https://m.media-amazon.com/images/I/413JwH5JREL._SL500_.jpg" alt="Product Image"></a><p>Spiral Sketch Book Large Notebook（Built-in Drawing Board） Kraft Cover Blank Sketch Pad Wirebound Sketching for Drawing Painting 8.5x11-Inch (2 Pack) 200 Sheets, 100 Sheets, 200Pages Each</p><p>$17.99 ($9.00 / Count)</p><a href="https://www.amazon.com/dp/B07MT7HKZW?tag=eloabder-20&linkCode=osi&th=1&psc=1">View Product</a></div><div class="product"><a href="https://www.amazon.com/dp/B0BDQ82WB9?tag=eloabder-20&linkCode=osi&th=1&psc=1"><img src="https://m.media-amazon.com/images/I/51FoWr3GPwL._SL500_.jpg" alt="Product Image"></a><p>feela 170 Pack Blank Kraft Notebooks, Unlined Sketchbook Mini Cute Note Pad for Drawing Writing, Journal Bulk For Kids Students Office School Supplies, A6, 48 Pages, 4.25” X 5.5”, Black and Brown</p><p>$51.99</p><a href="https://www.amazon.com/dp/B0BDQ82WB9?tag=eloabder-20&linkCode=osi&th=1&psc=1">View Product</a></div><div class="product"><a href="https://www.amazon.com/dp/B0B3WWHWT2?tag=eloabder-20&linkCode=osi&th=1&psc=1"><img src="https://m.media-amazon.com/images/I/31m0FzXtPxL._SL500_.jpg" alt="Product Image"></a><p>Tamaki 6 Pack Colorful Blank Books for kids to Write, Drawing, Cute Sketchbook for Kid, 6 Colors (4.25 x 5.5 Inches)</p><p>$6.99</p><a href="https://www.amazon.com/dp/B0B3WWHWT2?tag=eloabder-20&linkCode=osi&th=1&psc=1">View Product</a></div>
<div class="product"><a href="https://www.amazon.com/dp/B0BGH2P9M6?tag=eloabder-20&linkCode=osi&th=1&psc=1"><img src="https://m.media-amazon.com/images/I/41ozOaYoHEL._SL500_.jpg" alt="Product Image"></a><p>EOOUT 100pcs A5 Kraft Notebooks, Blank Page Journals in Bulk, Sketchbooks Bulk for Kids, 60 Pages, 80GSM, 8.3 X 5.5 Inch, Travel Journal Set, for Art Camp, Travelers, Students and Office Supplies</p><p>$51.99</p><a href="https://www.amazon.com/dp/B0BGH2P9M6?tag=eloabder-20&linkCode=osi&th=1&psc=1">View Product</a></div><div class="product"><a href="https://www.amazon.com/dp/B07MT99F94?tag=eloabder-20&linkCode=osi&th=1&psc=1"><img src="https://m.media-amazon.com/images/I/41Ug7gpSWDL._SL500_.jpg" alt="Product Image"></a><p>Spiral Sketch Book Large Notebook（Built-in Drawing Board） Kraft Cover Blank Sketch Pad Wirebound Sketching for Drawing Painting 8.5x11-Inch (1 Pack) 200 Pages, 100 Sheets</p><p>$9.99</p><a href="https://www.amazon.com/dp/B07MT99F94?tag=eloabder-20&linkCode=osi&th=1&psc=1">View Product</a></div><div class="product"><a href="https://www.amazon.com/dp/B07CM32KLM?tag=eloabder-20&linkCode=osi&th=1&psc=1"><img src="https://m.media-amazon.com/images/I/41ENhBLE9DL._SL500_.jpg" alt="Product Image"></a><p>Kraft Cover Drawing Notebook & Sketchbook – Set of 2 Blank Plain Sketch Books – 125g Thick Paper A5 Size, 150x210mm Paper Ideal for Drawing & Sketching- 128 sheets/256 pages – 180 Degree Opening, 2pcs</p><p>$20.99 ($0.08 / Count)</p><a href="https://www.amazon.com/dp/B07CM32KLM?tag=eloabder-20&linkCode=osi&th=1&psc=1">View Product</a></div><div class="product"><a href="https://www.amazon.com/dp/B08ZLMLF7C?tag=eloabder-20&linkCode=osi&th=1&psc=1"><img src="https://m.media-amazon.com/images/I/41X-5yj83vL._SL500_.jpg" alt="Product Image"></a><p>BEECHMORE BOOKS Sketch Book, A4 8.5 x 11.5 inch Blank Sketchbook for Drawing, Paint and Draw, 156 Pages Thick Paper 160gsm, Hardcover Leather Art Notebook, Boxed for Gifts (Chestnut Brown)</p><p>$21.20</p><a href="https://www.amazon.com/dp/B08ZLMLF7C?tag=eloabder-20&linkCode=osi&th=1&psc=1">View Product</a></div>
<div class="product"><a href="https://www.amazon.com/dp/B075M9MSFH?tag=eloabder-20&linkCode=osi&th=1&psc=1"><img src="https://m.media-amazon.com/images/I/51x+szTX6TL._SL500_.jpg" alt="Product Image"></a><p>Bianyo Bleedproof Marker Paper Pad, A4(8.27"X11.69"), 50 Sheets, 18 LB / 70 GSM, Glue-Bound, 100% Cotton, White, Ideal for Use with Markers and Ink Mediums</p><p>$9.99</p><a href="https://www.amazon.com/dp/B075M9MSFH?tag=eloabder-20&linkCode=osi&th=1&psc=1">View Product</a></div><div class="product"><a href="https://www.amazon.com/dp/B08FX5S2NL?tag=eloabder-20&linkCode=osi&th=1&psc=1"><img src="https://m.media-amazon.com/images/I/41CA0ZfazKL._SL500_.jpg" alt="Product Image"></a><p>Marker Paper Sketchbook, Bleedproof Art Marker Pad, (8.27 X 11.69) Inch, White, 40 Sheets</p><p>$6.99</p><a href="https://www.amazon.com/dp/B08FX5S2NL?tag=eloabder-20&linkCode=osi&th=1&psc=1">View Product</a></div><div class="product"><a href="https://www.amazon.com/dp/B0CJRBFSJ8?tag=eloabder-20&linkCode=osi&th=1&psc=1"><img src="https://m.media-amazon.com/images/I/51DLA8TpwEL._SL500_.jpg" alt="Product Image"></a><p>Shuttle Art Marker Pad, 8.3”x8.9” Portable Square Sketchbook, 80 Sheets Marker Drawing Paper, 120LB/200GSM Bleedproof Art Paper, Spiral-Bound, Great for Professional Artist to Draw, Paint & Sketch</p><p>$16.99</p><a href="https://www.amazon.com/dp/B0CJRBFSJ8?tag=eloabder-20&linkCode=osi&th=1&psc=1">View Product</a></div><div class="product"><a href="https://www.amazon.com/dp/B09N7VX5Z5?tag=eloabder-20&linkCode=osi&th=1&psc=1"><img src="https://m.media-amazon.com/images/I/51xCPs9HZyL._SL500_.jpg" alt="Product Image"></a><p>Marker Paper Sketchbook - Marker Sketchbook with Bleedproof Smooth Coated Art Paper, 120 GSM 80 LBS - Marker Pad for Alcohol Markers, Sketching, Drawing - 8.11 x 8.5 Inch | 50 Sheets, 2 Pack</p><p>$15.99 ($8.00 / Count)</p><a href="https://www.amazon.com/dp/B09N7VX5Z5?tag=eloabder-20&linkCode=osi&th=1&psc=1">View Product</a></div><div class="product"><a href="https://www.amazon.com/dp/B07CK94W9T?tag=eloabder-20&linkCode=osi&th=1&psc=1"><img src="https://m.media-amazon.com/images/I/41ocoSNDjdL._SL500_.jpg" alt="Product Image"></a><p>BOXUN Premium 50 Sheets Sketch Marker Paper Pad, Bleedproof Artist Drawing Paper, 8.27 x 11.69 Inch</p><p>$8.29 ($0.17 / Count)</p><a href="https://www.amazon.com/dp/B07CK94W9T?tag=eloabder-20&linkCode=osi&th=1&psc=1">View Product</a></div><div class="product"><a href="https://www.amazon.com/dp/B0CPXWD11W?tag=eloabder-20&linkCode=osi&th=1&psc=1"><img src="https://m.media-amazon.com/images/I/51ApKzpDVNL._SL500_.jpg" alt="Product Image"></a><p>FEITAKE Marker Paper Pad Sketchbook Bleedproof for Alcohol Markers 120lb/200gsm Double Sided Thick Art Drawing Papers 60pages (30Sheets) / A4(8.3"x11.7") Gift for Artists Students Kids</p><p>$13.99 ($0.47 / Count)</p><a href="https://www.amazon.com/dp/B0CPXWD11W?tag=eloabder-20&linkCode=osi&th=1&psc=1">View Product</a></div><div class="product"><a href="https://www.amazon.com/dp/B0025TWYW6?tag=eloabder-20&linkCode=osi&th=1&psc=1"><img src="https://m.media-amazon.com/images/I/51t6UkUHCvL._SL500_.jpg" alt="Product Image"></a><p>Bee Paper Bleedproof Marker Pack, 8-1/2-Inch by 11-Inch, 50 Sheets per Pack</p><p>$17.09 ($0.34 / Count)</p><a href="https://www.amazon.com/dp/B0025TWYW6?tag=eloabder-20&linkCode=osi&th=1&psc=1">View Product</a></div><div class="product"><a href="https://www.amazon.com/dp/B0CJRBYYQB?tag=eloabder-20&linkCode=osi&th=1&psc=1"><img src="https://m.media-amazon.com/images/I/41knBnjZ25L._SL500_.jpg" alt="Product Image"></a><p>Shuttle Art Marker Pad, 8.3”x7.67” Portable Square Sketchbook, 50 Sheets Marker Drawing Paper, 60LB/90GSM Smooth Surface Bleedproof Art Paper, Glue-Bound, Great for Beginners to Draw, Paint & Sketch</p><p>$8.99 ($0.18 / Count)</p><a href="https://www.amazon.com/dp/B0CJRBYYQB?tag=eloabder-20&linkCode=osi&th=1&psc=1">View Product</a></div>
<div class="product"><a href="https://www.amazon.com/dp/B00881IU8M?tag=eloabder-20&linkCode=osi&th=1&psc=1"><img src="https://m.media-amazon.com/images/I/41hbSgdLBtL._SL500_.jpg" alt="Product Image"></a><p>Speedball Fabric & Paper Block Printing Ink 6-Color Set, 1.25-Ounce x 6</p><p>$28.99 ($28.99 / Count)</p><a href="https://www.amazon.com/dp/B00881IU8M?tag=eloabder-20&linkCode=osi&th=1&psc=1">View Product</a></div><div class="product"><a href="https://www.amazon.com/dp/B000J09PFM?tag=eloabder-20&linkCode=osi&th=1&psc=1"><img src="https://m.media-amazon.com/images/I/51yPRc4nvoL._SL500_.jpg" alt="Product Image"></a><p>Speedball Water-Soluble Block Printing Ink Starter Set, 6 Bold Colors with Satin Finish, 1.25-Ounce Tubes</p><p>$29.99 ($4.00 / Fl Oz)</p><a href="https://www.amazon.com/dp/B000J09PFM?tag=eloabder-20&linkCode=osi&th=1&psc=1">View Product</a></div><div class="product"><a href="https://www.amazon.com/dp/B000BYT24U?tag=eloabder-20&linkCode=osi&th=1&psc=1"><img src="https://m.media-amazon.com/images/I/51pDlo+LlKL._SL500_.jpg" alt="Product Image"></a><p>Speedball Water-Soluble Block Printing Ink, 8-Ounce Jar, Black</p><p>$14.49</p><a href="https://www.amazon.com/dp/B000BYT24U?tag=eloabder-20&linkCode=osi&th=1&psc=1">View Product</a></div><div class="product"><a href="https://www.amazon.com/dp/B00C1JUJWW?tag=eloabder-20&linkCode=osi&th=1&psc=1"><img src="https://m.media-amazon.com/images/I/41zDtJ6f5hL._SL500_.jpg" alt="Product Image"></a><p>Speedball Fabric Block Printing Ink, 2.5-Ounce, Black</p><p>$9.99 ($4.00 / Fl Oz)</p><a href="https://www.amazon.com/dp/B00C1JUJWW?tag=eloabder-20&linkCode=osi&th=1&psc=1">View Product</a></div><div class="product"><a href="https://www.amazon.com/dp/B004PZ1ZJG?tag=eloabder-20&linkCode=osi&th=1&psc=1"><img src="https://m.media-amazon.com/images/I/41+GkhhpR5L._SL500_.jpg" alt="Product Image"></a><p>Speedball Water-Soluble Block Printing Ink Starter Set, 4-Color Set, 1.25-Ounce Tubes</p><p>$20.99</p><a href="https://www.amazon.com/dp/B004PZ1ZJG?tag=eloabder-20&linkCode=osi&th=1&psc=1">View Product</a></div><div class="product"><a href="https://www.amazon.com/dp/B0017CZF3C?tag=eloabder-20&linkCode=osi&th=1&psc=1"><img src="https://m.media-amazon.com/images/I/41S17SYPAZL._SL500_.jpg" alt="Product Image"></a><p>Speedball Water Soluble Block Printing Ink, Black, 2-1/2 Ounces - 380663</p><p>$9.99</p><a href="https://www.amazon.com/dp/B0017CZF3C?tag=eloabder-20&linkCode=osi&th=1&psc=1">View Product</a></div><div class="product"><a href="https://www.amazon.com/dp/B0BXNX8FSH?tag=eloabder-20&linkCode=osi&th=1&psc=1"><img src="https://m.media-amazon.com/images/I/51JGm1VxVOL._SL500_.jpg" alt="Product Image"></a><p>Falling in Art Water-Soluble Block Printing Ink, 6-Color Printmaking Ink Set for Linoleum Block, 3.5 floz</p><p>$28.99</p><a href="https://www.amazon.com/dp/B0BXNX8FSH?tag=eloabder-20&linkCode=osi&th=1&psc=1">View Product</a></div><div class="product"><a href="https://www.amazon.com/dp/B0027ACJBO?tag=eloabder-20&linkCode=osi&th=1&psc=1"><img src="https://m.media-amazon.com/images/I/41OzayB9ojL._SL500_.jpg" alt="Product Image"></a><p>Speedball 3476 Oil-Based Block Printing Ink Starter Set for Professional, Permanent Prints AP Certified – 1.25 FL OZ Tubes</p><p>$33.99</p><a href="https://www.amazon.com/dp/B0027ACJBO?tag=eloabder-20&linkCode=osi&th=1&psc=1">View Product</a></div>
<div class="product"><a href="https://www.amazon.com/dp/B0027AGDWK?tag=eloabder-20&linkCode=osi&th=1&psc=1"><img src="https://m.media-amazon.com/images/I/515LDer6GPL._SL500_.jpg" alt="Product Image"></a><p>Speedball Deluxe Block Printing Kit - Includes Inks, Brayer, Bench Hook, Lino Handle and Cutters, Speedy-Carve Block, Mounted Linoleum Block</p><p>$59.99</p><a href="https://www.amazon.com/dp/B0027AGDWK?tag=eloabder-20&linkCode=osi&th=1&psc=1">View Product</a></div><div class="product"><a href="https://www.amazon.com/dp/B07ZJBZN5S?tag=eloabder-20&linkCode=osi&th=1&psc=1"><img src="https://m.media-amazon.com/images/I/41UbN58y9uS._SL500_.jpg" alt="Product Image"></a><p>SGHUO 12pcs 4"x6" Pink Rubber Carving Blocks Linoleum Block Stamp Making Kit</p><p>$22.99 ($1.92 / Count)</p><a href="https://www.amazon.com/dp/B07ZJBZN5S?tag=eloabder-20&linkCode=osi&th=1&psc=1">View Product</a></div>
<div class="product"><a href="https://www.amazon.com/dp/B00L2DYUM8?tag=eloabder-20&linkCode=osi&th=1&psc=1"><img src="https://m.media-amazon.com/images/I/51l5FZ0+5AL._SL500_.jpg" alt="Product Image"></a><p>Strathmore 300 Series Printmaking Paper Pad, Glue Bound, 5x7 inches, 40 Sheets (120g) - Artist Paper for Adults and Students - Block Printing, Linocut, Screen Printing, White</p><p>$7.26</p><a href="https://www.amazon.com/dp/B00L2DYUM8?tag=eloabder-20&linkCode=osi&th=1&psc=1">View Product</a></div><div class="product"><a href="https://www.amazon.com/dp/B07BSYS5XC?tag=eloabder-20&linkCode=osi&th=1&psc=1"><img src="https://m.media-amazon.com/images/I/51Uwfq0jv+L._SL500_.jpg" alt="Product Image"></a><p>Ucreate Printmaking Paper, 9"x12", White, 100 Sheet, P9001</p><p>$9.79</p><a href="https://www.amazon.com/dp/B07BSYS5XC?tag=eloabder-20&linkCode=osi&th=1&psc=1">View Product</a></div><div class="product"><a href="https://www.amazon.com/dp/B00K5562WA?tag=eloabder-20&linkCode=osi&th=1&psc=1"><img src="https://m.media-amazon.com/images/I/51Dm+TeJGdL._SL500_.jpg" alt="Product Image"></a><p>Strathmore Printmaking Paper Pad 8"X10"-20 Sheets -62433800, White</p><p>$10.19</p><a href="https://www.amazon.com/dp/B00K5562WA?tag=eloabder-20&linkCode=osi&th=1&psc=1">View Product</a></div><div class="product"><a href="https://www.amazon.com/dp/B001DNH8I0?tag=eloabder-20&linkCode=osi&th=1&psc=1"><img src="https://m.media-amazon.com/images/I/51UzoKdUojL._SL500_.jpg" alt="Product Image"></a><p>Black Ink 9-Inch by 12-Inch Bleached Mulberry Block Printing Paper, 25-Pack</p><p>$19.35 ($0.77 / Count)</p><a href="https://www.amazon.com/dp/B001DNH8I0?tag=eloabder-20&linkCode=osi&th=1&psc=1">View Product</a></div><div class="product"><a href="https://www.amazon.com/dp/B00C6G6L5Y?tag=eloabder-20&linkCode=osi&th=1&psc=1"><img src="https://m.media-amazon.com/images/I/5103h0Rm8sL._SL500_.jpg" alt="Product Image"></a><p>Black Ink Thai Mulberry Block Printing Paper Packs small assorted colors</p><p>$21.99</p><a href="https://www.amazon.com/dp/B00C6G6L5Y?tag=eloabder-20&linkCode=osi&th=1&psc=1">View Product</a></div>
<div class="product"><a href="https://www.amazon.com/dp/B003IG27OK?tag=eloabder-20&linkCode=osi&th=1&psc=1"><img src="https://m.media-amazon.com/images/I/416NUaYo1DL._SL500_.jpg" alt="Product Image"></a><p>Speedball Block Printing Baren - Comfortable Wooden Handle, Made in the USA - 4 Inches</p><p>$29.49</p><a href="https://www.amazon.com/dp/B003IG27OK?tag=eloabder-20&linkCode=osi&th=1&psc=1">View Product</a></div>
<div class="product"><a href="https://www.amazon.com/dp/B0CMZYY8CJ?tag=eloabder-20&linkCode=osi&th=1&psc=1"><img src="https://m.media-amazon.com/images/I/41TifSIP7SL._SL500_.jpg" alt="Product Image"></a><p>Ecoofor Blotting Paper for Flower Press, 20 Sheets Highly Absorbent and Reusable Blotter Paper for Flower Press Paper Craft 9 x 9 inch</p><p>$9.99</p><a href="https://www.amazon.com/dp/B0CMZYY8CJ?tag=eloabder-20&linkCode=osi&th=1&psc=1">View Product</a></div><div class="product"><a href="https://www.amazon.com/dp/B0CYRT3RM4?tag=eloabder-20&linkCode=osi&th=1&psc=1"><img src="https://m.media-amazon.com/images/I/31+qvVq3giL._SL500_.jpg" alt="Product Image"></a><p>Hygge & Sage Premium Natural Fiber Blotting Paper for Flower Press Art; 20 Large Sheets for a Press up to 8x11 Inches; Absorbent, Versatile, and Acid-Free Reusable Blotter Paper for Flower Pressing</p><p>$9.50 ($0.48 / Count)</p><a href="https://www.amazon.com/dp/B0CYRT3RM4?tag=eloabder-20&linkCode=osi&th=1&psc=1">View Product</a></div><div class="product"><a href="https://www.amazon.com/dp/B0D41GDLHM?tag=eloabder-20&linkCode=osi&th=1&psc=1"><img src="https://m.media-amazon.com/images/I/41LIF5dHXaL._SL500_.jpg" alt="Product Image"></a><p>Aboofx 20 Sheets Blotting Paper for Flower Press, 15" x 10" Extra Large Highly Absorbent Blotter Paper for Flower Press Reusable Herbarium Paper Craft Blotter Paper Sheets</p><p>$19.99</p><a href="https://www.amazon.com/dp/B0D41GDLHM?tag=eloabder-20&linkCode=osi&th=1&psc=1">View Product</a></div><div class="product"><a href="https://www.amazon.com/dp/B0CQMMYSBR?tag=eloabder-20&linkCode=osi&th=1&psc=1"><img src="https://m.media-amazon.com/images/I/413SlUi6IDL._SL500_.jpg" alt="Product Image"></a><p>Wisreach Blotting Paper for Flower Press, 20 Sheets Flower Press Paper Highly Absorbent and Reusable Blotter Paper for Flower Art A4 Size 8.26 x 11.4 inch</p><p>$9.99</p><a href="https://www.amazon.com/dp/B0CQMMYSBR?tag=eloabder-20&linkCode=osi&th=1&psc=1">View Product</a></div><div class="product"><a href="https://www.amazon.com/dp/B093FQ22PG?tag=eloabder-20&linkCode=osi&th=1&psc=1"><img src="https://m.media-amazon.com/images/I/41B2jXhe+QL._SL500_.jpg" alt="Product Image"></a><p>Blotting Paper for Flower Press by Berstuk® • Large A4 Flower Press Paper • Highly Absorbent and Reusable Herbarium Paper • Pack of 10 Blotter Paper Sheets</p><p>$6.99 ($69.90 / 100 Sheets)</p><a href="https://www.amazon.com/dp/B093FQ22PG?tag=eloabder-20&linkCode=osi&th=1&psc=1">View Product</a></div><div class="product"><a href="https://www.amazon.com/dp/B0C6PW4VGB?tag=eloabder-20&linkCode=osi&th=1&psc=1"><img src="https://m.media-amazon.com/images/I/21C64VB3iVL._SL500_.jpg" alt="Product Image"></a><p>PATIKIL 16"x12" Flower Press Paper, 1 Set/30 Sheet Refill Lining Blotter Paper Absorbent Reusable Blotting Paper for DIY Art Handicraft Scrapbook</p><p>$11.19</p><a href="https://www.amazon.com/dp/B0C6PW4VGB?tag=eloabder-20&linkCode=osi&th=1&psc=1">View Product</a></div><div class="product"><a href="https://www.amazon.com/dp/B0C6PTK915?tag=eloabder-20&linkCode=osi&th=1&psc=1"><img src="https://m.media-amazon.com/images/I/21UviFCGjtL._SL500_.jpg" alt="Product Image"></a><p>PATIKIL 12"x8" Flower Press Paper, 2 Set/60 Sheet Refill Lining Blotter Paper Absorbent Reusable Blotting Paper for DIY Art Handicraft Scrapbook</p><p>$13.69</p><a href="https://www.amazon.com/dp/B0C6PTK915?tag=eloabder-20&linkCode=osi&th=1&psc=1">View Product</a></div><div class="product"><a href="https://www.amazon.com/dp/B0CDJZ4MD7?tag=eloabder-20&linkCode=osi&th=1&psc=1"><img src="https://m.media-amazon.com/images/I/41iwkW+QQOL._SL500_.jpg" alt="Product Image"></a><p>30 PCS Blotting Paper for Flower Press Large A4 Flower Press Paper Highly Absorbent and Reusable Blotter Paper Refill Lining Paper for Flower Press Art Craft Scrapbook Making, 11.8 x 7.9 Inches Blue</p><p>$9.99</p><a href="https://www.amazon.com/dp/B0CDJZ4MD7?tag=eloabder-20&linkCode=osi&th=1&psc=1">View Product</a></div>

<div class="product"><a href="https://www.amazon.com/dp/B0D2T4F1DZ?tag=eloabder-20&linkCode=osi&th=1&psc=1"><img src="https://m.media-amazon.com/images/I/41KNcatyBWL._SL500_.jpg" alt="Product Image"></a><p>10pcs Book Cloth,14”x10”,Fabric Surface and Paper Backed, book cloth for book binding,book binding fabric,5 Colors Bookbinding Cloth for DIY fabric book cover,bookbinding paper (Style B)</p><p>$9.99</p><a href="https://www.amazon.com/dp/B0D2T4F1DZ?tag=eloabder-20&linkCode=osi&th=1&psc=1">View Product</a></div><div class="product"><a href="https://www.amazon.com/dp/B0CMD2LWR8?tag=eloabder-20&linkCode=osi&th=1&psc=1"><img src="https://m.media-amazon.com/images/I/31QVUZVSB+L._SL500_.jpg" alt="Product Image"></a><p>Mozeat Lens 33 ft Bookbinding Tape Book Tape Repair Book Binding Tape Cloth Book Repair Kit 2 Inch Wide Book Spine Tape Cloth Bookbinding Repair Tape White Book Tape for Reinforcing Book Spine Tape</p><p>$7.99</p><a href="https://www.amazon.com/dp/B0CMD2LWR8?tag=eloabder-20&linkCode=osi&th=1&psc=1">View Product</a></div><div class="product"><a href="https://www.amazon.com/dp/B0D1KC168C?tag=eloabder-20&linkCode=osi&th=1&psc=1"><img src="https://m.media-amazon.com/images/I/31wWgk-1V4L._SL500_.jpg" alt="Product Image"></a><p>AKONEGE Book Cloth for Book Binding 35 x 16 Inch Fabric Surface and Paper Backed, Strong, Easy to Use, Fabric Materials Bookbinding Supplies Bookcloth for Scrapbooking Album DIY Crafts, Black</p><p>$9.99</p><a href="https://www.amazon.com/dp/B0D1KC168C?tag=eloabder-20&linkCode=osi&th=1&psc=1">View Product</a></div><div class="product"><a href="https://www.amazon.com/dp/B0BC48CCWW?tag=eloabder-20&linkCode=osi&th=1&psc=1"><img src="https://m.media-amazon.com/images/I/41vTc+L-XyL._SL500_.jpg" alt="Product Image"></a><p>Wooqu Book Cloth, Fabric Surface and Paper Backed, Easy to Use, Strong, 17x29”, for Book Binding, Dark Green</p><p>$13.99</p><a href="https://www.amazon.com/dp/B0BC48CCWW?tag=eloabder-20&linkCode=osi&th=1&psc=1">View Product</a></div><div class="product"><a href="https://www.amazon.com/dp/B00W3S7LU4?tag=eloabder-20&linkCode=osi&th=1&psc=1"><img src="https://m.media-amazon.com/images/I/41mUL1LmSHS._SL500_.jpg" alt="Product Image"></a><p>BookGuard 2 inch Premium Bookbinding Repair Cloth Tape, 15 Yard Roll Burgundy</p><p>$14.95</p><a href="https://www.amazon.com/dp/B00W3S7LU4?tag=eloabder-20&linkCode=osi&th=1&psc=1">View Product</a></div>

<div class="product"><a href="https://www.amazon.com/dp/B08217DGL7?tag=eloabder-20&linkCode=osi&th=1&psc=1"><img src="https://m.media-amazon.com/images/I/51Gy-qfph7L._SL500_.jpg" alt="Product Image"></a><p>24 Colors Waxed Thread, Leather Sewing Thread,Hand Stitching Thread for Hand Sewing Leather and Bookbinding, 13Yards Per Color</p><p>$11.99 ($0.01 / Foot)</p><a href="https://www.amazon.com/dp/B08217DGL7?tag=eloabder-20&linkCode=osi&th=1&psc=1">View Product</a></div><div class="product"><a href="https://www.amazon.com/dp/B08GCHJ3FP?tag=eloabder-20&linkCode=osi&th=1&psc=1"><img src="https://m.media-amazon.com/images/I/41TK-XNxTFL._SL500_.jpg" alt="Product Image"></a><p>FANDOL 100% Natural Linen Thread Waxed thread for Bookbingding, Leather Sewing, Beading or Macrame (Natural)</p><p>$14.98</p><a href="https://www.amazon.com/dp/B08GCHJ3FP?tag=eloabder-20&linkCode=osi&th=1&psc=1">View Product</a></div><div class="product"><a href="https://www.amazon.com/dp/B0025U108E?tag=eloabder-20&linkCode=osi&th=1&psc=1"><img src="https://m.media-amazon.com/images/I/4172yrURiVL._SL500_.jpg" alt="Product Image"></a><p>Books by Hand Linen Thread, Archival Quality Natural Unbleached and Unwaxed, 50 Yards 35/3 Gauge, Ideal for Bookbinding and Sewing Signatures</p><p>$9.47</p><a href="https://www.amazon.com/dp/B0025U108E?tag=eloabder-20&linkCode=osi&th=1&psc=1">View Product</a></div><div class="product"><a href="https://www.amazon.com/dp/B08S78KLRN?tag=eloabder-20&linkCode=osi&th=1&psc=1"><img src="https://m.media-amazon.com/images/I/413NGMtJdrL._SL500_.jpg" alt="Product Image"></a><p>Jupean Waxed Thread, 150m /164Yards Beige Leather Waxed Thread, Leather Sewing Thread, Hand Stitching Thread for Hand Sewing Leather, Bookbinding, and Beginners Leather Craft DIY</p><p>$6.49 ($0.01 / Foot)</p><a href="https://www.amazon.com/dp/B08S78KLRN?tag=eloabder-20&linkCode=osi&th=1&psc=1">View Product</a></div><div class="product"><a href="https://www.amazon.com/dp/B015D9E6UM?tag=eloabder-20&linkCode=osi&th=1&psc=1"><img src="https://m.media-amazon.com/images/I/51VnWPI+Q5L._SL500_.jpg" alt="Product Image"></a><p>Lineco, Natural Waxed Linen Thread 20 Yards, Books by Hand Natural, Black, Brown Color for Sewing, Bookbinding (3/Pkg)</p><p>$13.77</p><a href="https://www.amazon.com/dp/B015D9E6UM?tag=eloabder-20&linkCode=osi&th=1&psc=1">View Product</a></div>
<div class="product"><a href="https://www.amazon.com/dp/B0CMD53C1C?tag=eloabder-20&linkCode=osi&th=1&psc=1"><img src="https://m.media-amazon.com/images/I/31dU4wqS0rL._SL500_.jpg" alt="Product Image"></a><p>5-in-1 Bookbinding Kit,Book Cover Guide, Bookbinding Cover Tool, Stainless Steel Book Binding Kit, Bookbinding Ruler, Scrapbooking Tools for Making Book Cover Chipboard Covers Album Planner</p><p>$7.88</p><a href="https://www.amazon.com/dp/B0CMD53C1C?tag=eloabder-20&linkCode=osi&th=1&psc=1">View Product</a></div>
<div class="product"><a href="https://www.amazon.com/dp/B007TIEG6U?tag=eloabder-20&linkCode=osi&th=1&psc=1"><img src="https://m.media-amazon.com/images/I/31d6r6R5lGL._SL500_.jpg" alt="Product Image"></a><p>Handy Art Empty 2 ounce Marker Bottle, Dauber Tip and Cap, 12-Each (900-003) , White</p><p>$23.12 ($1.93 / Count)</p><a href="https://www.amazon.com/dp/B007TIEG6U?tag=eloabder-20&linkCode=osi&th=1&psc=1">View Product</a></div>
<div class="product"><a href="https://www.amazon.com/dp/B07YDNKSH6?tag=eloabder-20&linkCode=osi&th=1&psc=1"><img src="https://m.media-amazon.com/images/I/41JGrHa7mSL._SL500_.jpg" alt="Product Image"></a><p>4-Inch Rubber Brayer Roller for Printmaking, Great for Gluing Application Also. (Original Version)</p><p>$6.99</p><a href="https://www.amazon.com/dp/B07YDNKSH6?tag=eloabder-20&linkCode=osi&th=1&psc=1">View Product</a></div>
<div class="product"><a href="https://www.amazon.com/dp/B005U7BNPE?tag=eloabder-20&linkCode=osi&th=1&psc=1"><img src="https://m.media-amazon.com/images/I/418YfTClSxL._SL500_.jpg" alt="Product Image"></a><p>Apple Barrel Acrylic Paint in Assorted Colors (2 oz), 20513, Bright Yellow</p><p>$0.58 ($0.29 / Fl Oz)</p><a href="https://www.amazon.com/dp/B005U7BNPE?tag=eloabder-20&linkCode=osi&th=1&psc=1">View Product</a></div><div class="product"><a href="https://www.amazon.com/dp/B099DWCRZ5?tag=eloabder-20&linkCode=osi&th=1&psc=1"><img src="https://m.media-amazon.com/images/I/41rr5hT-8TL._SL500_.jpg" alt="Product Image"></a><p>milo Fluorescent Acrylic Paint Set of 6 Colors | 4 oz Bottles | Student Neon Colors Acrylics Painting Pack | Made in the USA | Non-Toxic Art & Craft Paints for Artists, Kids, & Hobby Painters</p><p>$22.90 ($0.95 / Fl Oz)</p><a href="https://www.amazon.com/dp/B099DWCRZ5?tag=eloabder-20&linkCode=osi&th=1&psc=1">View Product</a></div><div class="product"><a href="https://www.amazon.com/dp/B07ZPPPWPL?tag=eloabder-20&linkCode=osi&th=1&psc=1"><img src="https://m.media-amazon.com/images/I/51Vqk2rrZwL._SL500_.jpg" alt="Product Image"></a><p>Apple Barrel, Pastel Dreams & Vivid Wonders Collection Acrylic Craft Paint, PROMOTCK, 2 fl oz each, 18 assorted matte colors, 18 count</p><p>$22.66 ($0.63 / Fl Oz)</p><a href="https://www.amazon.com/dp/B07ZPPPWPL?tag=eloabder-20&linkCode=osi&th=1&psc=1">View Product</a></div><div class="product"><a href="https://www.amazon.com/dp/B0CKQR52XC?tag=eloabder-20&linkCode=osi&th=1&psc=1"><img src="https://m.media-amazon.com/images/I/51WTPlhN2WL._SL500_.jpg" alt="Product Image"></a><p>ARTME Glow in The Dark Paint, 10 Bright Colors 60ml/2oz Blacklight Paint Set, Neon Craft Paint, Acrylic Glow Fluorescent Paint Perfect for Art Painting, DIY projects, Halloween and Christmas</p><p>$23.99 ($1.20 / Fl Oz)</p><a href="https://www.amazon.com/dp/B0CKQR52XC?tag=eloabder-20&linkCode=osi&th=1&psc=1">View Product</a></div><div class="product"><a href="https://www.amazon.com/dp/B09XXHBL3Y?tag=eloabder-20&linkCode=osi&th=1&psc=1"><img src="https://m.media-amazon.com/images/I/51taBeDdeIL._SL500_.jpg" alt="Product Image"></a><p>Fantastory Glow in the Dark Acrylic Paint, 10 Extra Bright Colors, 30ml/1oz Waterproof Glow in Dark Paint,Indoor Outdoor Blacklight Paint for Kids,Adults, Rocks,Walls,Halloween,Craft &Fabric</p><p>$9.99 ($1.00 / Fl Oz)</p><a href="https://www.amazon.com/dp/B09XXHBL3Y?tag=eloabder-20&linkCode=osi&th=1&psc=1">View Product</a></div><div class="product"><a href="https://www.amazon.com/dp/B0BS3JM8ZR?tag=eloabder-20&linkCode=osi&th=1&psc=1"><img src="https://m.media-amazon.com/images/I/51S8FteGgPL._SL500_.jpg" alt="Product Image"></a><p>Acrylic Paint, Shuttle Art 24 Colors Acrylic Paint Bottle Set, 250ml/8.45oz Each, Rich Pigments, High Viscosity, Bulk Paint for Artists, Beginners and Kids Painting on Rocks Crafts Canvas Wood Ceramic</p><p>$49.99 ($0.25 / Fl Oz)</p><a href="https://www.amazon.com/dp/B0BS3JM8ZR?tag=eloabder-20&linkCode=osi&th=1&psc=1">View Product</a></div><div class="product"><a href="https://www.amazon.com/dp/B00CIW3EDI?tag=eloabder-20&linkCode=osi&th=1&psc=1"><img src="https://m.media-amazon.com/images/I/41PMnxyBo5L._SL500_.jpg" alt="Product Image"></a><p>FolkArt Multi-Surface Acrylic Paint in Assorted Colors (2 oz), 2896, Bright Pink</p><p>$1.47 ($0.74 / Fl Oz)</p><a href="https://www.amazon.com/dp/B00CIW3EDI?tag=eloabder-20&linkCode=osi&th=1&psc=1">View Product</a></div><div class="product"><a href="https://www.amazon.com/dp/B085ZB5ZK9?tag=eloabder-20&linkCode=osi&th=1&psc=1"><img src="https://m.media-amazon.com/images/I/51nmRq1eicL._SL500_.jpg" alt="Product Image"></a><p>FolkArt 4 Bottle Multi-Surface Acrylic Paint Set, 2oz, Neon Blacklight Colors</p><p>$8.12 ($1.02 / Fl Oz)</p><a href="https://www.amazon.com/dp/B085ZB5ZK9?tag=eloabder-20&linkCode=osi&th=1&psc=1">View Product</a></div><div class="product"><a href="https://www.amazon.com/dp/B08N585VN5?tag=eloabder-20&linkCode=osi&th=1&psc=1"><img src="https://m.media-amazon.com/images/I/51nwFBdxwVL._SL500_.jpg" alt="Product Image"></a><p>Acrylic Paint Set Value Pack of 12 Colors | Craft Painting Kit with 2 oz Squeeze Bottles for Beginners, Artists, Professionals | Non-Toxic Water Based Paints for Canvas, Paper, Wood | Bright Hues</p><p>$11.99 ($0.50 / Fl Oz)</p><a href="https://www.amazon.com/dp/B08N585VN5?tag=eloabder-20&linkCode=osi&th=1&psc=1">View Product</a></div>
<div class="product"><a href="https://www.amazon.com/dp/B0009RRT9Y?tag=eloabder-20&linkCode=osi&th=1&psc=1"><img src="https://m.media-amazon.com/images/I/51ZhyYPOB5L._SL500_.jpg" alt="Product Image"></a><p>General Pencil Company The Masters Brush Cleaner & Preserver 2.5 0z.</p><p>$12.00</p><a href="https://www.amazon.com/dp/B0009RRT9Y?tag=eloabder-20&linkCode=osi&th=1&psc=1">View Product</a></div><div class="product"><a href="https://www.amazon.com/dp/B00F38YVQS?tag=eloabder-20&linkCode=osi&th=1&psc=1"><img src="https://m.media-amazon.com/images/I/51yjmSTzzML._SL500_.jpg" alt="Product Image"></a><p>B & J Original Brush Cleaner - 2.5 Oz/12ct Display</p><p>$12.77</p><a href="https://www.amazon.com/dp/B00F38YVQS?tag=eloabder-20&linkCode=osi&th=1&psc=1">View Product</a></div><div class="product"><a href="https://www.amazon.com/dp/B004BN7QQ8?tag=eloabder-20&linkCode=osi&th=1&psc=1"><img src="https://m.media-amazon.com/images/I/31fEWB-h4VL._SL500_.jpg" alt="Product Image"></a><p>Winsor & Newton Brush Cleaner & Restorer, 16.0-oz Bottle</p><p>$21.87 ($1.37 / Fl Oz)</p><a href="https://www.amazon.com/dp/B004BN7QQ8?tag=eloabder-20&linkCode=osi&th=1&psc=1">View Product</a></div><div class="product"><a href="https://www.amazon.com/dp/B09NCHL2LM?tag=eloabder-20&linkCode=osi&th=1&psc=1"><img src="https://m.media-amazon.com/images/I/31UzwasdL6L._SL500_.jpg" alt="Product Image"></a><p>U.S. Art Supply Brush Cleaner and Restorer, 4 Ounce Bottle - Quickly Cleans Paint Brushes, Airbrushes, Art Tools - Cleaning Solution to Remove Dried On Acrylic, Oil and Water-Based Paint Colors</p><p>$8.99 ($2.25 / Fl Oz)</p><a href="https://www.amazon.com/dp/B09NCHL2LM?tag=eloabder-20&linkCode=osi&th=1&psc=1">View Product</a></div><div class="product"><a href="https://www.amazon.com/dp/B09J8L55SK?tag=eloabder-20&linkCode=osi&th=1&psc=1"><img src="https://m.media-amazon.com/images/I/41qgWS2nSsL._SL500_.jpg" alt="Product Image"></a><p>Green Piece® Paint Brush Cleaner and Restorer for Art Paint Brushes - 100% Natural - Non-Toxic - Wet or Dry Paint - No Chemicals - Oil or Acrylic Paints, Wood and Metal - Amazing Power - 18 Oz</p><p>$19.88</p><a href="https://www.amazon.com/dp/B09J8L55SK?tag=eloabder-20&linkCode=osi&th=1&psc=1">View Product</a></div><div class="product"><a href="https://www.amazon.com/dp/B0027A79I2?tag=eloabder-20&linkCode=osi&th=1&psc=1"><img src="https://m.media-amazon.com/images/I/31J6S+mCjuL._SL500_.jpg" alt="Product Image"></a><p>Pink Soap 12-Ounce Paint Brush Cleaner and Conditioner, Solution Cleans and Restores, Removes Dried Paint on Airbrushes and Other Artist Tools & Supplies</p><p>$15.49 ($1.29 / Fl Oz)</p><a href="https://www.amazon.com/dp/B0027A79I2?tag=eloabder-20&linkCode=osi&th=1&psc=1">View Product</a></div><div class="product"><a href="https://www.amazon.com/dp/B0027AEANE?tag=eloabder-20&linkCode=osi&th=1&psc=1"><img src="https://m.media-amazon.com/images/I/51bHOLU1pVL._SL500_.jpg" alt="Product Image"></a><p>General Pencil General 105-BP Pencil Masters Brush Cleaner & Preserver, 1 Pack, Clear</p><p>$9.99 ($4.00 / Ounce)</p><a href="https://www.amazon.com/dp/B0027AEANE?tag=eloabder-20&linkCode=osi&th=1&psc=1">View Product</a></div>

<div class="product"><a href="https://www.amazon.com/dp/B00N9UUWLA?tag=eloabder-20&linkCode=osi&th=1&psc=1"><img src="https://m.media-amazon.com/images/I/41be4n09wZL._SL500_.jpg" alt="Product Image"></a><p>Pentel Arts Portable Pocket Brush Pen (Medium Point), 1Pen & 2Refills</p><p>$7.00</p><a href="https://www.amazon.com/dp/B00N9UUWLA?tag=eloabder-20&linkCode=osi&th=1&psc=1">View Product</a></div><div class="product"><a href="https://www.amazon.com/dp/B07DQ4292Y?tag=eloabder-20&linkCode=osi&th=1&psc=1"><img src="https://m.media-amazon.com/images/I/41-kgHpaPvL._SL500_.jpg" alt="Product Image"></a><p>Tombow 62039 Fudenosuke Brush Pens, 3-Pack. Soft, Hard, and Twin Tip Markers for Calligraphy and Art Drawings</p><p>$7.59 ($2.53 / Count)</p><a href="https://www.amazon.com/dp/B07DQ4292Y?tag=eloabder-20&linkCode=osi&th=1&psc=1">View Product</a></div><div class="product"><a href="https://www.amazon.com/dp/B0995FNMKW?tag=eloabder-20&linkCode=osi&th=1&psc=1"><img src="https://m.media-amazon.com/images/I/51kpGsTNvlL._SL500_.jpg" alt="Product Image"></a><p>WRITECH Arts Sign Brush Pen Brush Tip Marker Felt Tip Water Based Ink Color Pens 12 Assorted Vintage Colors Great for Lettering Journaling Calligraphy (Vintage)</p><p>$13.99 ($1.17 / Count)</p><a href="https://www.amazon.com/dp/B0995FNMKW?tag=eloabder-20&linkCode=osi&th=1&psc=1">View Product</a></div><div class="product"><a href="https://www.amazon.com/dp/B07H89R749?tag=eloabder-20&linkCode=osi&th=1&psc=1"><img src="https://m.media-amazon.com/images/I/51nTGZ-eAsL._SL500_.jpg" alt="Product Image"></a><p>Tombow Fudenosuke Brush Pen - Hard - 10 Colors Set (WS-BH10C)</p><p>$11.73</p><a href="https://www.amazon.com/dp/B07H89R749?tag=eloabder-20&linkCode=osi&th=1&psc=1">View Product</a></div><div class="product"><a href="https://www.amazon.com/dp/B002PIFTRE?tag=eloabder-20&linkCode=osi&th=1&psc=1"><img src="https://m.media-amazon.com/images/I/41IVnNPD1hL._SL500_.jpg" alt="Product Image"></a><p>Pentel Color Brush Pen, Black (GFLBP101)</p><p>$7.89</p><a href="https://www.amazon.com/dp/B002PIFTRE?tag=eloabder-20&linkCode=osi&th=1&psc=1">View Product</a></div>
<div class="product"><a href="https://www.amazon.com/dp/B0CLLSY2BT?tag=eloabder-20&linkCode=osi&th=1&psc=1"><img src="https://m.media-amazon.com/images/I/51sQM3lrN9L._SL500_.jpg" alt="Product Image"></a><p>CUGEBANNA Paint Brush Washer,Airtight Stainless Steel Brush Cleaner for Oil Painting Acrylic,Brush Washer with Cleaning Beads and Wringer</p><p>$22.99</p><a href="https://www.amazon.com/dp/B0CLLSY2BT?tag=eloabder-20&linkCode=osi&th=1&psc=1">View Product</a></div><div class="product"><a href="https://www.amazon.com/dp/B013PB35N4?tag=eloabder-20&linkCode=osi&th=1&psc=1"><img src="https://m.media-amazon.com/images/I/419miJHrhtL._SL500_.jpg" alt="Product Image"></a><p>US Art Supply Deluxe Brush Cleaner-Brush Washer with Wash Tank</p><p>$18.99</p><a href="https://www.amazon.com/dp/B013PB35N4?tag=eloabder-20&linkCode=osi&th=1&psc=1">View Product</a></div>
<div class="product"><a href="https://www.amazon.com/dp/B07GH7WGC3?tag=eloabder-20&linkCode=osi&th=1&psc=1"><img src="https://m.media-amazon.com/images/I/51vzX1OZI6L._SL500_.jpg" alt="Product Image"></a><p>BOSOBO Paint Brushes Set, 2 Pack 20 Pcs Round-Pointed Tip Paintbrushes Nylon Hair Artist Acrylic Paint Brushes for Acrylic Oil Watercolor, Face Nail Art, Miniature Detailing & Rock Painting, Blue</p><p>$7.49 ($0.37 / Count)</p><a href="https://www.amazon.com/dp/B07GH7WGC3?tag=eloabder-20&linkCode=osi&th=1&psc=1">View Product</a></div><div class="product"><a href="https://www.amazon.com/dp/B078XJ2DCJ?tag=eloabder-20&linkCode=osi&th=1&psc=1"><img src="https://m.media-amazon.com/images/I/616oHEXPN1S._SL500_.jpg" alt="Product Image"></a><p>Pro Grade - Chip Paint Brushes - 36-Pack - 2 Inch Chip Brush for Paints, Stains, Varnishes, Glues, & Gesso</p><p>$17.99</p><a href="https://www.amazon.com/dp/B078XJ2DCJ?tag=eloabder-20&linkCode=osi&th=1&psc=1">View Product</a></div>

<div class="product"><a href="https://www.amazon.com/dp/B000YQJVFA?tag=eloabder-20&linkCode=osi&th=1&psc=1"><img src="https://m.media-amazon.com/images/I/51so-OSRt+L._SL500_.jpg" alt="Product Image"></a><p>Winsor & Newton Calligraphy Ink, 30ml (1-oz) Bottle, Black</p><p>$10.07 ($10.07 / Count)</p><a href="https://www.amazon.com/dp/B000YQJVFA?tag=eloabder-20&linkCode=osi&th=1&psc=1">View Product</a></div><div class="product"><a href="https://www.amazon.com/dp/B0026SBYUE?tag=eloabder-20&linkCode=osi&th=1&psc=1"><img src="https://m.media-amazon.com/images/I/412Ga9k1q8L._SL500_.jpg" alt="Product Image"></a><p>Higgins Black Calligraphy Ink, 2.5 Ounce Bottle (44314)</p><p>$5.99</p><a href="https://www.amazon.com/dp/B0026SBYUE?tag=eloabder-20&linkCode=osi&th=1&psc=1">View Product</a></div><div class="product"><a href="https://www.amazon.com/dp/B0CXDBD77N?tag=eloabder-20&linkCode=osi&th=1&psc=1"><img src="https://m.media-amazon.com/images/I/41x1EZv3P3L._SL500_.jpg" alt="Product Image"></a><p>SEAMEW 250 ML/8.8 OZ Calligraphy and Sumi Liquid Ink - Versatile Elegance for Chinese Traditional Art Works and Japanese Brush Art</p><p>$11.49</p><a href="https://www.amazon.com/dp/B0CXDBD77N?tag=eloabder-20&linkCode=osi&th=1&psc=1">View Product</a></div><div class="product"><a href="https://www.amazon.com/dp/B0CR3ML8VS?tag=eloabder-20&linkCode=osi&th=1&psc=1"><img src="https://m.media-amazon.com/images/I/41fLIKySQZL._SL500_.jpg" alt="Product Image"></a><p>Hmayart Prepared Super Thick Liquid Black Ink for Japanese Brush Calligraphy & Chinese Traditional Artworks (MZ010 250g)</p><p>$11.99</p><a href="https://www.amazon.com/dp/B0CR3ML8VS?tag=eloabder-20&linkCode=osi&th=1&psc=1">View Product</a></div><div class="product"><a href="https://www.amazon.com/dp/B0039OQ0J4?tag=eloabder-20&linkCode=osi&th=1&psc=1"><img src="https://m.media-amazon.com/images/I/41RRlR55P9L._SL500_.jpg" alt="Product Image"></a><p>Daiso Sumi Calligraphy Liquid Ink in a 180ml Bottle (Japan Import)</p><p>$8.99</p><a href="https://www.amazon.com/dp/B0039OQ0J4?tag=eloabder-20&linkCode=osi&th=1&psc=1">View Product</a></div><div class="product"><a href="https://www.amazon.com/dp/B074KJ289G?tag=eloabder-20&linkCode=osi&th=1&psc=1"><img src="https://m.media-amazon.com/images/I/41FZT3aCChL._SL500_.jpg" alt="Product Image"></a><p>Easyou Redstar Liquid Ink for Professioanl Traditional Calligraphy and Brush Painting Chinese Ink Liquid (Black&1pcs*180ML)</p><p>$10.99</p><a href="https://www.amazon.com/dp/B074KJ289G?tag=eloabder-20&linkCode=osi&th=1&psc=1">View Product</a></div><div class="product"><a href="https://www.amazon.com/dp/B07JYJ6C1W?tag=eloabder-20&linkCode=osi&th=1&psc=1"><img src="https://m.media-amazon.com/images/I/51IAnrWkw6L._SL500_.jpg" alt="Product Image"></a><p>MZ001 HmayartBlack Sumi Liquid Ink for Japanese Brush Calligraphy & Chinese Traditional Artworks 250ml (black)</p><p>$13.99</p><a href="https://www.amazon.com/dp/B07JYJ6C1W?tag=eloabder-20&linkCode=osi&th=1&psc=1">View Product</a></div><div class="product"><a href="https://www.amazon.com/dp/B0894L9M2C?tag=eloabder-20&linkCode=osi&th=1&psc=1"><img src="https://m.media-amazon.com/images/I/51H5LBUAZcL._SL500_.jpg" alt="Product Image"></a><p>24 Colors Calligraphy Ink Set, Calligraphy Fountain Glass Dip Pen Color Ink Caligrapher Pen Ink Bottle Set, Gold Powder Drawing Writing Art Ink with Gift Box - 24 x 7ml</p><p>$21.98</p><a href="https://www.amazon.com/dp/B0894L9M2C?tag=eloabder-20&linkCode=osi&th=1&psc=1">View Product</a></div><div class="product"><a href="https://www.amazon.com/dp/B0C49WVM7L?tag=eloabder-20&linkCode=osi&th=1&psc=1"><img src="https://m.media-amazon.com/images/I/41zxtjGWS1L._SL500_.jpg" alt="Product Image"></a><p>AOKUY 24 Colors Calligraphy Ink Set,Calligraphy Inks,Colorful Dip Pen Ink Set,Gold Powder Drawing Writing Art Ink with Gift Box</p><p>$16.99</p><a href="https://www.amazon.com/dp/B0C49WVM7L?tag=eloabder-20&linkCode=osi&th=1&psc=1">View Product</a></div>
<div class="product"><a href="https://www.amazon.com/dp/B0007ZJ8QU?tag=eloabder-20&linkCode=osi&th=1&psc=1"><img src="https://m.media-amazon.com/images/I/41vTwN7L9NL._SL500_.jpg" alt="Product Image"></a><p>Speedball C-Series Lettering Pen Set - 1 Penholder w/ 6 Nibs</p><p>$11.99</p><a href="https://www.amazon.com/dp/B0007ZJ8QU?tag=eloabder-20&linkCode=osi&th=1&psc=1">View Product</a></div><div class="product"><a href="https://www.amazon.com/dp/B003IGNH30?tag=eloabder-20&linkCode=osi&th=1&psc=1"><img src="https://m.media-amazon.com/images/I/412WGB9WzGL._SL500_.jpg" alt="Product Image"></a><p>Speedball 30710 10 Pen Nib Assorted Set</p><p>$21.99</p><a href="https://www.amazon.com/dp/B003IGNH30?tag=eloabder-20&linkCode=osi&th=1&psc=1">View Product</a></div><div class="product"><a href="https://www.amazon.com/dp/B0CQTCZRYC?tag=eloabder-20&linkCode=osi&th=1&psc=1"><img src="https://m.media-amazon.com/images/I/41+d7oXaTvL._SL500_.jpg" alt="Product Image"></a><p>10PCS Oblique Calligraphy Dip Pen Set Comic Pen Nib Set Fluid Writer Pen, 2-in-1 Drawing Pen Holder with 8 Pieces Stainless Steel Pen Replacement Nibs Nib for Writing, Painting, Signing, Sketch</p><p>$6.49</p><a href="https://www.amazon.com/dp/B0CQTCZRYC?tag=eloabder-20&linkCode=osi&th=1&psc=1">View Product</a></div><div class="product"><a href="https://www.amazon.com/dp/B000BYQLT4?tag=eloabder-20&linkCode=osi&th=1&psc=1"><img src="https://m.media-amazon.com/images/I/41Tmn+y1-xL._SL500_.jpg" alt="Product Image"></a><p>Speedball Calligraphy Pen Set - 1 Penholder w/ 4 Nibs, 2 Pen Tips</p><p>$13.99</p><a href="https://www.amazon.com/dp/B000BYQLT4?tag=eloabder-20&linkCode=osi&th=1&psc=1">View Product</a></div><div class="product"><a href="https://www.amazon.com/dp/B0B3CVPWMF?tag=eloabder-20&linkCode=osi&th=1&psc=1"><img src="https://m.media-amazon.com/images/I/41Zw4tqW+HL._SL500_.jpg" alt="Product Image"></a><p>Mewutal 2Pcs/Set Comic Pen Nib Set Pen Nibs Replacements for Calligraphy Manga Writing Painting(Pumpkin Head Nib)</p><p>$7.99</p><a href="https://www.amazon.com/dp/B0B3CVPWMF?tag=eloabder-20&linkCode=osi&th=1&psc=1">View Product</a></div><div class="product"><a href="https://www.amazon.com/dp/B0BVR4M5X4?tag=eloabder-20&linkCode=osi&th=1&psc=1"><img src="https://m.media-amazon.com/images/I/515TyiGpQKL._SL500_.jpg" alt="Product Image"></a><p>Wonwood_direct Calligraphy set, 7 Calligraphy Pens with Different Nibs and 40 Ink Cartridges in 13 Colors for Beginner Writing Drawing for Greeting Card Signature Calligraphy (Type 1)</p><p>$15.99</p><a href="https://www.amazon.com/dp/B0BVR4M5X4?tag=eloabder-20&linkCode=osi&th=1&psc=1">View Product</a></div><div class="product"><a href="https://www.amazon.com/dp/B0BGRM97MF?tag=eloabder-20&linkCode=osi&th=1&psc=1"><img src="https://m.media-amazon.com/images/I/41vB7fs3VbL._SL500_.jpg" alt="Product Image"></a><p>Gullor A Bunch of Nibs for Comic Dip Pen, Assorted Calligraphy Dip Pen Nibs, Various Sizes and Shapes, 33 Nibs in Box</p><p>$9.99</p><a href="https://www.amazon.com/dp/B0BGRM97MF?tag=eloabder-20&linkCode=osi&th=1&psc=1">View Product</a></div>
<div class="product"><a href="https://www.amazon.com/dp/B000KNNVX0?tag=eloabder-20&linkCode=osi&th=1&psc=1"><img src="https://m.media-amazon.com/images/I/51RAGoN6UsL._SL500_.jpg" alt="Product Image"></a><p>Strathmore STR- 50 Sheet Tape Bound Calligraphy Pad, 8.5 by 11", White</p><p>$7.83</p><a href="https://www.amazon.com/dp/B000KNNVX0?tag=eloabder-20&linkCode=osi&th=1&psc=1">View Product</a></div><div class="product"><a href="https://www.amazon.com/dp/B00PGBVNM2?tag=eloabder-20&linkCode=osi&th=1&psc=1"><img src="https://m.media-amazon.com/images/I/51VvCXPD-QL._SL500_.jpg" alt="Product Image"></a><p>U.S. Art Supply (Pack of 2 Pads) - 9" x 12" Premium Calligraphic Practice Paper Pad, 19 Pound Bond (70gsm), Pad of 50-Sheets, Calligraphy Paper with Printed Practice Rule and Slanted Grid</p><p>$12.99</p><a href="https://www.amazon.com/dp/B00PGBVNM2?tag=eloabder-20&linkCode=osi&th=1&psc=1">View Product</a></div><div class="product"><a href="https://www.amazon.com/dp/B0CQ1VTM1R?tag=eloabder-20&linkCode=osi&th=1&psc=1"><img src="https://m.media-amazon.com/images/I/31pMzPI5pdL._SL500_.jpg" alt="Product Image"></a><p>50 Sheets Watercolor Paper 8 x 6inch Deckled Edge Paper 190 GSM Rough/Textured Handmade Paper Cotton Paper White Textured Paper for Watercolor, Writing Calligraphy, Invitations, Letters</p><p>$12.99 ($0.26 / Count)</p><a href="https://www.amazon.com/dp/B0CQ1VTM1R?tag=eloabder-20&linkCode=osi&th=1&psc=1">View Product</a></div><div class="product"><a href="https://www.amazon.com/dp/B0CGHVSX6W?tag=eloabder-20&linkCode=osi&th=1&psc=1"><img src="https://m.media-amazon.com/images/I/41pAexcoWlL._SL500_.jpg" alt="Product Image"></a><p>KYMY Chinese/Japanese Calligraphy Paper 100PCS, Sumi/Rice Paper for Writing Painting Drawing Practice, Chinese Brush Ink Xuan Paper, Half Sheng Shu (Half Raw Ripe) (34 x 34 cm (13.38 x 13.38 Inch))</p><p>$10.99 ($0.11 / Count)</p><a href="https://www.amazon.com/dp/B0CGHVSX6W?tag=eloabder-20&linkCode=osi&th=1&psc=1">View Product</a></div>
<div class="product"><a href="https://www.amazon.com/dp/B08FCZC2R3?tag=eloabder-20&linkCode=osi&th=1&psc=1"><img src="https://m.media-amazon.com/images/I/51TWqPlqpfL._SL500_.jpg" alt="Product Image"></a><p>Craft 'n' Beyond Calligraphy Brush Pens Pack of 3 Small, Medium and Large Markers for Hand Lettering, Art Drawing, Sketching, Scrapbooking, Journaling - Beginner Kit with Fadeproof Black Ink</p><p>$5.49</p><a href="https://www.amazon.com/dp/B08FCZC2R3?tag=eloabder-20&linkCode=osi&th=1&psc=1">View Product</a></div><div class="product"><a href="https://www.amazon.com/dp/B0B67TWWDG?tag=eloabder-20&linkCode=osi&th=1&psc=1"><img src="https://m.media-amazon.com/images/I/5188ARIL9sL._SL500_.jpg" alt="Product Image"></a><p>Brusarth Calligraphy Pens, 8 Size Calligraphy Pens for Writing, Brush Pens Calligraphy Set for Beginners, Hand Lettering Pens, Brush Markers Set, Black Ink Drawing Pens</p><p>$8.95</p><a href="https://www.amazon.com/dp/B0B67TWWDG?tag=eloabder-20&linkCode=osi&th=1&psc=1">View Product</a></div><div class="product"><a href="https://www.amazon.com/dp/B000SHQFEA?tag=eloabder-20&linkCode=osi&th=1&psc=1"><img src="https://m.media-amazon.com/images/I/41sx3qStImL._SL500_.jpg" alt="Product Image"></a><p>edding 1255 calligraphy pen - black - 3 pens - calligraphy nib 2 - 5 mm - fibre pens for paper, wood, terracotta, canvas - hand lettering, bullet journals, thank you cards, calligraphy books</p><p>$6.50</p><a href="https://www.amazon.com/dp/B000SHQFEA?tag=eloabder-20&linkCode=osi&th=1&psc=1">View Product</a></div><div class="product"><a href="https://www.amazon.com/dp/B001DKJLEC?tag=eloabder-20&linkCode=osi&th=1&psc=1"><img src="https://m.media-amazon.com/images/I/41x7A8wo7YL._SL500_.jpg" alt="Product Image"></a><p>Speedball Elegant Writer Calligraphy 4 Marker Set, Black, 2.0 mm, 2.5 mm & 3.0 mm Chisel Nib Tip Pens for Drawing, Journaling, and Scrapbooking</p><p>$9.99 ($2.50 / Count)</p><a href="https://www.amazon.com/dp/B001DKJLEC?tag=eloabder-20&linkCode=osi&th=1&psc=1">View Product</a></div><div class="product"><a href="https://www.amazon.com/dp/B08RYWH185?tag=eloabder-20&linkCode=osi&th=1&psc=1"><img src="https://m.media-amazon.com/images/I/51GFkyfC3iL._SL500_.jpg" alt="Product Image"></a><p>Piochoo Calligraphy Pens,8 Size Calligraphy Pens for Writing,Brush Pens Calligraphy Set for Beginners, Hand Lettering Pens</p><p>$12.99</p><a href="https://www.amazon.com/dp/B08RYWH185?tag=eloabder-20&linkCode=osi&th=1&psc=1">View Product</a></div>
<div class="product"><a href="https://www.amazon.com/dp/B0C66K9NHR?tag=eloabder-20&linkCode=osi&th=1&psc=1"><img src="https://m.media-amazon.com/images/I/51As2T+7gzL._SL500_.jpg" alt="Product Image"></a><p>Calligraphy Kit for Beginners - Calligraphy Pen Set with Calligraphy Workbook</p><p>$26.89</p><a href="https://www.amazon.com/dp/B0C66K9NHR?tag=eloabder-20&linkCode=osi&th=1&psc=1">View Product</a></div><div class="product"><a href="https://www.amazon.com/dp/B081J6QLZN?tag=eloabder-20&linkCode=osi&th=1&psc=1"><img src="https://m.media-amazon.com/images/I/41lK2Gw0JZL._SL500_.jpg" alt="Product Image"></a><p>Trustela Calligraphy Set for Beginners, Dip Pen Set with 19 Nibs, Oblique Pen Holder, Wooden Pen Set</p><p>$21.99</p><a href="https://www.amazon.com/dp/B081J6QLZN?tag=eloabder-20&linkCode=osi&th=1&psc=1">View Product</a></div><div class="product"><a href="https://www.amazon.com/dp/B0BCVDNPRJ?tag=eloabder-20&linkCode=osi&th=1&psc=1"><img src="https://m.media-amazon.com/images/I/51J-hFN4AeL._SL500_.jpg" alt="Product Image"></a><p>GC QUILL Calligraphy Pens Set 64pcs - Calligraphy Fountain Pen Set with 3 Fountain Pens, 7 Varied Nibs, 54 Ink Cartridges(10 Colors) - Writing, Drawing and Calligraphy Practice for beginner GC-F354</p><p>$23.99</p><a href="https://www.amazon.com/dp/B0BCVDNPRJ?tag=eloabder-20&linkCode=osi&th=1&psc=1">View Product</a></div>
<div class="product"><a href="https://www.amazon.com/dp/B092Q8BQC1?tag=eloabder-20&linkCode=osi&th=1&psc=1"><img src="https://m.media-amazon.com/images/I/51gdXkGIguS._SL500_.jpg" alt="Product Image"></a><p>AIYNC Feather Calligraphy Pen Ink Set, Includes Quill Pen and Wooden Dip Pen, Ink,17 Replacement Nib, Pen Base, 3 Wax Seal Sticks, Stamp, White Wax, Spoon, Envelope Letter Paper, Envelope Tool(Green)</p><p>$22.99</p><a href="https://www.amazon.com/dp/B092Q8BQC1?tag=eloabder-20&linkCode=osi&th=1&psc=1">View Product</a></div>
<div class="product"><a href="https://www.amazon.com/dp/B09J228BSF?tag=eloabder-20&linkCode=osi&th=1&psc=1"><img src="https://m.media-amazon.com/images/I/61MByvIyHGL._SL500_.jpg" alt="Product Image"></a><p>Candle dye - 18 Colors Liquid Oil-Based dye for Candle Wax, Vivid Candle Color for DIY Candle Making, Highly Concentrate Natural Candle Color</p><p>$15.59 ($2.47 / Fl Oz)</p><a href="https://www.amazon.com/dp/B09J228BSF?tag=eloabder-20&linkCode=osi&th=1&psc=1">View Product</a></div><div class="product"><a href="https://www.amazon.com/dp/B06Y3T5RV4?tag=eloabder-20&linkCode=osi&th=1&psc=1"><img src="https://m.media-amazon.com/images/I/61yZyP8eZTL._SL500_.jpg" alt="Product Image"></a><p>Candle Dyes for Soy Candle Making - Wax Сolor Dye Color Chips for Soy Wax - 16 Popular Colors Wax Dye Flakes</p><p>$16.99 ($10.62 / Ounce)</p><a href="https://www.amazon.com/dp/B06Y3T5RV4?tag=eloabder-20&linkCode=osi&th=1&psc=1">View Product</a></div><div class="product"><a href="https://www.amazon.com/dp/B0CMCPGLQZ?tag=eloabder-20&linkCode=osi&th=1&psc=1"><img src="https://m.media-amazon.com/images/I/51G9e-Epa0L._SL500_.jpg" alt="Product Image"></a><p>Candle Dye - 12 Colors Wax Melt Dye for Candle Making, Oil-Based Dye for Wax, Highly Concentrate Liquid Candle Color Dye</p><p>$8.99</p><a href="https://www.amazon.com/dp/B0CMCPGLQZ?tag=eloabder-20&linkCode=osi&th=1&psc=1">View Product</a></div><div class="product"><a href="https://www.amazon.com/dp/B09GLMZ5PS?tag=eloabder-20&linkCode=osi&th=1&psc=1"><img src="https://m.media-amazon.com/images/I/51SCG6n6Y4L._SL500_.jpg" alt="Product Image"></a><p>OSBANG Oil-Based Candle Color Dye Non-Toxic Non-Irritating 20 Colors for DIY Candle Making Supplies - Vibrant Concentrated Candle Coloring for Soy Wax Dyes, Beeswax, Gel Wax, Candle Making Kit</p><p>$14.99 ($2.22 / Fl Oz)</p><a href="https://www.amazon.com/dp/B09GLMZ5PS?tag=eloabder-20&linkCode=osi&th=1&psc=1">View Product</a></div><div class="product"><a href="https://www.amazon.com/dp/B0C8D2X4F1?tag=eloabder-20&linkCode=osi&th=1&psc=1"><img src="https://m.media-amazon.com/images/I/51e0mqPDEJL._SL500_.jpg" alt="Product Image"></a><p>Candle Dye - 14 Colors Highly Concentrate Oil-Based Liquid Candle Dye Kit, Candle Dyes for Candle Making, Beeswax, Gel Wax, Paraffin Wax - Each 0.35 fl oz</p><p>$9.99</p><a href="https://www.amazon.com/dp/B0C8D2X4F1?tag=eloabder-20&linkCode=osi&th=1&psc=1">View Product</a></div>

<div class="product"><a href="https://www.amazon.com/dp/B0C6FHSQR7?tag=eloabder-20&linkCode=osi&th=1&psc=1"><img src="https://m.media-amazon.com/images/I/41hBOCPELBL._SL500_.jpg" alt="Product Image"></a><p>Mold Release, Silicone Mold Release Spray (16.9 fl oz / 500ml) Mold Release for Epoxy Resin and Candle Mold Release Spray (1 Pack Mega Size)</p><p>$9.99 ($0.59 / Fl Oz)</p><a href="https://www.amazon.com/dp/B0C6FHSQR7?tag=eloabder-20&linkCode=osi&th=1&psc=1">View Product</a></div>
<div class="product"><a href="https://www.amazon.com/dp/B015W8DWUO?tag=eloabder-20&linkCode=osi&th=1&psc=1"><img src="https://m.media-amazon.com/images/I/41umHqV4zhL._SL500_.jpg" alt="Product Image"></a><p>EricX Light 100 Piece Cotton Candle Wick 6" Pre-Waxed for Candle Making,Candle DIY</p><p>$5.35</p><a href="https://www.amazon.com/dp/B015W8DWUO?tag=eloabder-20&linkCode=osi&th=1&psc=1">View Product</a></div><div class="product"><a href="https://www.amazon.com/dp/B08XZB43NZ?tag=eloabder-20&linkCode=osi&th=1&psc=1"><img src="https://m.media-amazon.com/images/I/51cyFvwhpJL._SL500_.jpg" alt="Product Image"></a><p>Candle Wicks 100 Pcs 6 inch with 30Pcs Candle Wick Stickers and 10 Pcs Wooden Candle Wick Centering Device for Soy Beeswax Candle Making and Candle DIY</p><p>$4.99</p><a href="https://www.amazon.com/dp/B08XZB43NZ?tag=eloabder-20&linkCode=osi&th=1&psc=1">View Product</a></div><div class="product"><a href="https://www.amazon.com/dp/B084ZSZQ4T?tag=eloabder-20&linkCode=osi&th=1&psc=1"><img src="https://m.media-amazon.com/images/I/41vLRbXIHhL._SL500_.jpg" alt="Product Image"></a><p>Candle Wick,100 Piece Candle Wicks for Candle Making DIY, 6 Inch Pre-Waxed Cotton Wick with Tabs</p><p>$4.79</p><a href="https://www.amazon.com/dp/B084ZSZQ4T?tag=eloabder-20&linkCode=osi&th=1&psc=1">View Product</a></div><div class="product"><a href="https://www.amazon.com/dp/B097D7S6KB?tag=eloabder-20&linkCode=osi&th=1&psc=1"><img src="https://m.media-amazon.com/images/I/41jpnnrDAjL._SL500_.jpg" alt="Product Image"></a><p>CandMak Candle Wick Kit, 60 Cotton Candle Wicks with Candle Making Tools for Candle Making (Thick 4"+6"+8")</p><p>$5.99</p><a href="https://www.amazon.com/dp/B097D7S6KB?tag=eloabder-20&linkCode=osi&th=1&psc=1">View Product</a></div><div class="product"><a href="https://www.amazon.com/dp/B08DLSG8NW?tag=eloabder-20&linkCode=osi&th=1&psc=1"><img src="https://m.media-amazon.com/images/I/41QkciWLWjL._SL500_.jpg" alt="Product Image"></a><p>Bulk 6inch Candle Wicks 100 Pcs with 60Pcs Candle Wick Stickers and 10 Pcs Wooden Candle Wick Centering Device for Soy Beeswax Candle Making (6inch)</p><p>$5.45</p><a href="https://www.amazon.com/dp/B08DLSG8NW?tag=eloabder-20&linkCode=osi&th=1&psc=1">View Product</a></div><div class="product"><a href="https://www.amazon.com/dp/B08Z334W66?tag=eloabder-20&linkCode=osi&th=1&psc=1"><img src="https://m.media-amazon.com/images/I/51nsfCzAwwL._SL500_.jpg" alt="Product Image"></a><p>DINGPAI 100pcs Cotton Candle Wicks, 6 inches Low Smoke Pre-Waxed Candle Wicks for Candle Making, Candle DIY</p><p>$4.99</p><a href="https://www.amazon.com/dp/B08Z334W66?tag=eloabder-20&linkCode=osi&th=1&psc=1">View Product</a></div><div class="product"><a href="https://www.amazon.com/dp/B0BV1NCQ28?tag=eloabder-20&linkCode=osi&th=1&psc=1"><img src="https://m.media-amazon.com/images/I/41lmQ4K9ccL._SL500_.jpg" alt="Product Image"></a><p>Ziosxin 100pcs Smokeless Cherry Wood Candle Wicks, Long Lasting Flame, Easily Burn, Natural Candle Cores with Stand and Glue Dot, Warning Label for DIY Candle Making</p><p>$9.99</p><a href="https://www.amazon.com/dp/B0BV1NCQ28?tag=eloabder-20&linkCode=osi&th=1&psc=1">View Product</a></div><div class="product"><a href="https://www.amazon.com/dp/B08LPKTVZW?tag=eloabder-20&linkCode=osi&th=1&psc=1"><img src="https://m.media-amazon.com/images/I/41AtaynrIqL._SL500_.jpg" alt="Product Image"></a><p>BEADNOVA Candle Cotton Wicks 4 Inch 150pcs Short Candle Making Wicks Cotton Wicks for Candle Making DIY</p><p>$4.99</p><a href="https://www.amazon.com/dp/B08LPKTVZW?tag=eloabder-20&linkCode=osi&th=1&psc=1">View Product</a></div><div class="product"><a href="https://www.amazon.com/dp/B0925G2VBY?tag=eloabder-20&linkCode=osi&th=1&psc=1"><img src="https://m.media-amazon.com/images/I/51EzgDRsxoL._SL500_.jpg" alt="Product Image"></a><p>CHEFBEE 200 FT Organic Hemp Wick, Hemp Wick Well Coated Natural Beeswax for Hemp Wick Lighter or Candle Making, Slow Burn, No Dripping, Standard Size(1.1mm)</p><p>$6.99</p><a href="https://www.amazon.com/dp/B0925G2VBY?tag=eloabder-20&linkCode=osi&th=1&psc=1">View Product</a></div>
<div class="product"><a href="https://www.amazon.com/dp/B0BJZYCQV3?tag=eloabder-20&linkCode=osi&th=1&psc=1"><img src="https://m.media-amazon.com/images/I/41dS7xm9bKL._SL500_.jpg" alt="Product Image"></a><p>Simetufy Canvas Boards for Painting 12 Pack,8 x 10 Inch Painting Canvas Panels, Blank Canvas for Painting- Gesso Primed Acid-Free 100% Cotton for Acrylics Oil Watercolor Tempera Paints</p><p>$12.99</p><a href="https://www.amazon.com/dp/B0BJZYCQV3?tag=eloabder-20&linkCode=osi&th=1&psc=1">View Product</a></div><div class="product"><a href="https://www.amazon.com/dp/B085F4JH1H?tag=eloabder-20&linkCode=osi&th=1&psc=1"><img src="https://m.media-amazon.com/images/I/41l7Efp7ILL._SL500_.jpg" alt="Product Image"></a><p>KEFF Canvas Boards for Painting - 24 Pack - Art Supplies Paint Canvas 5x7, 8x10, 9x12, 11x14 Canvas Panels, 100% Cotton Pre-Primed Large Canvas for Painting Supplies, Acrylic, Oil, Watercolor, Tempera</p><p>$24.99</p><a href="https://www.amazon.com/dp/B085F4JH1H?tag=eloabder-20&linkCode=osi&th=1&psc=1">View Product</a></div><div class="product"><a href="https://www.amazon.com/dp/B0CMXFTNDC?tag=eloabder-20&linkCode=osi&th=1&psc=1"><img src="https://m.media-amazon.com/images/I/41WZD2Y6GfL._SL500_.jpg" alt="Product Image"></a><p>ESRICH Canvas Boards for Painting, 5 Pack Canvases for Painting 8x10 Cotton Primed Acid Free Blank Canvas Panels for Oil Paint, Watercolor, Acrylic Paint, Gouache and Tempera.</p><p>$5.99</p><a href="https://www.amazon.com/dp/B0CMXFTNDC?tag=eloabder-20&linkCode=osi&th=1&psc=1">View Product</a></div><div class="product"><a href="https://www.amazon.com/dp/B0C6LMPMPJ?tag=eloabder-20&linkCode=osi&th=1&psc=1"><img src="https://m.media-amazon.com/images/I/51QF5c5qRiL._SL500_.jpg" alt="Product Image"></a><p>Simetufy Canvas Boards for Painting 32 Pack, Paint Canvas Panels Set - 5x7, 8x10, 9x12, 11x14 Inches, Pre-Primed 100% Cotton Blank Canvases for Oil Acrylic Watercolor Pouring Paint for Kids & Artists</p><p>$24.99</p><a href="https://www.amazon.com/dp/B0C6LMPMPJ?tag=eloabder-20&linkCode=osi&th=1&psc=1">View Product</a></div><div class="product"><a href="https://www.amazon.com/dp/B0CSD8VYYM?tag=eloabder-20&linkCode=osi&th=1&psc=1"><img src="https://m.media-amazon.com/images/I/41PeXd8MwvL._SL500_.jpg" alt="Product Image"></a><p>4 Pack 11x14 Inch Canvas Boards for Painting, Blank Canvases for Painting,Triple Primed for Oil & Acrylic Paints,100% Cotton Canvas Panels for Acrylics Oil Watercolor Tempera Paints,3mm Thickness</p><p>$8.49</p><a href="https://www.amazon.com/dp/B0CSD8VYYM?tag=eloabder-20&linkCode=osi&th=1&psc=1">View Product</a></div><div class="product"><a href="https://www.amazon.com/dp/B0D59RDVM5?tag=eloabder-20&linkCode=osi&th=1&psc=1"><img src="https://m.media-amazon.com/images/I/519TRFsibfL._SL500_.jpg" alt="Product Image"></a><p>Paroto Canvas Boards for Painting 12 Pack, Multi-Size Painting Canvas Set 5x7, 8x10, 10x12, 12x16 Inches, 100% Cotton Blank Canvas Oil Acrylic Watercolor Pouring Paint for Kids, Beginners, Artists</p><p>$23.99</p><a href="https://www.amazon.com/dp/B0D59RDVM5?tag=eloabder-20&linkCode=osi&th=1&psc=1">View Product</a></div><div class="product"><a href="https://www.amazon.com/dp/B0CSD8YM4L?tag=eloabder-20&linkCode=osi&th=1&psc=1"><img src="https://m.media-amazon.com/images/I/41ZgWqkIMFL._SL500_.jpg" alt="Product Image"></a><p>4 Pack 8x10 Inch Canvas Boards for Painting, Blank Canvases for Painting,Triple Primed for Oil & Acrylic Paints, 100% Cotton Canvas Panels, 3mm Thickness</p><p>$3.99</p><a href="https://www.amazon.com/dp/B0CSD8YM4L?tag=eloabder-20&linkCode=osi&th=1&psc=1">View Product</a></div><div class="product"><a href="https://www.amazon.com/dp/B0CQFTW7MH?tag=eloabder-20&linkCode=osi&th=1&psc=1"><img src="https://m.media-amazon.com/images/I/41PiitKvQTL._SL500_.jpg" alt="Product Image"></a><p>Simetufy 4 Pack Canvas Boards for Painting 12x16 inch, Canvases for Painting, Gesso Primed Acid-Free 100% Cotton Large Canvas Panels for Acrylics Oil Watercolor Tempera Paints</p><p>$11.99</p><a href="https://www.amazon.com/dp/B0CQFTW7MH?tag=eloabder-20&linkCode=osi&th=1&psc=1">View Product</a></div>
<div class="product"><a href="https://www.amazon.com/dp/B07D6V7H85?tag=eloabder-20&linkCode=osi&th=1&psc=1"><img src="https://m.media-amazon.com/images/I/41EEPf6prIL._SL500_.jpg" alt="Product Image"></a><p>U.S. Art Supply 36" Wide x 6 Yards (18 Feet) Long Unstretched Canvas Roll - 100% Cotton, 12-Ounce Triple Primed Gesso, Acid-Free - Pro Artist Quality, Oil & Acrylic Painting, Murals Backdrop, Cut Size</p><p>$49.99</p><a href="https://www.amazon.com/dp/B07D6V7H85?tag=eloabder-20&linkCode=osi&th=1&psc=1">View Product</a></div><div class="product"><a href="https://www.amazon.com/dp/B0C98L44GG?tag=eloabder-20&linkCode=osi&th=1&psc=1"><img src="https://m.media-amazon.com/images/I/31gEyNH9+sL._SL500_.jpg" alt="Product Image"></a><p>Kinlop Double Primed Cotton Canvas White Canvas Roll for Oil and Acrylic Paint (20 Feet x 48 Inch)</p><p>$38.99</p><a href="https://www.amazon.com/dp/B0C98L44GG?tag=eloabder-20&linkCode=osi&th=1&psc=1">View Product</a></div><div class="product"><a href="https://www.amazon.com/dp/B0CLSXCD1W?tag=eloabder-20&linkCode=osi&th=1&psc=1"><img src="https://m.media-amazon.com/images/I/414jbnjcrQL._SL500_.jpg" alt="Product Image"></a><p>U.S. Art Supply 10-Ounce Unprimed 63" Wide x 2 Yards (6 Feet) Long Heavyweight Unstretched Canvas Roll - 100% Cotton, Woven - Oil & Acrylic Painting, Murals, Backdrop - Cut To Stretcher Bar Frame Size</p><p>$24.99</p><a href="https://www.amazon.com/dp/B0CLSXCD1W?tag=eloabder-20&linkCode=osi&th=1&psc=1">View Product</a></div><div class="product"><a href="https://www.amazon.com/dp/B09MCHDSPR?tag=eloabder-20&linkCode=osi&th=1&psc=1"><img src="https://m.media-amazon.com/images/I/41S+37Lx2wL._SL500_.jpg" alt="Product Image"></a><p>100% Natural Cotton 7 oz Canvas Fabric (Duck), 63 Inches Wide X 3 Yards Long</p><p>$29.95</p><a href="https://www.amazon.com/dp/B09MCHDSPR?tag=eloabder-20&linkCode=osi&th=1&psc=1">View Product</a></div><div class="product"><a href="https://www.amazon.com/dp/B07VX9TLM1?tag=eloabder-20&linkCode=osi&th=1&psc=1"><img src="https://m.media-amazon.com/images/I/41-bqGVrblL._SL500_.jpg" alt="Product Image"></a><p>Premium Polyster Matte Canvas Roll, Quick Dry, Wide Format Inkjet Printer Compatible, Perfect for Fine Art, Photography, Giclée Printing, Archival Quality Prints. (24"x60' 290gsm Polyester)</p><p>$69.99</p><a href="https://www.amazon.com/dp/B07VX9TLM1?tag=eloabder-20&linkCode=osi&th=1&psc=1">View Product</a></div><div class="product"><a href="https://www.amazon.com/dp/B079VP3F1B?tag=eloabder-20&linkCode=osi&th=1&psc=1"><img src="https://m.media-amazon.com/images/I/31eaUH1-cWL._SL500_.jpg" alt="Product Image"></a><p>VViViD Double Primed Cotton Canvas 12" Wide Roll Choose Your Size! (10ft x 12" Roll)</p><p>$16.88</p><a href="https://www.amazon.com/dp/B079VP3F1B?tag=eloabder-20&linkCode=osi&th=1&psc=1">View Product</a></div><div class="product"><a href="https://www.amazon.com/dp/B09954KKH3?tag=eloabder-20&linkCode=osi&th=1&psc=1"><img src="https://m.media-amazon.com/images/I/41SwQCPSmAL._SL500_.jpg" alt="Product Image"></a><p>Polyester Canvas Roll Professional Matte Canvas Roll Wide format Inkjet Printing For Printing Drawing Oil Acrylic Or Water-Based Painting (200GSM Polyester 36"x100ft)</p><p>$123.99</p><a href="https://www.amazon.com/dp/B09954KKH3?tag=eloabder-20&linkCode=osi&th=1&psc=1">View Product</a></div>
<div class="product"><a href="https://www.amazon.com/dp/B003A2I5T8?tag=eloabder-20&linkCode=osi&th=1&psc=1"><img src="https://m.media-amazon.com/images/I/41LvtrGFjVL._SL500_.jpg" alt="Product Image"></a><p>Astrobrights/Neenah Bright White Cardstock, 8.5" x 11", 65 lb/176 gsm, White, 75 Sheets (90905-02) - Packaging May Vary</p><p>$6.99</p><a href="https://www.amazon.com/dp/B003A2I5T8?tag=eloabder-20&linkCode=osi&th=1&psc=1">View Product</a></div><div class="product"><a href="https://www.amazon.com/dp/B00006IDRW?tag=eloabder-20&linkCode=osi&th=1&psc=1"><img src="https://m.media-amazon.com/images/I/412xLv5ae7L._SL500_.jpg" alt="Product Image"></a><p>Neenah Premium Cardstock, 8.5" x 11", 65 lb/176 gsm, Bright White, 250 Sheets (91904)</p><p>$14.29</p><a href="https://www.amazon.com/dp/B00006IDRW?tag=eloabder-20&linkCode=osi&th=1&psc=1">View Product</a></div><div class="product"><a href="https://www.amazon.com/dp/B07FX5LCXK?tag=eloabder-20&linkCode=osi&th=1&psc=1"><img src="https://m.media-amazon.com/images/I/41n9D1rlKgL._SL500_.jpg" alt="Product Image"></a><p>Printworks White Cardstock, 67 lb, 92 Bright, FSC Certified, Perfect for School and Craft Projects, 8.5 x 11 Inch, 100 Sheets (00540)</p><p>$11.49</p><a href="https://www.amazon.com/dp/B07FX5LCXK?tag=eloabder-20&linkCode=osi&th=1&psc=1">View Product</a></div><div class="product"><a href="https://www.amazon.com/dp/B07QQ3L753?tag=eloabder-20&linkCode=osi&th=1&psc=1"><img src="https://m.media-amazon.com/images/I/41n0Ue3DLbL._SL500_.jpg" alt="Product Image"></a><p>Neenah White Index Paper, Mediumweight, 300 Sheets, 199 gsm, 94 Brightness, 8.5" x 11" - MORE SHEETS! (91635)</p><p>$15.99</p><a href="https://www.amazon.com/dp/B07QQ3L753?tag=eloabder-20&linkCode=osi&th=1&psc=1">View Product</a></div><div class="product"><a href="https://www.amazon.com/dp/B07D4YF3K4?tag=eloabder-20&linkCode=osi&th=1&psc=1"><img src="https://m.media-amazon.com/images/I/41ffykOOE7L._SL500_.jpg" alt="Product Image"></a><p>Neenah Index Cardstock, 8.5" x 11", 90 lb/163 gsm, White, Lightweight, 94 Brightness, 300 Sheets (91437)</p><p>$19.24</p><a href="https://www.amazon.com/dp/B07D4YF3K4?tag=eloabder-20&linkCode=osi&th=1&psc=1">View Product</a></div><div class="product"><a href="https://www.amazon.com/dp/B08DCF5B4P?tag=eloabder-20&linkCode=osi&th=1&psc=1"><img src="https://m.media-amazon.com/images/I/41GRzmuulDL._SL500_.jpg" alt="Product Image"></a><p>Hammermill White Cardstock, 110 Lb, 8.5 x 11 Colored Cardstock, 1 Pack (200 Sheets) - Thick Card Stock, Made in the USA, 168380R</p><p>$13.32</p><a href="https://www.amazon.com/dp/B08DCF5B4P?tag=eloabder-20&linkCode=osi&th=1&psc=1">View Product</a></div><div class="product"><a href="https://www.amazon.com/dp/B0CYPPHFV9?tag=eloabder-20&linkCode=osi&th=1&psc=1"><img src="https://m.media-amazon.com/images/I/51IQR4E5R1L._SL500_.jpg" alt="Product Image"></a><p>96 Sheets Colored Cardstock 24 Colors, 8.5x11 Color Cardstock Bulk, 200gsm/75lb Assorted Colors Construction Paper for Printing, Card Making, Die Cutting, Crafts, Scrapbooking, Party Decorations</p><p>$12.99</p><a href="https://www.amazon.com/dp/B0CYPPHFV9?tag=eloabder-20&linkCode=osi&th=1&psc=1">View Product</a></div><div class="product"><a href="https://www.amazon.com/dp/B07QNMF4ZP?tag=eloabder-20&linkCode=osi&th=1&psc=1"><img src="https://m.media-amazon.com/images/I/41mVi2qUcyL._SL500_.jpg" alt="Product Image"></a><p>Printworks White Cardstock, Standard, 67 lb. Vellum, 92 Bright, 250 sheets, 8.5 x 11, For Office, Home & School Printing, Craft Projects (00564)</p><p>$12.92</p><a href="https://www.amazon.com/dp/B07QNMF4ZP?tag=eloabder-20&linkCode=osi&th=1&psc=1">View Product</a></div><div class="product"><a href="https://www.amazon.com/dp/B09Y681BML?tag=eloabder-20&linkCode=osi&th=1&psc=1"><img src="https://m.media-amazon.com/images/I/41whFoq6OEL._SL500_.jpg" alt="Product Image"></a><p>Astrobrights Mega Collection, Colored Cardstock, Punchy Pastel 5-Color Assortment, 320 Sheets, 65 lb./176 gsm, 8.5" x 11" - MORE SHEETS! (91780)</p><p>$19.87</p><a href="https://www.amazon.com/dp/B09Y681BML?tag=eloabder-20&linkCode=osi&th=1&psc=1">View Product</a></div>


<div class="product"><a href="https://www.amazon.com/dp/B0B7DZ4YPN?tag=eloabder-20&linkCode=osi&th=1&psc=1"><img src="https://m.media-amazon.com/images/I/51NIBuS801L._SL500_.jpg" alt="Product Image"></a><p>Epoxy Resin 64OZ - Crystal Clear Epoxy Resin Kit - No Yellowing No Bubble Art Resin Casting Resin for Art Crafts, Jewelry Making, Wood & Resin Molds(32OZ x 2)</p><p>$34.99 ($0.55 / Ounce)</p><a href="https://www.amazon.com/dp/B0B7DZ4YPN?tag=eloabder-20&linkCode=osi&th=1&psc=1">View Product</a></div><div class="product"><a href="https://www.amazon.com/dp/B0CPVCRD93?tag=eloabder-20&linkCode=osi&th=1&psc=1"><img src="https://m.media-amazon.com/images/I/51mBmD2NCqL._SL500_.jpg" alt="Product Image"></a><p>Puduo Epoxy Resin Kit 72OZ，Newly Formulated Crystal Clear Epoxy Resin，Strong, Bubble-Free, Anti-Yellowing Art Resin That，Suitable for Casting, DIY, Resin Art, Molds, Jewelry, Easy to Mix 1:1 Ratio</p><p>$36.99 ($0.51 / Ounce)</p><a href="https://www.amazon.com/dp/B0CPVCRD93?tag=eloabder-20&linkCode=osi&th=1&psc=1">View Product</a></div><div class="product"><a href="https://www.amazon.com/dp/B0BY2PFY62?tag=eloabder-20&linkCode=osi&th=1&psc=1"><img src="https://m.media-amazon.com/images/I/51jY4DbLEVL._SL500_.jpg" alt="Product Image"></a><p>LET'S RESIN Polyurethane Resin, 60oz 2 Part Casting Resin, Fast Cured Resin within 10 Minutes, Ultra Low Viscosity & Low Odor Pourable Liquid Plastic for Casting Models, Prototypes & Other Resin Craft</p><p>$40.99 ($0.68 / Ounce)</p><a href="https://www.amazon.com/dp/B0BY2PFY62?tag=eloabder-20&linkCode=osi&th=1&psc=1">View Product</a></div><div class="product"><a href="https://www.amazon.com/dp/B0CXLX1BF1?tag=eloabder-20&linkCode=osi&th=1&psc=1"><img src="https://m.media-amazon.com/images/I/51B03piFSWL._SL500_.jpg" alt="Product Image"></a><p>Epoxy Resin,1 Gallon Crystal Clear Epoxy Resin Kit, High-Gloss & Bubbles Free Resin and Hardener Kit, Art Resin Casting Resin for Art Crafts, Jewelry Making, Wood & Resin Molds…</p><p>$49.99</p><a href="https://www.amazon.com/dp/B0CXLX1BF1?tag=eloabder-20&linkCode=osi&th=1&psc=1">View Product</a></div><div class="product"><a href="https://www.amazon.com/dp/B0B79JKMTN?tag=eloabder-20&linkCode=osi&th=1&psc=1"><img src="https://m.media-amazon.com/images/I/51awzY+fOoL._SL500_.jpg" alt="Product Image"></a><p>Teexpert Crystal Clear Epoxy Resin Kit 1 Gallon Self-Leveling Coating and Casting Resin, High-Gloss & Bubbles Free Resin and Hardener Kit for DIY Art, Jewelry, Table Top, Molds, Wood 1:1 Ratio</p><p>$49.49 ($0.39 / Fl Oz)</p><a href="https://www.amazon.com/dp/B0B79JKMTN?tag=eloabder-20&linkCode=osi&th=1&psc=1">View Product</a></div><div class="product"><a href="https://www.amazon.com/dp/B0CZDCWRDS?tag=eloabder-20&linkCode=osi&th=1&psc=1"><img src="https://m.media-amazon.com/images/I/51NoC3Siy8L._SL500_.jpg" alt="Product Image"></a><p>Puduo Epoxy Resin Kit 1.1Gallon，Newly Formulated Crystal Clear Epoxy Resin，Strong, Bubble-Free, Anti-Yellowing Art Resin That，Suitable for Casting, DIY, Resin Art, Molds, Easy to Mix 1:1 Ratio</p><p>$48.99 ($0.35 / Ounce)</p><a href="https://www.amazon.com/dp/B0CZDCWRDS?tag=eloabder-20&linkCode=osi&th=1&psc=1">View Product</a></div><div class="product"><a href="https://www.amazon.com/dp/B0C786S8ZW?tag=eloabder-20&linkCode=osi&th=1&psc=1"><img src="https://m.media-amazon.com/images/I/51PD1cgR+-L._SL500_.jpg" alt="Product Image"></a><p>LET'S RESIN EPOXY RESIN 2 Gallon Casting Resin with Pumps, Bubble Free & High-Gloss Resin Epoxy Kit, Crystal Clear Epoxy Resin and Hardener for DIY Art, Molds Casting,Craft</p><p>$87.00 ($0.34 / Fl Oz)</p><a href="https://www.amazon.com/dp/B0C786S8ZW?tag=eloabder-20&linkCode=osi&th=1&psc=1">View Product</a></div><div class="product"><a href="https://www.amazon.com/dp/B0BYV7YX2K?tag=eloabder-20&linkCode=osi&th=1&psc=1"><img src="https://m.media-amazon.com/images/I/41dTpbgWB+L._SL500_.jpg" alt="Product Image"></a><p>TAKIMO 1 Gallon Crystal Clear Resin Kit,No Bubble & Not Yellowing Epoxy Resin for Coating, Casting, Table Top,DIY, Bar Top, River Tables, Resin Art, Wood with High Gloss Finish</p><p>$39.99</p><a href="https://www.amazon.com/dp/B0BYV7YX2K?tag=eloabder-20&linkCode=osi&th=1&psc=1">View Product</a></div>
<div class="product"><a href="https://www.amazon.com/dp/B093D6Q4V2?tag=eloabder-20&linkCode=osi&th=1&psc=1"><img src="https://m.media-amazon.com/images/I/51GS6ht5RsS._SL500_.jpg" alt="Product Image"></a><p>Brusarth Professional Charcoal Pencils Drawing Set - 6 Pieces Soft Medium and Hard Charcoal Pencils for Drawing, Sketching, Shading</p><p>$5.57</p><a href="https://www.amazon.com/dp/B093D6Q4V2?tag=eloabder-20&linkCode=osi&th=1&psc=1">View Product</a></div><div class="product"><a href="https://www.amazon.com/dp/B000VXONF4?tag=eloabder-20&linkCode=osi&th=1&psc=1"><img src="https://m.media-amazon.com/images/I/51DxvUPz4nL._SL500_.jpg" alt="Product Image"></a><p>General Pencil 957ABP Compressed Charcoal Sticks 4/Pkg-Black - Soft Assorted</p><p>$6.09 ($1.52 / Count)</p><a href="https://www.amazon.com/dp/B000VXONF4?tag=eloabder-20&linkCode=osi&th=1&psc=1">View Product</a></div><div class="product"><a href="https://www.amazon.com/dp/B0BZSZ2W1B?tag=eloabder-20&linkCode=osi&th=1&psc=1"><img src="https://m.media-amazon.com/images/I/41aJEjrQ16L._SL500_.jpg" alt="Product Image"></a><p>ANNECOSK Willow Charcoal Sticks, 10PCS Willow Charcoal Pencils for Artists Drawing, Sketching</p><p>$7.99</p><a href="https://www.amazon.com/dp/B0BZSZ2W1B?tag=eloabder-20&linkCode=osi&th=1&psc=1">View Product</a></div><div class="product"><a href="https://www.amazon.com/dp/B088K31QB7?tag=eloabder-20&linkCode=osi&th=1&psc=1"><img src="https://m.media-amazon.com/images/I/51giSzQeUzL._SL500_.jpg" alt="Product Image"></a><p>MARKART Professional Charcoal Pencils Drawing Set - 10 Pieces Soft Medium and Hard Charcoal Pencils for Drawing, Sketching, Shading</p><p>$5.99</p><a href="https://www.amazon.com/dp/B088K31QB7?tag=eloabder-20&linkCode=osi&th=1&psc=1">View Product</a></div><div class="product"><a href="https://www.amazon.com/dp/B0CHM9YB18?tag=eloabder-20&linkCode=osi&th=1&psc=1"><img src="https://m.media-amazon.com/images/I/51-cFJewi5L._SL500_.jpg" alt="Product Image"></a><p>PANDAFLY Willow Charcoal Sticks, Soft, Black Artist Vine Charcoal for Artists, Beginners, Students, Great for Sketching, Drawing, Shading and Fine Art, 7-9mm, 25 Pack</p><p>$7.99</p><a href="https://www.amazon.com/dp/B0CHM9YB18?tag=eloabder-20&linkCode=osi&th=1&psc=1">View Product</a></div><div class="product"><a href="https://www.amazon.com/dp/B004O7FFR8?tag=eloabder-20&linkCode=osi&th=1&psc=1"><img src="https://m.media-amazon.com/images/I/51JJnYm-n2L._SL500_.jpg" alt="Product Image"></a><p>Strathmore 300 Series Charcoal Paper Pad, Top Wire Bound, 9x12 inches, 32 Sheets (64lb/95g) - Artist Paper for Adults and Students - Charcoal and Pastel</p><p>$8.86</p><a href="https://www.amazon.com/dp/B004O7FFR8?tag=eloabder-20&linkCode=osi&th=1&psc=1">View Product</a></div><div class="product"><a href="https://www.amazon.com/dp/B09KY8MT2T?tag=eloabder-20&linkCode=osi&th=1&psc=1"><img src="https://m.media-amazon.com/images/I/31buTPEV5IL._SL500_.jpg" alt="Product Image"></a><p>Raven Powders Premium Charcoal Powder for Drawing and Art</p><p>$9.99</p><a href="https://www.amazon.com/dp/B09KY8MT2T?tag=eloabder-20&linkCode=osi&th=1&psc=1">View Product</a></div><div class="product"><a href="https://www.amazon.com/dp/B0021IK626?tag=eloabder-20&linkCode=osi&th=1&psc=1"><img src="https://m.media-amazon.com/images/I/317wgA0GITL._SL500_.jpg" alt="Product Image"></a><p>Winsor & Newton Artist Vine Charcoal Sticks, Soft, Box of 12 Sticks</p><p>$10.56</p><a href="https://www.amazon.com/dp/B0021IK626?tag=eloabder-20&linkCode=osi&th=1&psc=1">View Product</a></div>
<div class="product"><a href="https://www.amazon.com/dp/B0CHF9KZSW?tag=eloabder-20&linkCode=osi&th=1&psc=1"><img src="https://m.media-amazon.com/images/I/61lm2iV1gGL._SL500_.jpg" alt="Product Image"></a><p>KALOUR Professional Charcoal Pencils Drawing Set -12 Pieces Soft, Medium and Hard Charcoal Pencils for Drawing, Sketching, Shading, Artist Pencils for Beginners & Artists</p><p>$5.99</p><a href="https://www.amazon.com/dp/B0CHF9KZSW?tag=eloabder-20&linkCode=osi&th=1&psc=1">View Product</a></div><div class="product"><a href="https://www.amazon.com/dp/B0D41JG73W?tag=eloabder-20&linkCode=osi&th=1&psc=1"><img src="https://m.media-amazon.com/images/I/41K5KaeEE0L._SL500_.jpg" alt="Product Image"></a><p>Aenir White Charcoal Pencils, Pack of 12 Charcoal Drawing Pencils, Charcoal Pencils for Artists, Art Supplies for Drawing and Highlighting, Charcoal Pencils for Drawing, Sketching, Shading & Coloring.</p><p>$7.99</p><a href="https://www.amazon.com/dp/B0D41JG73W?tag=eloabder-20&linkCode=osi&th=1&psc=1">View Product</a></div><div class="product"><a href="https://www.amazon.com/dp/B004BPNUMA?tag=eloabder-20&linkCode=osi&th=1&psc=1"><img src="https://m.media-amazon.com/images/I/41EWfMXntlL._SL500_.jpg" alt="Product Image"></a><p>Peel & Sketch Charcoal Pencils 3/Pkg-</p><p>$6.96</p><a href="https://www.amazon.com/dp/B004BPNUMA?tag=eloabder-20&linkCode=osi&th=1&psc=1">View Product</a></div><div class="product"><a href="https://www.amazon.com/dp/B0C5V1QWPJ?tag=eloabder-20&linkCode=osi&th=1&psc=1"><img src="https://m.media-amazon.com/images/I/51bZBOoKtoL._SL500_.jpg" alt="Product Image"></a><p>Brusarth Charcoal Drawing Set -12 pc Black charcoal pencils, White Charcoal Pencils, Eraser Pencils, Blending Stumps for Drawing, Sketching, Shading, Artist Pencils for Beginners & Artists</p><p>$7.99</p><a href="https://www.amazon.com/dp/B0C5V1QWPJ?tag=eloabder-20&linkCode=osi&th=1&psc=1">View Product</a></div>
<div class="product"><a href="https://www.amazon.com/dp/B001BYK7RA?tag=eloabder-20&linkCode=osi&th=1&psc=1"><img src="https://m.media-amazon.com/images/I/316EZYjc1XL._SL500_.jpg" alt="Product Image"></a><p>Winsor & Newton Artist Vine Charcoal Sticks, Soft, Box of 3 Sticks</p><p>$4.09 ($1.36 / Count)</p><a href="https://www.amazon.com/dp/B001BYK7RA?tag=eloabder-20&linkCode=osi&th=1&psc=1">View Product</a></div>
<div class="product"><a href="https://www.amazon.com/dp/B08LR2TBPG?tag=eloabder-20&linkCode=osi&th=1&psc=1"><img src="https://m.media-amazon.com/images/I/31VBhMwmhTL._SL500_.jpg" alt="Product Image"></a><p>Chipboard Sheets 8.5" x 11" - 100 Sheets of 22 Point Chip Board for Crafts - This Kraft Board is a Great Alternative to MDF Board and Cardboard Sheets</p><p>$19.97</p><a href="https://www.amazon.com/dp/B08LR2TBPG?tag=eloabder-20&linkCode=osi&th=1&psc=1">View Product</a></div><div class="product"><a href="https://www.amazon.com/dp/B079F1FYG3?tag=eloabder-20&linkCode=osi&th=1&psc=1"><img src="https://m.media-amazon.com/images/I/41-kpBNtjSL._SL500_.jpg" alt="Product Image"></a><p>100 Thick Kraft Chipboard (30pt) - 8 1/2" x 11" - Perfect for Scrapbooking, Crafts & Product Backing…</p><p>$19.95</p><a href="https://www.amazon.com/dp/B079F1FYG3?tag=eloabder-20&linkCode=osi&th=1&psc=1">View Product</a></div><div class="product"><a href="https://www.amazon.com/dp/B07BYPGP5H?tag=eloabder-20&linkCode=osi&th=1&psc=1"><img src="https://m.media-amazon.com/images/I/31rUtsWIN5L._SL500_.jpg" alt="Product Image"></a><p>100 Chipboard Sheets 8 x 10 inch - 22pt (point) Light Weight Brown Kraft Cardboard for Scrapbooking & Picture Frame Backing (.022 Caliper Thick) Paper Board | MagicWater Supply</p><p>$21.99</p><a href="https://www.amazon.com/dp/B07BYPGP5H?tag=eloabder-20&linkCode=osi&th=1&psc=1">View Product</a></div><div class="product"><a href="https://www.amazon.com/dp/B07BYP99DJ?tag=eloabder-20&linkCode=osi&th=1&psc=1"><img src="https://m.media-amazon.com/images/I/31EMxvnjGrL._SL500_.jpg" alt="Product Image"></a><p>25 Chipboard Sheets 11 x 17 inch - 50pt (point) Heavy Weight Brown Kraft Cardboard for Scrapbooking & Picture Frame Backing (.050 Caliper Thick) Paper Board | MagicWater Supply</p><p>$26.99</p><a href="https://www.amazon.com/dp/B07BYP99DJ?tag=eloabder-20&linkCode=osi&th=1&psc=1">View Product</a></div><div class="product"><a href="https://www.amazon.com/dp/B07BYFXJDL?tag=eloabder-20&linkCode=osi&th=1&psc=1"><img src="https://m.media-amazon.com/images/I/310RbtxO26L._SL500_.jpg" alt="Product Image"></a><p>100 Chipboard Sheets 5 x 7 inch - 22pt (point) Light Weight Brown Kraft Cardboard for Scrapbooking & Picture Frame Backing (.022 Caliper Thick) Paper Board | MagicWater Supply</p><p>$14.99</p><a href="https://www.amazon.com/dp/B07BYFXJDL?tag=eloabder-20&linkCode=osi&th=1&psc=1">View Product</a></div><div class="product"><a href="https://www.amazon.com/dp/B0B6GK2MFD?tag=eloabder-20&linkCode=osi&th=1&psc=1"><img src="https://m.media-amazon.com/images/I/31-IEV+iYgL._SL500_.jpg" alt="Product Image"></a><p>10 EcoSwift 8.5x11 Chipboard Cardboard Craft Scrapbook Material Scrapbooking Packaging Sheets Shipping Pads Inserts 8 1/2 inch x 11 inch Chip Board</p><p>$4.99</p><a href="https://www.amazon.com/dp/B0B6GK2MFD?tag=eloabder-20&linkCode=osi&th=1&psc=1">View Product</a></div><div class="product"><a href="https://www.amazon.com/dp/B07BYKB2ZL?tag=eloabder-20&linkCode=osi&th=1&psc=1"><img src="https://m.media-amazon.com/images/I/31WIwma4xfL._SL500_.jpg" alt="Product Image"></a><p>Chipboard Sheets 8.5 x 11 inch - 50pt (Point) Heavy Weight Brown Kraft Cardboard for Scrapbooking & Picture Frame Backing (.050 Caliper Thick) Paper Board | MagicWater Supply (Kraft 100 Pack)</p><p>$38.99</p><a href="https://www.amazon.com/dp/B07BYKB2ZL?tag=eloabder-20&linkCode=osi&th=1&psc=1">View Product</a></div><div class="product"><a href="https://www.amazon.com/dp/B00161W6L8?tag=eloabder-20&linkCode=osi&th=1&psc=1"><img src="https://m.media-amazon.com/images/I/41MflHlo3JL._SL500_.jpg" alt="Product Image"></a><p>GRAFIX Natural Medium Weight Chipboard Sheets 8.5"X11" 25/Pkg, 8.5"x11"x0.057", Count</p><p>$15.14 ($0.61 / Count)</p><a href="https://www.amazon.com/dp/B00161W6L8?tag=eloabder-20&linkCode=osi&th=1&psc=1">View Product</a></div><div class="product"><a href="https://www.amazon.com/dp/B0013JRFUA?tag=eloabder-20&linkCode=osi&th=1&psc=1"><img src="https://m.media-amazon.com/images/I/41JzQAJkDoL._SL500_.jpg" alt="Product Image"></a><p>Grafix Medium Weight Acid-Free 0.057” Chipboard Sheets, Create Three-Dimensional Embellishments for Cards, Papercrafts, Mixed Media, Home Décor, and More, 12 x 12, Natural, 25 Count</p><p>$14.51 ($0.58 / Count)</p><a href="https://www.amazon.com/dp/B0013JRFUA?tag=eloabder-20&linkCode=osi&th=1&psc=1">View Product</a></div>








<div class="product"><a href="https://www.amazon.com/dp/B0C2YPJDFL?tag=eloabder-20&linkCode=osi&th=1&psc=1"><img src="https://m.media-amazon.com/images/I/51WB6B3vguL._SL500_.jpg" alt="Product Image"></a><p>Yagol Colored Pencils for Adult Coloring Books, 72 Colored Professional Drawing Pencils, Coloring Pencils for Adults Beginners kids & Pro.</p><p>$9.99</p><a href="https://www.amazon.com/dp/B0C2YPJDFL?tag=eloabder-20&linkCode=osi&th=1&psc=1">View Product</a></div><div class="product"><a href="https://www.amazon.com/dp/B01N09ZDEI?tag=eloabder-20&linkCode=osi&th=1&psc=1"><img src="https://m.media-amazon.com/images/I/51awfumPEiL._SL500_.jpg" alt="Product Image"></a><p>Soucolor 72-Color Colored Pencils for Adult Coloring Books, Back to School Supplies, Soft Core Artist Sketching Drawing Pencils Drawing Supplies, Art Supplies Kit for Adults Kids, Coloring Pencils Set</p><p>$9.99</p><a href="https://www.amazon.com/dp/B01N09ZDEI?tag=eloabder-20&linkCode=osi&th=1&psc=1">View Product</a></div><div class="product"><a href="https://www.amazon.com/dp/B0B772BZ4G?tag=eloabder-20&linkCode=osi&th=1&psc=1"><img src="https://m.media-amazon.com/images/I/41VSyVENyTL._SL500_.jpg" alt="Product Image"></a><p>FUNLAVIE Colored Pencils 48 Coloring Pencils Premium Professional Art Drawing Pencil for Adults Coloring Book</p><p>$9.99</p><a href="https://www.amazon.com/dp/B0B772BZ4G?tag=eloabder-20&linkCode=osi&th=1&psc=1">View Product</a></div><div class="product"><a href="https://www.amazon.com/dp/B0B8MFGW36?tag=eloabder-20&linkCode=osi&th=1&psc=1"><img src="https://m.media-amazon.com/images/I/51umBJsfZDL._SL500_.jpg" alt="Product Image"></a><p>KALOUR Premium Colored Pencils,Set of 120 Colors,Artists Soft Core with Vibrant Color,Ideal for Drawing Sketching Shading,Coloring Pencils for Adults Beginners kids</p><p>$24.99</p><a href="https://www.amazon.com/dp/B0B8MFGW36?tag=eloabder-20&linkCode=osi&th=1&psc=1">View Product</a></div><div class="product"><a href="https://www.amazon.com/dp/B0D5GSMGMG?tag=eloabder-20&linkCode=osi&th=1&psc=1"><img src="https://m.media-amazon.com/images/I/41aprDliB4L._SL500_.jpg" alt="Product Image"></a><p>Colored Pencils for Adult Coloring Books, Set of 72 Color Pencils, Oil-Based Core Drawing Pencils, 3.8mm Soft Leads with Adult Coloring Pencils, Professional Art Supplies for Adults, Beginner and Kids</p><p>$9.99</p><a href="https://www.amazon.com/dp/B0D5GSMGMG?tag=eloabder-20&linkCode=osi&th=1&psc=1">View Product</a></div><div class="product"><a href="https://www.amazon.com/dp/B0CZBPK6L5?tag=eloabder-20&linkCode=osi&th=1&psc=1"><img src="https://m.media-amazon.com/images/I/31Q1khczz5L._SL500_.jpg" alt="Product Image"></a><p>Colored Pencils for Adult Coloring Books, 72 Colors Drawing Pencils with Oil-Based Cores, Professional Art Supplies for Artists, Coloring Pencils for Adults, Color Pencils Set for Beginners and Teens.</p><p>$9.49</p><a href="https://www.amazon.com/dp/B0CZBPK6L5?tag=eloabder-20&linkCode=osi&th=1&psc=1">View Product</a></div>
<div class="product"><a href="https://www.amazon.com/dp/B0BTJRPJHJ?tag=eloabder-20&linkCode=osi&th=1&psc=1"><img src="https://m.media-amazon.com/images/I/61eh6iSlGRL._SL500_.jpg" alt="Product Image"></a><p>READY 2 LEARN Colored Sand - Turquoise - 2.2 lbs - Play Sand for Kids - Perfect for Arts and Crafts, Sensory Bins, Wedding Decorations and Vase Filler</p><p>$9.32</p><a href="https://www.amazon.com/dp/B0BTJRPJHJ?tag=eloabder-20&linkCode=osi&th=1&psc=1">View Product</a></div><div class="product"><a href="https://www.amazon.com/dp/B0BTJWH6L3?tag=eloabder-20&linkCode=osi&th=1&psc=1"><img src="https://m.media-amazon.com/images/I/61OHaobOoGL._SL500_.jpg" alt="Product Image"></a><p>READY 2 LEARN Colored Sand - Light Blue - 2.2 lbs - Play Sand for Kids - Perfect for Wedding Unity Ceremonies, Crafts, Sensory Bins and Vase Filler</p><p>$9.99</p><a href="https://www.amazon.com/dp/B0BTJWH6L3?tag=eloabder-20&linkCode=osi&th=1&psc=1">View Product</a></div><div class="product"><a href="https://www.amazon.com/dp/B00DZS4AA0?tag=eloabder-20&linkCode=osi&th=1&psc=1"><img src="https://m.media-amazon.com/images/I/41htpdoeWSL._SL500_.jpg" alt="Product Image"></a><p>Activa Pink Decorative Colored Sand in Resealable Bag, 5lb (2.27kg) | Fine Grain & Fade-Proof Sand For Arts & Crafts</p><p>$8.99</p><a href="https://www.amazon.com/dp/B00DZS4AA0?tag=eloabder-20&linkCode=osi&th=1&psc=1">View Product</a></div><div class="product"><a href="https://www.amazon.com/dp/B00GNED6YE?tag=eloabder-20&linkCode=osi&th=1&psc=1"><img src="https://m.media-amazon.com/images/I/41T-AKVqV5L._SL500_.jpg" alt="Product Image"></a><p>Sandsational Sparkle Champagne Unity Sand - 1.5 LB (22oz), Beige Colored Sand for Weddings, Vase Filler, Home Décor, Craft Sand, Aquarium Sand, and More</p><p>$15.99</p><a href="https://www.amazon.com/dp/B00GNED6YE?tag=eloabder-20&linkCode=osi&th=1&psc=1">View Product</a></div><div class="product"><a href="https://www.amazon.com/dp/B007VC4F6A?tag=eloabder-20&linkCode=osi&th=1&psc=1"><img src="https://m.media-amazon.com/images/I/51EtMIBeueL._SL500_.jpg" alt="Product Image"></a><p>Sandsational Sparkle Tropic Blue Unity Sand, 1 LB (16 oz), Colored Sand for Weddings, Vase Filler, Home Décor, Craft Sand, Aquarium Sand, and More</p><p>$9.99</p><a href="https://www.amazon.com/dp/B007VC4F6A?tag=eloabder-20&linkCode=osi&th=1&psc=1">View Product</a></div><div class="product"><a href="https://www.amazon.com/dp/B007VC497K?tag=eloabder-20&linkCode=osi&th=1&psc=1"><img src="https://m.media-amazon.com/images/I/51oZOs1VRDL._SL500_.jpg" alt="Product Image"></a><p>Sandsational Sparkle Burnt Orange Unity Sand, 1 LB (16 oz), Colored Sand for Weddings, Vase Filler, Home Décor, Craft Sand, Aquarium Sand, and More</p><p>$9.99</p><a href="https://www.amazon.com/dp/B007VC497K?tag=eloabder-20&linkCode=osi&th=1&psc=1">View Product</a></div><div class="product"><a href="https://www.amazon.com/dp/B004BN9WWY?tag=eloabder-20&linkCode=osi&th=1&psc=1"><img src="https://m.media-amazon.com/images/I/41Hehnr6HkL._SL500_.jpg" alt="Product Image"></a><p>Activa Turquoise Decorative Colored Sand in Resealable Bag, 5lb (2.27kg) | Fine Grain & Fade-Proof Sand For Arts & Crafts</p><p>$17.99 ($0.22 / Ounce)</p><a href="https://www.amazon.com/dp/B004BN9WWY?tag=eloabder-20&linkCode=osi&th=1&psc=1">View Product</a></div><div class="product"><a href="https://www.amazon.com/dp/B007VC4CMM?tag=eloabder-20&linkCode=osi&th=1&psc=1"><img src="https://m.media-amazon.com/images/I/51MDELk9-bL._SL500_.jpg" alt="Product Image"></a><p>Sandsational Sparkle Hazelnut Unity Sand, 1 LB (16 oz), Colored Sand for Weddings, Vase Filler, Home Décor, Craft Sand, Aquarium Sand, and More</p><p>$9.99</p><a href="https://www.amazon.com/dp/B007VC4CMM?tag=eloabder-20&linkCode=osi&th=1&psc=1">View Product</a></div>

<div class="product"><a href="https://www.amazon.com/dp/B0868M9MFP?tag=eloabder-20&linkCode=osi&th=1&psc=1"><img src="https://m.media-amazon.com/images/I/41MathwPKuL._SL500_.jpg" alt="Product Image"></a><p>SIMETUFY 360 Sheets 36 Multicolor Tissue Paper Bulk Gift Wrapping Tissue Paper Decorative Art Rainbow Tissue Paper 11.5in x 8in for Art Craft Floral Birthday Party Festival Tissue Paper Pom Pom</p><p>$6.98 ($0.02 / Count)</p><a href="https://www.amazon.com/dp/B0868M9MFP?tag=eloabder-20&linkCode=osi&th=1&psc=1">View Product</a></div><div class="product"><a href="https://www.amazon.com/dp/B0CZNYNJL3?tag=eloabder-20&linkCode=osi&th=1&psc=1"><img src="https://m.media-amazon.com/images/I/41ZspqqmKpL._SL500_.jpg" alt="Product Image"></a><p>160 Sheets Colored Tissue Paper, Tissue Paper Bulk 14 X 20 Inches Tissue Paper for Gift Bags Wrapping DIY Crafts Wedding Birthday</p><p>$7.99 ($0.03 / Sq Ft)</p><a href="https://www.amazon.com/dp/B0CZNYNJL3?tag=eloabder-20&linkCode=osi&th=1&psc=1">View Product</a></div><div class="product"><a href="https://www.amazon.com/dp/B07QY9FQN2?tag=eloabder-20&linkCode=osi&th=1&psc=1"><img src="https://m.media-amazon.com/images/I/51DR9nknn7L._SL500_.jpg" alt="Product Image"></a><p>120 Sheets Colored Tissue Paper Bulk Wrapping Craft Paper 20 x 26" for Art Gift Tissue Decoration (24 Colors)</p><p>$15.59 ($0.13 / Count)</p><a href="https://www.amazon.com/dp/B07QY9FQN2?tag=eloabder-20&linkCode=osi&th=1&psc=1">View Product</a></div><div class="product"><a href="https://www.amazon.com/dp/B0CWR5FKGQ?tag=eloabder-20&linkCode=osi&th=1&psc=1"><img src="https://m.media-amazon.com/images/I/31iRzSH4cbL._SL500_.jpg" alt="Product Image"></a><p>Hlonon 100 Sheets Colored Tissue Paper 12×20 Inch Tissue Paper Bulk Gift Wrapping for Gift Bags DIY Crafts Birthday Wedding Holidays Decor 10 Colors</p><p>$4.59</p><a href="https://www.amazon.com/dp/B0CWR5FKGQ?tag=eloabder-20&linkCode=osi&th=1&psc=1">View Product</a></div><div class="product"><a href="https://www.amazon.com/dp/B09RXR9SXB?tag=eloabder-20&linkCode=osi&th=1&psc=1"><img src="https://m.media-amazon.com/images/I/51xWE-5f2lL._SL500_.jpg" alt="Product Image"></a><p>120 Sheets Colored Tissue Paper for Gift Bags - 25 Assorted Colors Tissue Paper for Packaging Bulk Colored Tissue Paper for Gift Wrapping -Tissue Paper Bulk for Crafts Large 20 X 26 Sheets</p><p>$13.99 ($0.12 / Count)</p><a href="https://www.amazon.com/dp/B09RXR9SXB?tag=eloabder-20&linkCode=osi&th=1&psc=1">View Product</a></div><div class="product"><a href="https://www.amazon.com/dp/B0BWPNFLXM?tag=eloabder-20&linkCode=osi&th=1&psc=1"><img src="https://m.media-amazon.com/images/I/51KYkgeBLCL._SL500_.jpg" alt="Product Image"></a><p>Colored Tissue Paper for Gift Bags, Colored Tissue Paper for Crafts, Gift Wrapping Tissue Paper Bulk - 375 Sheets in 36 Assorted Colors (12 in x 8.4 in)</p><p>$12.99 ($0.03 / Count)</p><a href="https://www.amazon.com/dp/B0BWPNFLXM?tag=eloabder-20&linkCode=osi&th=1&psc=1">View Product</a></div><div class="product"><a href="https://www.amazon.com/dp/B0D1JYM64F?tag=eloabder-20&linkCode=osi&th=1&psc=1"><img src="https://m.media-amazon.com/images/I/41wvUKH9PbL._SL500_.jpg" alt="Product Image"></a><p>Phinus 6300 Pcs 1 Inch Tissue Paper Squares, Tissue Paper for Crafts, 42 Assorted Colored Tissue Paper, Colors Art Rainbow Tissue Paper Bulk for Crafts, Art Projects, Birthday Party</p><p>$5.99</p><a href="https://www.amazon.com/dp/B0D1JYM64F?tag=eloabder-20&linkCode=osi&th=1&psc=1">View Product</a></div>
<div class="product"><a href="https://www.amazon.com/dp/B085DP36VF?tag=eloabder-20&linkCode=osi&th=1&psc=1"><img src="https://m.media-amazon.com/images/I/516vaNkg0iL._SL500_.jpg" alt="Product Image"></a><p>Soucolor Art Brush Markers Pens for Adult Coloring Books, 34 Colors Numbered Dual Tip (Brush and Fine Point) Marker Pen for Kids Note taking Planner Lettering Calligraphy Drawing Preppy School Stuff</p><p>$9.99</p><a href="https://www.amazon.com/dp/B085DP36VF?tag=eloabder-20&linkCode=osi&th=1&psc=1">View Product</a></div><div class="product"><a href="https://www.amazon.com/dp/B075WQPKNK?tag=eloabder-20&linkCode=osi&th=1&psc=1"><img src="https://m.media-amazon.com/images/I/51EOXvmdwnL._SL500_.jpg" alt="Product Image"></a><p>Dual Brush Marker Pens for Coloring Books, Tanmit Fine Tip Coloring Marker & Brush Pen Set for Journaling Note Taking Writing Planning Art Project</p><p>$7.97</p><a href="https://www.amazon.com/dp/B075WQPKNK?tag=eloabder-20&linkCode=osi&th=1&psc=1">View Product</a></div>
<div class="product"><a href="https://www.amazon.com/dp/B0BWH7CWFW?tag=eloabder-20&linkCode=osi&th=1&psc=1"><img src="https://m.media-amazon.com/images/I/51jUg2AkDyL._SL500_.jpg" alt="Product Image"></a><p>AnyMark 60 Colors Alcohol Markers, Markers Set, Dual Tip Alcohol Based Art Markers for Kids Adults Coloring Drawing, Chisel & Fine</p><p>$19.99 ($0.33 / Count)</p><a href="https://www.amazon.com/dp/B0BWH7CWFW?tag=eloabder-20&linkCode=osi&th=1&psc=1">View Product</a></div><div class="product"><a href="https://www.amazon.com/dp/B07CJ8QXF8?tag=eloabder-20&linkCode=osi&th=1&psc=1"><img src="https://m.media-amazon.com/images/I/51bChi4-H4L._SL500_.jpg" alt="Product Image"></a><p>Dual Markers Brush Pens, 36 Fine Point Art Marker, Double Tip Colored Pen for Adult Coloring Hand Lettering, School Classroom Art Suppliers</p><p>$9.99</p><a href="https://www.amazon.com/dp/B07CJ8QXF8?tag=eloabder-20&linkCode=osi&th=1&psc=1">View Product</a></div><div class="product"><a href="https://www.amazon.com/dp/B0CMLFSJ32?tag=eloabder-20&linkCode=osi&th=1&psc=1"><img src="https://m.media-amazon.com/images/I/51tOlopoSsL._SL500_.jpg" alt="Product Image"></a><p>TOSHARE Double Brush Marker Pens, 72 Colors Art Markers Set with Fine Tip and Brush Tip for Kids Adult Coloring Book Hand Lettering Calligraphy Drawing Art Supplies Kit</p><p>$29.99</p><a href="https://www.amazon.com/dp/B0CMLFSJ32?tag=eloabder-20&linkCode=osi&th=1&psc=1">View Product</a></div><div class="product"><a href="https://www.amazon.com/dp/B0BYD5M7LQ?tag=eloabder-20&linkCode=osi&th=1&psc=1"><img src="https://m.media-amazon.com/images/I/51sfVuA2MJL._SL500_.jpg" alt="Product Image"></a><p>AnyMark 48 Colors Alcohol Markers, Markers Set, Dual Tip Alcohol Based Art Markers for Kids Adults Coloring Drawing, Chisel & Fine</p><p>$12.99 ($0.27 / Count)</p><a href="https://www.amazon.com/dp/B0BYD5M7LQ?tag=eloabder-20&linkCode=osi&th=1&psc=1">View Product</a></div><div class="product"><a href="https://www.amazon.com/dp/B078N2RFJ9?tag=eloabder-20&linkCode=osi&th=1&psc=1"><img src="https://m.media-amazon.com/images/I/415IZ1EQzEL._SL500_.jpg" alt="Product Image"></a><p>MemOffice 80 Colors Dual Tip Artist Alcohol Markers Set with Carrying Case - Perfect for Coloring, Drawing, Sketching, Card Making and Illustration - Perfect for Adults and Kids</p><p>$22.99</p><a href="https://www.amazon.com/dp/B078N2RFJ9?tag=eloabder-20&linkCode=osi&th=1&psc=1">View Product</a></div><div class="product"><a href="https://www.amazon.com/dp/B0891WKPN3?tag=eloabder-20&linkCode=osi&th=1&psc=1"><img src="https://m.media-amazon.com/images/I/51qPnBJt4QL._SL500_.jpg" alt="Product Image"></a><p>Caliart 34 Double Tip Brush Pens Art Markers, Aesthetic Cute Preppy Stuff School Supplies, Artist Fine & Brush Pen Coloring Markers for Kids Adult Book Cards Drawing Craft Kit Teacher Office Supplies</p><p>$9.99</p><a href="https://www.amazon.com/dp/B0891WKPN3?tag=eloabder-20&linkCode=osi&th=1&psc=1">View Product</a></div><div class="product"><a href="https://www.amazon.com/dp/B08GX1FXG5?tag=eloabder-20&linkCode=osi&th=1&psc=1"><img src="https://m.media-amazon.com/images/I/61VK97q6UUL._SL500_.jpg" alt="Product Image"></a><p>Mogyann Markers for Adult 100 Colors Dual Tip Pens with Fine and Brush Tip for Coloring and Calligraphy Drawing</p><p>$26.99</p><a href="https://www.amazon.com/dp/B08GX1FXG5?tag=eloabder-20&linkCode=osi&th=1&psc=1">View Product</a></div>
<div class="product"><a href="https://www.amazon.com/dp/B002LARR8A?tag=eloabder-20&linkCode=osi&th=1&psc=1"><img src="https://m.media-amazon.com/images/I/41G5vXNB91L._SL500_.jpg" alt="Product Image"></a><p>Prang (Formerly SunWorks) Construction Paper, 10 Assorted Colors, 12" x 18", 100 Sheets</p><p>$13.09</p><a href="https://www.amazon.com/dp/B002LARR8A?tag=eloabder-20&linkCode=osi&th=1&psc=1">View Product</a></div><div class="product"><a href="https://www.amazon.com/dp/B001AZ9S6G?tag=eloabder-20&linkCode=osi&th=1&psc=1"><img src="https://m.media-amazon.com/images/I/41kI6AxAEvL._SL500_.jpg" alt="Product Image"></a><p>Prang (Formerly SunWorks) Construction Paper, White, 12" x 18", 50 Sheets</p><p>$6.86</p><a href="https://www.amazon.com/dp/B001AZ9S6G?tag=eloabder-20&linkCode=osi&th=1&psc=1">View Product</a></div>

<div class="product"><a href="https://www.amazon.com/dp/B003JJIEKC?tag=eloabder-20&linkCode=osi&th=1&psc=1"><img src="https://m.media-amazon.com/images/I/51CnC6280iL._SL500_.jpg" alt="Product Image"></a><p>2 Rolls/Pack 7/32 Copper Foil (Copper Backed)</p><p>$24.21</p><a href="https://www.amazon.com/dp/B003JJIEKC?tag=eloabder-20&linkCode=osi&th=1&psc=1">View Product</a></div><div class="product"><a href="https://www.amazon.com/dp/B0CXXD14QS?tag=eloabder-20&linkCode=osi&th=1&psc=1"><img src="https://m.media-amazon.com/images/I/31MLEFbqdaL._SL500_.jpg" alt="Product Image"></a><p>YEZHET 7/32 Inch Black Backed Copper foil for Stained Glass (2Roll)</p><p>$16.99</p><a href="https://www.amazon.com/dp/B0CXXD14QS?tag=eloabder-20&linkCode=osi&th=1&psc=1">View Product</a></div><div class="product"><a href="https://www.amazon.com/dp/B00359QVPG?tag=eloabder-20&linkCode=osi&th=1&psc=1"><img src="https://m.media-amazon.com/images/I/41hRCFiP1dL._SL500_.jpg" alt="Product Image"></a><p>Edco 3/16 Black Backed Copper Foil</p><p>$14.75</p><a href="https://www.amazon.com/dp/B00359QVPG?tag=eloabder-20&linkCode=osi&th=1&psc=1">View Product</a></div><div class="product"><a href="https://www.amazon.com/dp/B004BNDZSG?tag=eloabder-20&linkCode=osi&th=1&psc=1"><img src="https://m.media-amazon.com/images/I/519NZ7L73gL._SL500_.jpg" alt="Product Image"></a><p>Studio Pro 1/4-Inch Black Lined Copper Foil</p><p>$10.90</p><a href="https://www.amazon.com/dp/B004BNDZSG?tag=eloabder-20&linkCode=osi&th=1&psc=1">View Product</a></div><div class="product"><a href="https://www.amazon.com/dp/B0C3Z37LZK?tag=eloabder-20&linkCode=osi&th=1&psc=1"><img src="https://m.media-amazon.com/images/I/41bhh73eatL._SL500_.jpg" alt="Product Image"></a><p>YEZHET Copper Foil Tape 2 Pack (7/32Inch) with Double-Sided Conductive, for Stained Glass, Electrical Repairs, DIY Handicrafts, Paper Circuits, Crafting</p><p>$7.99 ($0.53 / Foot)</p><a href="https://www.amazon.com/dp/B0C3Z37LZK?tag=eloabder-20&linkCode=osi&th=1&psc=1">View Product</a></div><div class="product"><a href="https://www.amazon.com/dp/B00WVKO1LG?tag=eloabder-20&linkCode=osi&th=1&psc=1"><img src="https://m.media-amazon.com/images/I/31J15yH0QGL._SL500_.jpg" alt="Product Image"></a><p>K&S 6020 Metallic Copper Crafting Foil, 0.005" Thick x 12" Width x 30" Long, 1 Piece, Made in The USA</p><p>$14.89</p><a href="https://www.amazon.com/dp/B00WVKO1LG?tag=eloabder-20&linkCode=osi&th=1&psc=1">View Product</a></div>
<div class="product"><a href="https://www.amazon.com/dp/B08YJBQ7WZ?tag=eloabder-20&linkCode=osi&th=1&psc=1"><img src="https://m.media-amazon.com/images/I/51MPyR+wDWL._SL500_.jpg" alt="Product Image"></a><p>45 Color Options Macrame Cord 2mm/3mm/4mm/5mm/6mmx109 Yards Cotton Cord, 4 Ply Twisted Yarn, Natural Perfect Supplies DIY Crafts (Natural White)</p><p>$4.98 ($0.02 / Foot)</p><a href="https://www.amazon.com/dp/B08YJBQ7WZ?tag=eloabder-20&linkCode=osi&th=1&psc=1">View Product</a></div><div class="product"><a href="https://www.amazon.com/dp/B07ZGD2G6B?tag=eloabder-20&linkCode=osi&th=1&psc=1"><img src="https://m.media-amazon.com/images/I/51pexzF494L._SL500_.jpg" alt="Product Image"></a><p>Tenn Well Leather String, 100 Yards 2.6mm Flat Suede Cord, Faux Leather Cord for Jewelry Making, Necklaces, Bracelets, Dream Catchers and DIY Crafts (Brown)</p><p>$9.99 ($0.03 / Foot)</p><a href="https://www.amazon.com/dp/B07ZGD2G6B?tag=eloabder-20&linkCode=osi&th=1&psc=1">View Product</a></div><div class="product"><a href="https://www.amazon.com/dp/B0CQF1LC2R?tag=eloabder-20&linkCode=osi&th=1&psc=1"><img src="https://m.media-amazon.com/images/I/51O0PgsjtpL._SL500_.jpg" alt="Product Image"></a><p>Anezus Rainbow Color Nylon Cord, Nylon Craft String, Silky Satin Rattail Cord Beading String for Braided Bracelets, Pendants Necklace, Macrame Keychains, Lanyards, Drawstring Bags, DIY Crafts, Sewing</p><p>$6.99 ($0.02 / Foot)</p><a href="https://www.amazon.com/dp/B0CQF1LC2R?tag=eloabder-20&linkCode=osi&th=1&psc=1">View Product</a></div><div class="product"><a href="https://www.amazon.com/dp/B0B7J9BZSN?tag=eloabder-20&linkCode=osi&th=1&psc=1"><img src="https://m.media-amazon.com/images/I/41Orf+Dg9FL._SL500_.jpg" alt="Product Image"></a><p>2 mm 330 Feet Satin Nylon Cord String for Jewelry Making Bracelet Necklaces Beading Thread Rattail Macrame Kumihimo Chinese Knot Craft</p><p>$7.99 ($0.02 / Foot)</p><a href="https://www.amazon.com/dp/B0B7J9BZSN?tag=eloabder-20&linkCode=osi&th=1&psc=1">View Product</a></div><div class="product"><a href="https://www.amazon.com/dp/B08PZ2VDPM?tag=eloabder-20&linkCode=osi&th=1&psc=1"><img src="https://m.media-amazon.com/images/I/51DQgq3cfXL._SL500_.jpg" alt="Product Image"></a><p>Tenn Well Nylon Satin Cord, 295 Feet 2mm Black Nylon String for Jewelry Making, Silky Rattail Cord for Bracelets, Necklaces, Macrame Keychains, Lanyards, Beading</p><p>$7.99 ($0.03 / Foot)</p><a href="https://www.amazon.com/dp/B08PZ2VDPM?tag=eloabder-20&linkCode=osi&th=1&psc=1">View Product</a></div><div class="product"><a href="https://www.amazon.com/dp/B07TW9PGGB?tag=eloabder-20&linkCode=osi&th=1&psc=1"><img src="https://m.media-amazon.com/images/I/41C73YuzTWL._SL500_.jpg" alt="Product Image"></a><p>Macrame Cord,3mm x109 Yards 100% Natural Macrame Cords Colored Cotton Macrame Rope Craft Cord for DIY Crafts Knitting Plant Hangers Christmas Wedding Decor(Natural Color/Beige)</p><p>$4.98 ($0.02 / Foot)</p><a href="https://www.amazon.com/dp/B07TW9PGGB?tag=eloabder-20&linkCode=osi&th=1&psc=1">View Product</a></div><div class="product"><a href="https://www.amazon.com/dp/B0CS27R34B?tag=eloabder-20&linkCode=osi&th=1&psc=1"><img src="https://m.media-amazon.com/images/I/31hxjVrOTnL._SL500_.jpg" alt="Product Image"></a><p>2 mm x 330 Feet Satin Nylon Cord, Silky Smooth Nylon String for Jewelry Making Bracelet Necklaces Beading Thread Rattail Macrame Kumihimo Chinese Knot Craft</p><p>$7.99 ($0.02 / Foot)</p><a href="https://www.amazon.com/dp/B0CS27R34B?tag=eloabder-20&linkCode=osi&th=1&psc=1">View Product</a></div><div class="product"><a href="https://www.amazon.com/dp/B07GX8B3PC?tag=eloabder-20&linkCode=osi&th=1&psc=1"><img src="https://m.media-amazon.com/images/I/416oClGC4ZL._SL500_.jpg" alt="Product Image"></a><p>Tenn Well 5mm Macrame Cord, 165Feet Braided Cotton Rope Thick Craft Twine for Macrame Plant Hangers, Wall Hangings, Drawstrings, Clothes Lines, DIY Crafts (Beige)</p><p>$8.99 ($0.05 / Foot)</p><a href="https://www.amazon.com/dp/B07GX8B3PC?tag=eloabder-20&linkCode=osi&th=1&psc=1">View Product</a></div>
<div class="product"><a href="https://www.amazon.com/dp/B08LV18F93?tag=eloabder-20&linkCode=osi&th=1&psc=1"><img src="https://m.media-amazon.com/images/I/51XMGht9fSL._SL500_.jpg" alt="Product Image"></a><p>uxcell 20pcs Corrugated Cardboard Paper Sheets,Colorful,7.87-inch x 11.82-inch,for Craft and DIY Projects</p><p>$12.49 ($0.62 / Count)</p><a href="https://www.amazon.com/dp/B08LV18F93?tag=eloabder-20&linkCode=osi&th=1&psc=1">View Product</a></div><div class="product"><a href="https://www.amazon.com/dp/B009MRH3R0?tag=eloabder-20&linkCode=osi&th=1&psc=1"><img src="https://m.media-amazon.com/images/I/51KvHbQ47aL._SL500_.jpg" alt="Product Image"></a><p>Hygloss Corrugated Cardboard Sheets, 8-Pack, 8 Pieces</p><p>$10.13 ($1.27 / Count)</p><a href="https://www.amazon.com/dp/B009MRH3R0?tag=eloabder-20&linkCode=osi&th=1&psc=1">View Product</a></div><div class="product"><a href="https://www.amazon.com/dp/B08LV1DHM7?tag=eloabder-20&linkCode=osi&th=1&psc=1"><img src="https://m.media-amazon.com/images/I/41CqXQkVMyL._SL500_.jpg" alt="Product Image"></a><p>uxcell 10pcs Corrugated Cardboard Paper Sheets,Black,7.87-inch x 11.84-inch,for Craft and DIY Projects</p><p>$8.09 ($0.81 / Count)</p><a href="https://www.amazon.com/dp/B08LV1DHM7?tag=eloabder-20&linkCode=osi&th=1&psc=1">View Product</a></div><div class="product"><a href="https://www.amazon.com/dp/B07RNHX8GZ?tag=eloabder-20&linkCode=osi&th=1&psc=1"><img src="https://m.media-amazon.com/images/I/51LdlT0J20L._SL500_.jpg" alt="Product Image"></a><p>Bright Creations Corrugated Cardboard Paper Sheets (8.5 x 11 in, Black, 48-Pack)</p><p>$16.99 ($0.35 / Count)</p><a href="https://www.amazon.com/dp/B07RNHX8GZ?tag=eloabder-20&linkCode=osi&th=1&psc=1">View Product</a></div><div class="product"><a href="https://www.amazon.com/dp/B07GZHK7KC?tag=eloabder-20&linkCode=osi&th=1&psc=1"><img src="https://m.media-amazon.com/images/I/51LbINh9qtL._SL500_.jpg" alt="Product Image"></a><p>64 Pack Colored Corrugated Cardboard Sheets for Crafts, Art Projects, DIY Signs, 8 Bright Colors (8.3 x 11.8 in)</p><p>$19.99 ($0.31 / Count)</p><a href="https://www.amazon.com/dp/B07GZHK7KC?tag=eloabder-20&linkCode=osi&th=1&psc=1">View Product</a></div><div class="product"><a href="https://www.amazon.com/dp/B08LV1FW8M?tag=eloabder-20&linkCode=osi&th=1&psc=1"><img src="https://m.media-amazon.com/images/I/41glvw8zT3L._SL500_.jpg" alt="Product Image"></a><p>uxcell 10pcs Corrugated Cardboard Paper Sheets,White,7.87-inch x 11.86-inch,for Craft and DIY Projects</p><p>$9.49 ($0.95 / Count)</p><a href="https://www.amazon.com/dp/B08LV1FW8M?tag=eloabder-20&linkCode=osi&th=1&psc=1">View Product</a></div><div class="product"><a href="https://www.amazon.com/dp/B071KP3K72?tag=eloabder-20&linkCode=osi&th=1&psc=1"><img src="https://m.media-amazon.com/images/I/41Dr9t+PB8L._SL500_.jpg" alt="Product Image"></a><p>Corobuff Corrugated Paper, Brite Blue, 48" x 25', 1 Roll</p><p>$38.52</p><a href="https://www.amazon.com/dp/B071KP3K72?tag=eloabder-20&linkCode=osi&th=1&psc=1">View Product</a></div><div class="product"><a href="https://www.amazon.com/dp/B09TB1LKLG?tag=eloabder-20&linkCode=osi&th=1&psc=1"><img src="https://m.media-amazon.com/images/I/31ttSeubU9L._SL500_.jpg" alt="Product Image"></a><p>MECCANIXITY Corrugated Paper Sheets 25pcs 11.8-inch x 7.87-inch White Cardboard for DIY Craft</p><p>$13.99</p><a href="https://www.amazon.com/dp/B09TB1LKLG?tag=eloabder-20&linkCode=osi&th=1&psc=1">View Product</a></div><div class="product"><a href="https://www.amazon.com/dp/B0C372CGHG?tag=eloabder-20&linkCode=osi&th=1&psc=1"><img src="https://m.media-amazon.com/images/I/41EDnL7EWDL._SL500_.jpg" alt="Product Image"></a><p>DMiotech 5 Pack 7.87x11.81 Inch Corrugated Cardboard Paper Sheets DIY Projects Black for Box Making, Cards, Scrapbooks</p><p>$6.99 ($1.40 / Count)</p><a href="https://www.amazon.com/dp/B0C372CGHG?tag=eloabder-20&linkCode=osi&th=1&psc=1">View Product</a></div>
<div class="product"><a href="https://www.amazon.com/dp/B08PBJSDSH?tag=eloabder-20&linkCode=osi&th=1&psc=1"><img src="https://m.media-amazon.com/images/I/41pj8xbkfyL._SL500_.jpg" alt="Product Image"></a><p>100 Pieces Cotton Spun Paper Balls White Natural Spun Cotton Paper Balls Coloring Paper Balls for Making Paper Flowers DIY Crafts Decorations</p><p>$9.49</p><a href="https://www.amazon.com/dp/B08PBJSDSH?tag=eloabder-20&linkCode=osi&th=1&psc=1">View Product</a></div><div class="product"><a href="https://www.amazon.com/dp/B083W75XRT?tag=eloabder-20&linkCode=osi&th=1&psc=1"><img src="https://m.media-amazon.com/images/I/41C8TlFRJvL._SL500_.jpg" alt="Product Image"></a><p>Lia Griffith Cotton Spun Paper Balls, White, 20mm, 24 Count</p><p>$11.30 ($0.47 / Count)</p><a href="https://www.amazon.com/dp/B083W75XRT?tag=eloabder-20&linkCode=osi&th=1&psc=1">View Product</a></div>
<div class="product"><a href="https://www.amazon.com/dp/B0B1J8TYT1?tag=eloabder-20&linkCode=osi&th=1&psc=1"><img src="https://m.media-amazon.com/images/I/41NdyrANVlL._SL500_.jpg" alt="Product Image"></a><p>HOTGODEN Medium Weight 100% Cotton Muslin Fabric: 63 inch x 2,5,10 Yards Unbleached Muslin Linen Fabric Material for Sewing Material Apparel Cloth</p><p>$12.99</p><a href="https://www.amazon.com/dp/B0B1J8TYT1?tag=eloabder-20&linkCode=osi&th=1&psc=1">View Product</a></div><div class="product"><a href="https://www.amazon.com/dp/B0B9HHD1QM?tag=eloabder-20&linkCode=osi&th=1&psc=1"><img src="https://m.media-amazon.com/images/I/313O1FHX2vL._SL500_.jpg" alt="Product Image"></a><p>Craftido-19 Options-100% Cotton Fabric by The yard in Solid Color 44”Wide by 3yd (9 ft) -Medium Weight 5.2 oz- for Quilting, Sewing, Crafts, Binding, Backing and Lining - White</p><p>$22.99</p><a href="https://www.amazon.com/dp/B0B9HHD1QM?tag=eloabder-20&linkCode=osi&th=1&psc=1">View Product</a></div><div class="product"><a href="https://www.amazon.com/dp/B0BHVMLTWV?tag=eloabder-20&linkCode=osi&th=1&psc=1"><img src="https://m.media-amazon.com/images/I/21vOg9h0nXL._SL500_.jpg" alt="Product Image"></a><p>HOTGODEN Light Weight 100% Cotton Muslin Fabric: 63 inch x 2,5,10 Yards Unbleached Muslin Linen Fabric Material for Sewing Material Apparel Cloth</p><p>$12.99</p><a href="https://www.amazon.com/dp/B0BHVMLTWV?tag=eloabder-20&linkCode=osi&th=1&psc=1">View Product</a></div><div class="product"><a href="https://www.amazon.com/dp/B093BQ3GMM?tag=eloabder-20&linkCode=osi&th=1&psc=1"><img src="https://m.media-amazon.com/images/I/61UmpTb+DVS._SL500_.jpg" alt="Product Image"></a><p>42Pcs 10"x10" Quilting Cotton Fabric Squares Sheets Pre-Cut Multi-Color Design Printed Floral Craft Fabric for DIY Sewing Scrapbooking Quilting Craft Patchwork (Red/Pink/Yellow/Green/Blue/Purple)</p><p>$12.88</p><a href="https://www.amazon.com/dp/B093BQ3GMM?tag=eloabder-20&linkCode=osi&th=1&psc=1">View Product</a></div><div class="product"><a href="https://www.amazon.com/dp/B08DTBZTFC?tag=eloabder-20&linkCode=osi&th=1&psc=1"><img src="https://m.media-amazon.com/images/I/41NKhg34TpL._SL500_.jpg" alt="Product Image"></a><p>Master FAB -Black 100% Cotton Fabric by The Yard for Sewing DIY Crafting Fashion Design Washable Cloth Bundles Voile;Full Width cuttable39 x 55inches (100x140cm) (Black Solid)</p><p>$9.99</p><a href="https://www.amazon.com/dp/B08DTBZTFC?tag=eloabder-20&linkCode=osi&th=1&psc=1">View Product</a></div>
<div class="product"><a href="https://www.amazon.com/dp/B08TZZ7F3P?tag=eloabder-20&linkCode=osi&th=1&psc=1"><img src="https://m.media-amazon.com/images/I/41J8e8Zfz1S._SL500_.jpg" alt="Product Image"></a><p>Hdviai Macrame Cord - Natural Unbleached Macrame Rope - 4 Strand Twisted Cotton Rope for Wall Hanging，DIY Craft Making，Plant Hangers，Knotting Decorative Projects (White, 8mm x 20 Yards)</p><p>$9.99 ($0.17 / Foot)</p><a href="https://www.amazon.com/dp/B08TZZ7F3P?tag=eloabder-20&linkCode=osi&th=1&psc=1">View Product</a></div><div class="product"><a href="https://www.amazon.com/dp/B094Y2M3G5?tag=eloabder-20&linkCode=osi&th=1&psc=1"><img src="https://m.media-amazon.com/images/I/51C-4p5OSsS._SL500_.jpg" alt="Product Image"></a><p>SEMINI 100% Natural Cotton Cord,5mm x40 Yard Mixed Color Twine String Cord Colored Cotton Rope Craft Cord for DIY Crafts Knitting Plant Hangers Christmas Wedding Decorate (Mix Color)</p><p>$12.99</p><a href="https://www.amazon.com/dp/B094Y2M3G5?tag=eloabder-20&linkCode=osi&th=1&psc=1">View Product</a></div><div class="product"><a href="https://www.amazon.com/dp/B07NTT82FH?tag=eloabder-20&linkCode=osi&th=1&psc=1"><img src="https://m.media-amazon.com/images/I/41aw9F3nkmL._SL500_.jpg" alt="Product Image"></a><p>Feelmate 6mm x 164 Feet Cotton Rope Macrame Cord for Crafts Jewelry Making Home Decoration Gift Wrapping</p><p>$14.99 ($0.09 / Foot)</p><a href="https://www.amazon.com/dp/B07NTT82FH?tag=eloabder-20&linkCode=osi&th=1&psc=1">View Product</a></div><div class="product"><a href="https://www.amazon.com/dp/B09KRYCT3B?tag=eloabder-20&linkCode=osi&th=1&psc=1"><img src="https://m.media-amazon.com/images/I/41H918apC-L._SL500_.jpg" alt="Product Image"></a><p>Natural Cotton Rope, JEUIHAU 328 Feet 1/4 Inch Cotton Clothesline Rope, All-Purpose Braided Cotton Rope Utility Cord for Clothes Hanging, Crafting, Macrame, Basket Making, and DIY Art Projects</p><p>$25.99 ($0.08 / Foot)</p><a href="https://www.amazon.com/dp/B09KRYCT3B?tag=eloabder-20&linkCode=osi&th=1&psc=1">View Product</a></div>
<div class="product"><a href="https://www.amazon.com/dp/B07RRD6TBN?tag=eloabder-20&linkCode=osi&th=1&psc=1"><img src="https://m.media-amazon.com/images/I/31YqtfxjDuL._SL500_.jpg" alt="Product Image"></a><p>Connecting Threads 100% Cotton Thread - 1200 Yard Spool (White)</p><p>$8.99</p><a href="https://www.amazon.com/dp/B07RRD6TBN?tag=eloabder-20&linkCode=osi&th=1&psc=1">View Product</a></div><div class="product"><a href="https://www.amazon.com/dp/B07G4N3HCZ?tag=eloabder-20&linkCode=osi&th=1&psc=1"><img src="https://m.media-amazon.com/images/I/413UnNketKL._SL500_.jpg" alt="Product Image"></a><p>2-Pack - Gutermann Natural Cotton Thread Solids 876 Yards Each - White (800C 5709)</p><p>$16.17 ($8.08 / Count)</p><a href="https://www.amazon.com/dp/B07G4N3HCZ?tag=eloabder-20&linkCode=osi&th=1&psc=1">View Product</a></div><div class="product"><a href="https://www.amazon.com/dp/B07RSFSYLY?tag=eloabder-20&linkCode=osi&th=1&psc=1"><img src="https://m.media-amazon.com/images/I/31dM1Mx2uIL._SL500_.jpg" alt="Product Image"></a><p>Connecting Threads 100% Cotton Essential Thread 5000 Yard Cone (White)</p><p>$16.99</p><a href="https://www.amazon.com/dp/B07RSFSYLY?tag=eloabder-20&linkCode=osi&th=1&psc=1">View Product</a></div><div class="product"><a href="https://www.amazon.com/dp/B074H1JTPK?tag=eloabder-20&linkCode=osi&th=1&psc=1"><img src="https://m.media-amazon.com/images/I/41tOL4rkfFL._SL500_.jpg" alt="Product Image"></a><p>Simthread 12 Multi Colors 100% Cotton Sewing Thread 50s/3 Thread for Quilting etc - 550 Yards Each 12C02</p><p>$21.99 ($0.00 / Foot)</p><a href="https://www.amazon.com/dp/B074H1JTPK?tag=eloabder-20&linkCode=osi&th=1&psc=1">View Product</a></div><div class="product"><a href="https://www.amazon.com/dp/B07RPCNYXW?tag=eloabder-20&linkCode=osi&th=1&psc=1"><img src="https://m.media-amazon.com/images/I/41iUqMPb-gL._SL500_.jpg" alt="Product Image"></a><p>Connecting Threads 100% Cotton Thread - 1200 Yard Spool (Red)</p><p>$8.99</p><a href="https://www.amazon.com/dp/B07RPCNYXW?tag=eloabder-20&linkCode=osi&th=1&psc=1">View Product</a></div>
<div class="product"><a href="https://www.amazon.com/dp/B09SL5LT8W?tag=eloabder-20&linkCode=osi&th=1&psc=1"><img src="https://m.media-amazon.com/images/I/512Dhz0oTrL._SL500_.jpg" alt="Product Image"></a><p>B-7000 Glue Clear for Rhinestone Crafts, Jewelry and Bead Adhesive B7000 Semi Fluid High Viscosity Glues for Clothes Shoes Fabric Cell Phones Screen Repair Metal Stone Nail Art Glass (4x15 ml/0.5 oz)</p><p>$5.45</p><a href="https://www.amazon.com/dp/B09SL5LT8W?tag=eloabder-20&linkCode=osi&th=1&psc=1">View Product</a></div><div class="product"><a href="https://www.amazon.com/dp/B00178KLEY?tag=eloabder-20&linkCode=osi&th=1&psc=1"><img src="https://m.media-amazon.com/images/I/31wcgL5xRkL._SL500_.jpg" alt="Product Image"></a><p>Aleene's All Purpose Tacky Glue, 8-Ounce</p><p>$2.44 ($0.30 / Fl Oz)</p><a href="https://www.amazon.com/dp/B00178KLEY?tag=eloabder-20&linkCode=osi&th=1&psc=1">View Product</a></div><div class="product"><a href="https://www.amazon.com/dp/B088NN5GD8?tag=eloabder-20&linkCode=osi&th=1&psc=1"><img src="https://m.media-amazon.com/images/I/417dgxV3dfL._SL500_.jpg" alt="Product Image"></a><p>Bearly Art Precision Craft Glue - The Mini - 2fl oz with Tip Kit - Acid Free Archival - Strong Hold Adhesive - Ideal for Fine Paper Crafting Scrapbooking and Card Making - Made in USA</p><p>$12.99</p><a href="https://www.amazon.com/dp/B088NN5GD8?tag=eloabder-20&linkCode=osi&th=1&psc=1">View Product</a></div><div class="product"><a href="https://www.amazon.com/dp/B000BY6THS?tag=eloabder-20&linkCode=osi&th=1&psc=1"><img src="https://m.media-amazon.com/images/I/41WhjtET6sL._SL500_.jpg" alt="Product Image"></a><p>Aleene's Clear Gel Tacky Glue 4oz</p><p>$2.33</p><a href="https://www.amazon.com/dp/B000BY6THS?tag=eloabder-20&linkCode=osi&th=1&psc=1">View Product</a></div><div class="product"><a href="https://www.amazon.com/dp/B00KD6ZHA4?tag=eloabder-20&linkCode=osi&th=1&psc=1"><img src="https://m.media-amazon.com/images/I/31oecXt0Q+L._SL500_.jpg" alt="Product Image"></a><p>Aleene's Gel Glue, 8-Ounce, Clear</p><p>$4.44 ($0.56 / Fl Oz)</p><a href="https://www.amazon.com/dp/B00KD6ZHA4?tag=eloabder-20&linkCode=osi&th=1&psc=1">View Product</a></div><div class="product"><a href="https://www.amazon.com/dp/B07Y6RWHP1?tag=eloabder-20&linkCode=osi&th=1&psc=1"><img src="https://m.media-amazon.com/images/I/41B6C8VaOWL._SL500_.jpg" alt="Product Image"></a><p>Bearly Art Precision Craft Glue - The Original - 4fl oz - Tip Kit Included - Dries Clear - Metal Tip - Wrinkle Resistant - Flexible and Crack Resistant - Strong Hold Adhesive - Made in USA</p><p>$19.99 ($5.00 / Fl Oz)</p><a href="https://www.amazon.com/dp/B07Y6RWHP1?tag=eloabder-20&linkCode=osi&th=1&psc=1">View Product</a></div><div class="product"><a href="https://www.amazon.com/dp/B0D1BYTYWD?tag=eloabder-20&linkCode=osi&th=1&psc=1"><img src="https://m.media-amazon.com/images/I/41P6pr3DnTL._SL500_.jpg" alt="Product Image"></a><p>Joez Wonderful 6 Sheets Foam Adhesive Squares, 990pcs Total Double Sided Self Adhesive Dots, Precut Squares Strips Foam Tape for DIY Arts & Crafts, 2 Sizes (0.47in/12mm, 0.24in/6mm)</p><p>$5.59</p><a href="https://www.amazon.com/dp/B0D1BYTYWD?tag=eloabder-20&linkCode=osi&th=1&psc=1">View Product</a></div><div class="product"><a href="https://www.amazon.com/dp/B001683NAO?tag=eloabder-20&linkCode=osi&th=1&psc=1"><img src="https://m.media-amazon.com/images/I/31cwr-m138L._SL500_.jpg" alt="Product Image"></a><p>BEACON 3-in-1 Advanced Craft Glue - Fast-Drying, Crystal Clear Adhesive for Wood, Ceramics, Fabrics, and More, 4-Ounce</p><p>$8.99 ($2.25 / Fl Oz)</p><a href="https://www.amazon.com/dp/B001683NAO?tag=eloabder-20&linkCode=osi&th=1&psc=1">View Product</a></div><div class="product"><a href="https://www.amazon.com/dp/B0C5CB2KCT?tag=eloabder-20&linkCode=osi&th=1&psc=1"><img src="https://m.media-amazon.com/images/I/51GvFpuq9BL._SL500_.jpg" alt="Product Image"></a><p>B-7000 Craft Glue for Jewelry Making - 15ml/0.5oz (2 Pack) - Multi-Function B-7000 Super Adhesive Glues Liquid Fusion Glue for Rhinestones Crafts, Clothes Shoes, Fabric, Jewelry Making, Cell Phones</p><p>$5.99</p><a href="https://www.amazon.com/dp/B0C5CB2KCT?tag=eloabder-20&linkCode=osi&th=1&psc=1">View Product</a></div><div class="product"><a href="https://www.amazon.com/dp/B0011N832C?tag=eloabder-20&linkCode=osi&th=1&psc=1"><img src="https://m.media-amazon.com/images/I/41VYA3-u1QL._SL500_.jpg" alt="Product Image"></a><p>Glue Dots, Craft Dots, Double-Sided, 1/2", .5 Inch, 200 Dots, DIY Craft Glue Tape, Sticky Adhesive Glue Points, Liquid Hot Glue Alternative, Clear</p><p>$4.88 ($0.02 / Count)</p><a href="https://www.amazon.com/dp/B0011N832C?tag=eloabder-20&linkCode=osi&th=1&psc=1">View Product</a></div>
<div class="product"><a href="https://www.amazon.com/dp/B07V3HLBVF?tag=eloabder-20&linkCode=osi&th=1&psc=1"><img src="https://m.media-amazon.com/images/I/41siDRjPEoL._SL500_.jpg" alt="Product Image"></a><p>bagmad 100 Pack 8x4.75x10 inch Plain Medium Paper Bags with Handles Bulk, Brown Kraft Bags, Craft Gift Bags, Grocery Shopping Retail Bags, Birthday Party Favors Wedding Bags Sacks (Brown, 100pcs)</p><p>$26.46 ($0.26 / Count)</p><a href="https://www.amazon.com/dp/B07V3HLBVF?tag=eloabder-20&linkCode=osi&th=1&psc=1">View Product</a></div><div class="product"><a href="https://www.amazon.com/dp/B07MLM81VG?tag=eloabder-20&linkCode=osi&th=1&psc=1"><img src="https://m.media-amazon.com/images/I/31j9z9qZ3mL._SL500_.jpg" alt="Product Image"></a><p>Qutuus Kraft Paper Bags with Handles Bulk 8x4.5x10 100 pcs Brown Paper Gift Bags Bulk Medium Size Kraft Bags, Brown Bags, Shopping Bags, Retail Bags, Craft Bags for Small Business</p><p>$25.99</p><a href="https://www.amazon.com/dp/B07MLM81VG?tag=eloabder-20&linkCode=osi&th=1&psc=1">View Product</a></div><div class="product"><a href="https://www.amazon.com/dp/B0CJ8PHN2Z?tag=eloabder-20&linkCode=osi&th=1&psc=1"><img src="https://m.media-amazon.com/images/I/41e7VEiBNIL._SL500_.jpg" alt="Product Image"></a><p>100 Pack 5.8x3.2x8.25 Inch Brown Kraft Paper Gift Bags with Handles - Bulk Small Plain Natural Bags for Birthday Party Favors, Grocery, Retail Shopping, Wedding, Craft, Goody, Takeouts, and Business</p><p>$18.99</p><a href="https://www.amazon.com/dp/B0CJ8PHN2Z?tag=eloabder-20&linkCode=osi&th=1&psc=1">View Product</a></div><div class="product"><a href="https://www.amazon.com/dp/B0BWMY43TD?tag=eloabder-20&linkCode=osi&th=1&psc=1"><img src="https://m.media-amazon.com/images/I/41FVul0hWRL._SL500_.jpg" alt="Product Image"></a><p>Brothersbox Brown Paper Bags with Handles Bulk 100PCS Kraft Paper Bags, 8 * 4.76 * 10 Inch Medium Craft Paper Gift Bags for Birthday Party Grocery Retail Shopping Business</p><p>$24.99</p><a href="https://www.amazon.com/dp/B0BWMY43TD?tag=eloabder-20&linkCode=osi&th=1&psc=1">View Product</a></div><div class="product"><a href="https://www.amazon.com/dp/B0C13GRG4D?tag=eloabder-20&linkCode=osi&th=1&psc=1"><img src="https://m.media-amazon.com/images/I/41L33B24HtL._SL500_.jpg" alt="Product Image"></a><p>Toovip 90 Pack Plain Brown Kraft Paper Bags with Handles Bulk, Multiple 3 Assorted Sizes Gift Bags for Favors Grocery Retail Party Birthday Shopping Business Goody Craft Merchandise Take Out Sacks</p><p>$26.99 ($0.30 / Count)</p><a href="https://www.amazon.com/dp/B0C13GRG4D?tag=eloabder-20&linkCode=osi&th=1&psc=1">View Product</a></div><div class="product"><a href="https://www.amazon.com/dp/B09Z2N3QKT?tag=eloabder-20&linkCode=osi&th=1&psc=1"><img src="https://m.media-amazon.com/images/I/416VQ3Ke3PL._SL500_.jpg" alt="Product Image"></a><p>Moretoes 40pcs Brown Paper Bags with Handles Assorted Size Gift Bags, Kraft Paper Bags, Paper Shopping Bags, Craft Bags, Merchandise Bags</p><p>$20.99</p><a href="https://www.amazon.com/dp/B09Z2N3QKT?tag=eloabder-20&linkCode=osi&th=1&psc=1">View Product</a></div><div class="product"><a href="https://www.amazon.com/dp/B0CHMTKBWS?tag=eloabder-20&linkCode=osi&th=1&psc=1"><img src="https://m.media-amazon.com/images/I/31QBYQW7LOL._SL500_.jpg" alt="Product Image"></a><p>Oikss 100 Pack 10x5x13 Plain Natural Brown Kraft Paper Bags with Handles Bulk for Birthday Party Favors Grocery Retail Shopping Business Goody Recycled Craft Gift Bags (Large Size, 100 Count)</p><p>$30.99</p><a href="https://www.amazon.com/dp/B0CHMTKBWS?tag=eloabder-20&linkCode=osi&th=1&psc=1">View Product</a></div><div class="product"><a href="https://www.amazon.com/dp/B0CRD6RXP3?tag=eloabder-20&linkCode=osi&th=1&psc=1"><img src="https://m.media-amazon.com/images/I/51lEnA2mgNL._SL500_.jpg" alt="Product Image"></a><p>XPCARE 100Pack Brown Paper Bags 8x4.5x10 Inch, Plain Medium Paper Bags with Handles Bulk, Kraft Paper Gift Bags, Retail Bags, Party Bags, Shopping Bags, Favor Bags</p><p>$19.99</p><a href="https://www.amazon.com/dp/B0CRD6RXP3?tag=eloabder-20&linkCode=osi&th=1&psc=1">View Product</a></div><div class="product"><a href="https://www.amazon.com/dp/B07V3J3Y5V?tag=eloabder-20&linkCode=osi&th=1&psc=1"><img src="https://m.media-amazon.com/images/I/41wn1f3QStL._SL500_.jpg" alt="Product Image"></a><p>bagmad 100 Pack 5.25x3.25x8 inch Brown Small Paper Bags with Handles Bulk, Gift Paper Bags, Kraft Birthday Party Favors Grocery Retail Shopping Craft Bags Takeouts Business (Plain Natural 100pcs)</p><p>$20.99 ($0.21 / Count)</p><a href="https://www.amazon.com/dp/B07V3J3Y5V?tag=eloabder-20&linkCode=osi&th=1&psc=1">View Product</a></div><div class="product"><a href="https://www.amazon.com/dp/B09HBN5248?tag=eloabder-20&linkCode=osi&th=1&psc=1"><img src="https://m.media-amazon.com/images/I/41iWymlepRL._SL500_.jpg" alt="Product Image"></a><p>Oikss 100 Pack 5.25x3.25x8.25 Inch Small Plain Natural Paper Kraft Gift Bags with Handles Bulk for Birthday Party Favors Grocery Retail Shopping Business Goody Craft Bags Cub (Brown 100 Count)</p><p>$20.99 ($0.21 / Count)</p><a href="https://www.amazon.com/dp/B09HBN5248?tag=eloabder-20&linkCode=osi&th=1&psc=1">View Product</a></div>
<div class="product"><a href="https://www.amazon.com/dp/B09C1YL7RQ?tag=eloabder-20&linkCode=osi&th=1&psc=1"><img src="https://m.media-amazon.com/images/I/615lFU8obCL._SL500_.jpg" alt="Product Image"></a><p>1000+ pcs Pony Beads, Multi-Colored Bracelet Beads for Hair Braids, Crafts, Plastic Beads (Medium Pack, Classic)…</p><p>$6.99 ($0.01 / Count)</p><a href="https://www.amazon.com/dp/B09C1YL7RQ?tag=eloabder-20&linkCode=osi&th=1&psc=1">View Product</a></div>
<div class="product"><a href="https://www.amazon.com/dp/B0C1RC5Y7F?tag=eloabder-20&linkCode=osi&th=1&psc=1"><img src="https://m.media-amazon.com/images/I/41Sf-YEnE+L._SL500_.jpg" alt="Product Image"></a><p>PerkHomy Brown Kraft Paper Roll 17.5" x 1,200" (100') for Gift Wrapping Bulletin Board Kids Craft Art Bouquet Flower Packing Moving Shipping Floor Covering Table 70GSM 50LB (Brown, 17.5" x 100')</p><p>$5.98</p><a href="https://www.amazon.com/dp/B0C1RC5Y7F?tag=eloabder-20&linkCode=osi&th=1&psc=1">View Product</a></div>
<div class="product"><a href="https://www.amazon.com/dp/B0044SA67G?tag=eloabder-20&linkCode=osi&th=1&psc=1"><img src="https://m.media-amazon.com/images/I/51UEqn6-w3L._SL500_.jpg" alt="Product Image"></a><p>Hygloss Products - 77640 Colorful Blank Books – Books for Journaling, Sketching, Writing & More – Great for Arts & Crafts - 10 Assorted Bright, Fun Colors - Pocket-Size - 4.25 x 5.5 Inches - 10 Pack</p><p>$8.18 ($0.82 / Count)</p><a href="https://www.amazon.com/dp/B0044SA67G?tag=eloabder-20&linkCode=osi&th=1&psc=1">View Product</a></div><div class="product"><a href="https://www.amazon.com/dp/B09WQCHK3M?tag=eloabder-20&linkCode=osi&th=1&psc=1"><img src="https://m.media-amazon.com/images/I/61JMYPiYGRL._SL500_.jpg" alt="Product Image"></a><p>Aigybobo Origami Paper Set, 308PCS Kids Craft Paper Kit with Instructional Book for Girls Age 6,7,8,9,10,11,12, Art Projects Supplies for School Class Craft Lessons- Christmas Gifts for Boys&Girls</p><p>$12.99</p><a href="https://www.amazon.com/dp/B09WQCHK3M?tag=eloabder-20&linkCode=osi&th=1&psc=1">View Product</a></div><div class="product"><a href="https://www.amazon.com/dp/B00I7E56NC?tag=eloabder-20&linkCode=osi&th=1&psc=1"><img src="https://m.media-amazon.com/images/I/21cxSReF5yL._SL500_.jpg" alt="Product Image"></a><p>Hygloss Products White Blank Books – Great Books for Journaling, Sketching, Writing & More – Fun for Arts & Crafts - Pocket-size - 4.25 x 5.5 Inches - 10 Pack</p><p>$13.00</p><a href="https://www.amazon.com/dp/B00I7E56NC?tag=eloabder-20&linkCode=osi&th=1&psc=1">View Product</a></div><div class="product"><a href="https://www.amazon.com/dp/B07YGRCXVT?tag=eloabder-20&linkCode=osi&th=1&psc=1"><img src="https://m.media-amazon.com/images/I/51Oxy0SqbES._SL500_.jpg" alt="Product Image"></a><p>Origami Paper | 350 Origami Paper Kit | Set Includes - 300 Sheets 20 Colors 6x6 | 50 Traditional Japanese Patterns | Origami Book 25 Easy Colored Projects | Kids Crafts | Christmas Gifts for boys 8-12</p><p>$17.99</p><a href="https://www.amazon.com/dp/B07YGRCXVT?tag=eloabder-20&linkCode=osi&th=1&psc=1">View Product</a></div><div class="product"><a href="https://www.amazon.com/dp/B07VDCVN3T?tag=eloabder-20&linkCode=osi&th=1&psc=1"><img src="https://m.media-amazon.com/images/I/516u8vopNML._SL500_.jpg" alt="Product Image"></a><p>Gamenote Colorful Origami Kit for Kids 54 Projects 120 Double Sided Origami Paper 12 Sheets Practice Papers Instructional Origami Book Origami Gift for 4+ Girls Boys Adult Beginners Training Craft</p><p>$11.99</p><a href="https://www.amazon.com/dp/B07VDCVN3T?tag=eloabder-20&linkCode=osi&th=1&psc=1">View Product</a></div>



<div class="product"><a href="https://www.amazon.com/dp/B01GCLS32M?tag=eloabder-20&linkCode=osi&th=1&psc=1"><img src="https://m.media-amazon.com/images/I/51xf1ALKGyL._SL500_.jpg" alt="Product Image"></a><p>42pcs Felt Fabric Sheet 4"x4" Assorted Color DIY Craft Squares Nonwoven 1mm Thick</p><p>$6.68</p><a href="https://www.amazon.com/dp/B01GCLS32M?tag=eloabder-20&linkCode=osi&th=1&psc=1">View Product</a></div><div class="product"><a href="https://www.amazon.com/dp/B0CY56NFL7?tag=eloabder-20&linkCode=osi&th=1&psc=1"><img src="https://m.media-amazon.com/images/I/51jZtTDxNCL._SL500_.jpg" alt="Product Image"></a><p>XSEINO 12 Rolls 8"x35"(20.5x90cm) 1.4mm Thick Soft Felt Fabric Sheet 12 Assorted Colors Felt Pack for DIY Craft Sewing Squares Nonwoven Patchwork</p><p>$11.99</p><a href="https://www.amazon.com/dp/B0CY56NFL7?tag=eloabder-20&linkCode=osi&th=1&psc=1">View Product</a></div><div class="product"><a href="https://www.amazon.com/dp/B07VHMT14L?tag=eloabder-20&linkCode=osi&th=1&psc=1"><img src="https://m.media-amazon.com/images/I/61DSrnEAvjL._SL500_.jpg" alt="Product Image"></a><p>150Pcs 4" x 4" (10cm x 10cm) Cotton Craft Fabric Bundle Squares,Squares Sheets Patchwork,Pre-Cut Quilt Squares,DIY Sewing Quarters Bundle,Quilting Fabric Bundles</p><p>$9.99</p><a href="https://www.amazon.com/dp/B07VHMT14L?tag=eloabder-20&linkCode=osi&th=1&psc=1">View Product</a></div><div class="product"><a href="https://www.amazon.com/dp/B08GJHYMGN?tag=eloabder-20&linkCode=osi&th=1&psc=1"><img src="https://m.media-amazon.com/images/I/51wD1FT1eeL._SL500_.jpg" alt="Product Image"></a><p>50pcs 8 x 8 inches Multicolor Cotton Fabric Bundle Squares for Quilting Sewing, Precut Fabric Squares for Craft Patchwork</p><p>$13.77</p><a href="https://www.amazon.com/dp/B08GJHYMGN?tag=eloabder-20&linkCode=osi&th=1&psc=1">View Product</a></div><div class="product"><a href="https://www.amazon.com/dp/B0C6K98T96?tag=eloabder-20&linkCode=osi&th=1&psc=1"><img src="https://m.media-amazon.com/images/I/51M-+hitpAL._SL500_.jpg" alt="Product Image"></a><p>42pcs 6 x 6 inches Felt Fabric Sheets - Fabrics DIY Craftwork Sewing Patchwork, Felt Crafts Assorted Colour Polyester Felt Sheet for Art and Craft</p><p>$4.99</p><a href="https://www.amazon.com/dp/B0C6K98T96?tag=eloabder-20&linkCode=osi&th=1&psc=1">View Product</a></div><div class="product"><a href="https://www.amazon.com/dp/B0C9BYD9ND?tag=eloabder-20&linkCode=osi&th=1&psc=1"><img src="https://m.media-amazon.com/images/I/418r7XqmEKL._SL500_.jpg" alt="Product Image"></a><p>40Pcs Felt Fabric Sheets - 4x4 inch DIY Craft Felt, 1mm Thick Non-Woven Patchwork Material for School Projects & Decoration - 40 Assorted Colors (10 x 10cm)</p><p>$4.99</p><a href="https://www.amazon.com/dp/B0C9BYD9ND?tag=eloabder-20&linkCode=osi&th=1&psc=1">View Product</a></div><div class="product"><a href="https://www.amazon.com/dp/B0BWRN4RHP?tag=eloabder-20&linkCode=osi&th=1&psc=1"><img src="https://m.media-amazon.com/images/I/51HHQcV3njL._SL500_.jpg" alt="Product Image"></a><p>Large Stiff Felt Sheets Bundle: LOTOFUN 10pcs 8x35Inch Assorted Rainbow Color Felts Sheet for Kids Crafts Squares Nonwoven Patchwork DIY Sewing</p><p>$11.99</p><a href="https://www.amazon.com/dp/B0BWRN4RHP?tag=eloabder-20&linkCode=osi&th=1&psc=1">View Product</a></div>
<div class="product"><a href="https://www.amazon.com/dp/B003U6QIUC?tag=eloabder-20&linkCode=osi&th=1&psc=1"><img src="https://m.media-amazon.com/images/I/51PyPJgIPlL._SL500_.jpg" alt="Product Image"></a><p>School Smart 85836 Maribu Feathers - 1/2 Ounce - Set of 150 - Assorted Colors</p><p>$3.52</p><a href="https://www.amazon.com/dp/B003U6QIUC?tag=eloabder-20&linkCode=osi&th=1&psc=1">View Product</a></div>
<div class="product"><a href="https://www.amazon.com/dp/B089DPDYKV?tag=eloabder-20&linkCode=osi&th=1&psc=1"><img src="https://m.media-amazon.com/images/I/51L58by1dXL._SL500_.jpg" alt="Product Image"></a><p>Better Office Products 100 Pack EVA Foam Sheets, 5.5 x 8.5 Inch, Assorted Colors (20 Colors), 2mm Thick, for Arts and Crafts, 100 Sheets</p><p>$13.99 ($0.14 / Count)</p><a href="https://www.amazon.com/dp/B089DPDYKV?tag=eloabder-20&linkCode=osi&th=1&psc=1">View Product</a></div><div class="product"><a href="https://www.amazon.com/dp/B08YXYN327?tag=eloabder-20&linkCode=osi&th=1&psc=1"><img src="https://m.media-amazon.com/images/I/41VfV+-ZFTL._SL500_.jpg" alt="Product Image"></a><p>EVA Foam Cosplay - 2mm (1mm to 10mm) - Black or White - 14" x 39" Sheet - Ultra High Density Craft Foam 85 kg/m3 - by The Foamory</p><p>$14.99</p><a href="https://www.amazon.com/dp/B08YXYN327?tag=eloabder-20&linkCode=osi&th=1&psc=1">View Product</a></div><div class="product"><a href="https://www.amazon.com/dp/B0CMTJDYRN?tag=eloabder-20&linkCode=osi&th=1&psc=1"><img src="https://m.media-amazon.com/images/I/310JuSzt+mL._SL500_.jpg" alt="Product Image"></a><p>Do²ping White Foam Sheets Crafts, 8.5x5.5 Inch Eva Craft Foam Paper for Crafts Project Classroom Scrapbook DIY Cosplay (White-10 Sheets)</p><p>$4.89 ($0.49 / Count)</p><a href="https://www.amazon.com/dp/B0CMTJDYRN?tag=eloabder-20&linkCode=osi&th=1&psc=1">View Product</a></div><div class="product"><a href="https://www.amazon.com/dp/B0C8B6N9TG?tag=eloabder-20&linkCode=osi&th=1&psc=1"><img src="https://m.media-amazon.com/images/I/51j0TiXHCTL._SL500_.jpg" alt="Product Image"></a><p>120 Pack EVA Foam Sheets, 8 x 6 Inch, 1mm Thick, Assorted 15 Colors Craft Foam Paper for School Supply and DIY Handcraft Projects</p><p>$15.99 ($0.13 / Count)</p><a href="https://www.amazon.com/dp/B0C8B6N9TG?tag=eloabder-20&linkCode=osi&th=1&psc=1">View Product</a></div>
<div class="product"><a href="https://www.amazon.com/dp/B01EK7LGH4?tag=eloabder-20&linkCode=osi&th=1&psc=1"><img src="https://m.media-amazon.com/images/I/41Xx+D+j6XL._SL500_.jpg" alt="Product Image"></a><p>Aleene's 3 Pack, 8 oz Tacky Glue, 8 FL OZ, Original Version 3 Count</p><p>$11.17 ($0.47 / Fl Oz)</p><a href="https://www.amazon.com/dp/B01EK7LGH4?tag=eloabder-20&linkCode=osi&th=1&psc=1">View Product</a></div><div class="product"><a href="https://www.amazon.com/dp/B0D59G56SG?tag=eloabder-20&linkCode=osi&th=1&psc=1"><img src="https://m.media-amazon.com/images/I/41BsDwUSwdL._SL500_.jpg" alt="Product Image"></a><p>4oz Craft Glue & Precision Tips, Strong Tacky Glue, Craft Glue Bottles with Fine Tip, Craft Glue Dry Clear, Fabric Glue Permanent for Paper Crafting Scrapbooking/Card Making/Etc</p><p>$8.58</p><a href="https://www.amazon.com/dp/B0D59G56SG?tag=eloabder-20&linkCode=osi&th=1&psc=1">View Product</a></div><div class="product"><a href="https://www.amazon.com/dp/B004DNX6EW?tag=eloabder-20&linkCode=osi&th=1&psc=1"><img src="https://m.media-amazon.com/images/I/51RkAeJv5hL._SL500_.jpg" alt="Product Image"></a><p>ELMERS CraftBond Extra Strength Glue Sticks, 6 Grams, 4 Count</p><p>$9.89 ($2.47 / Count)</p><a href="https://www.amazon.com/dp/B004DNX6EW?tag=eloabder-20&linkCode=osi&th=1&psc=1">View Product</a></div>
<div class="product"><a href="https://www.amazon.com/dp/B01ELWWX98?tag=eloabder-20&linkCode=osi&th=1&psc=1"><img src="https://m.media-amazon.com/images/I/51g67GhksOL._SL500_.jpg" alt="Product Image"></a><p>Maybe Swearing Will Help Adult Coloring Book Set - for Adults Relaxation with Markers in a Case - Motivational Swear Word Anxiety Relief - Color Cuss & Laugh Your Way to Less Stress</p><p>$24.99</p><a href="https://www.amazon.com/dp/B01ELWWX98?tag=eloabder-20&linkCode=osi&th=1&psc=1">View Product</a></div><div class="product"><a href="https://www.amazon.com/dp/B09X1YX59W?tag=eloabder-20&linkCode=osi&th=1&psc=1"><img src="https://m.media-amazon.com/images/I/61Cr68venIL._SL500_.jpg" alt="Product Image"></a><p>Hula Home Stained Glass Mandala Art Kit - DIY Window Clings with Markers, 10 Suncatchers - Perfect Hobby for Adults, Kids, Teens & Seniors - Ideal Gift for Beginners, Women & Elderly</p><p>$15.99</p><a href="https://www.amazon.com/dp/B09X1YX59W?tag=eloabder-20&linkCode=osi&th=1&psc=1">View Product</a></div><div class="product"><a href="https://www.amazon.com/dp/B0CGD74KX7?tag=eloabder-20&linkCode=osi&th=1&psc=1"><img src="https://m.media-amazon.com/images/I/51rNpMlv3wL._SL500_.jpg" alt="Product Image"></a><p>Shimmer Markers Outline Double Line: 12 Colors Metallic Glitter Pens Set Sparkle Kid Age 4 8 10 14 16 Year Old Gift Doodle Drawing Supplies Art Craft Teen Girl Cute Stuff Mother's Day Basket Ideas</p><p>$9.99</p><a href="https://www.amazon.com/dp/B0CGD74KX7?tag=eloabder-20&linkCode=osi&th=1&psc=1">View Product</a></div>

<div class="product"><a href="https://www.amazon.com/dp/B08395C5GC?tag=eloabder-20&linkCode=osi&th=1&psc=1"><img src="https://m.media-amazon.com/images/I/61OgJOjMgQL._SL500_.jpg" alt="Product Image"></a><p>hapray Origami Kit 144 sheets Origami Paper for Kids 72 Patterns with Craft Guiding Book</p><p>$13.97</p><a href="https://www.amazon.com/dp/B08395C5GC?tag=eloabder-20&linkCode=osi&th=1&psc=1">View Product</a></div><div class="product"><a href="https://www.amazon.com/dp/B098WP659T?tag=eloabder-20&linkCode=osi&th=1&psc=1"><img src="https://m.media-amazon.com/images/I/61D4gTo+S1L._SL500_.jpg" alt="Product Image"></a><p>pigipigi Craft Origami Paper for Kids - 208 Sheets Vivid Colorful Folding Papers 54 Patterns Art Projects Kit for 5 6 7 8 9 10 11 12 Years Old Girl Boy Teen Birthday Gift Preschool Educational Toy</p><p>$11.99</p><a href="https://www.amazon.com/dp/B098WP659T?tag=eloabder-20&linkCode=osi&th=1&psc=1">View Product</a></div>
<div class="product"><a href="https://www.amazon.com/dp/B08TWGWRG4?tag=eloabder-20&linkCode=osi&th=1&psc=1"><img src="https://m.media-amazon.com/images/I/51KMwCTx2eL._SL500_.jpg" alt="Product Image"></a><p>Homum 200pcs Premium Gift Tags with 200 Root Natural Jute Twine, Double-Sided Available Kraft Paper Price Tags, Craft Tags Labels Jewelry Tags with String for Wedding Christmas Day Thanksgiving</p><p>$5.99</p><a href="https://www.amazon.com/dp/B08TWGWRG4?tag=eloabder-20&linkCode=osi&th=1&psc=1">View Product</a></div><div class="product"><a href="https://www.amazon.com/dp/B0BNG993ZV?tag=eloabder-20&linkCode=osi&th=1&psc=1"><img src="https://m.media-amazon.com/images/I/51xRPDQUVHL._SL500_.jpg" alt="Product Image"></a><p>200 Pack 2.2 Inch Wood Tags with Hole and Twine, Clipped Corner Rectangle Wooden Gifts Tag for Crafts Unfinished Labels (1.2x2.2 in)</p><p>$9.99 ($0.05 / Count)</p><a href="https://www.amazon.com/dp/B0BNG993ZV?tag=eloabder-20&linkCode=osi&th=1&psc=1">View Product</a></div><div class="product"><a href="https://www.amazon.com/dp/B07N1T58K9?tag=eloabder-20&linkCode=osi&th=1&psc=1"><img src="https://m.media-amazon.com/images/I/41dUfeOE8BL._SL500_.jpg" alt="Product Image"></a><p>2.5" x 3" Vintage Frame Brown Kraft Present Tag Sticker / 250 Present Labels/Canning Packaging Organization Label/Made in The USA</p><p>$15.99</p><a href="https://www.amazon.com/dp/B07N1T58K9?tag=eloabder-20&linkCode=osi&th=1&psc=1">View Product</a></div>
<div class="product"><a href="https://www.amazon.com/dp/B08Y8YRXVQ?tag=eloabder-20&linkCode=osi&th=1&psc=1"><img src="https://m.media-amazon.com/images/I/51DyT7Dd1BL._SL500_.jpg" alt="Product Image"></a><p>72 Pieces Craft Magnets Glass Ceramic Ferrite Magnet with Adhesive Backing and Transparent Clear Glass Cabochons for DIY Craft Fridge Refrigerator Magnets Pendants(Round,1 Inch)</p><p>$12.99 ($0.18 / Count)</p><a href="https://www.amazon.com/dp/B08Y8YRXVQ?tag=eloabder-20&linkCode=osi&th=1&psc=1">View Product</a></div><div class="product"><a href="https://www.amazon.com/dp/B07XDC7FP9?tag=eloabder-20&linkCode=osi&th=1&psc=1"><img src="https://m.media-amazon.com/images/I/41JKgogWT9L._SL500_.jpg" alt="Product Image"></a><p>Magnetic Dots - Self Adhesive Magnet Dots (0.8" x 0.8") - Classroom Must Have Peel & Stick Magnetic Circles - Flexible Sticky Magnets - Sheets is Alternative, Stickers, Strip, Magnetic Tape (120 Pcs)</p><p>$17.99</p><a href="https://www.amazon.com/dp/B07XDC7FP9?tag=eloabder-20&linkCode=osi&th=1&psc=1">View Product</a></div><div class="product"><a href="https://www.amazon.com/dp/B0CSS92G7H?tag=eloabder-20&linkCode=osi&th=1&psc=1"><img src="https://m.media-amazon.com/images/I/51HRyW91ivL._SL500_.jpg" alt="Product Image"></a><p>116pcs Craft Magnets Glass Ceramic Ferrite Magnet with Adhesive Backing and Clear Glass Cabochons for DIY Craft Fridge Refrigerator Magnets (Round,1 Inch,58 Sets)</p><p>$11.96</p><a href="https://www.amazon.com/dp/B0CSS92G7H?tag=eloabder-20&linkCode=osi&th=1&psc=1">View Product</a></div><div class="product"><a href="https://www.amazon.com/dp/B09WCXS3NV?tag=eloabder-20&linkCode=osi&th=1&psc=1"><img src="https://m.media-amazon.com/images/I/51jUQGCcMPL._SL500_.jpg" alt="Product Image"></a><p>DIYMAG Magnetic Adhesive Sheets, |4" x 6"|, 10 Pack Cuttable, Flexible magnet sheets with adhesive for Crafts, Photos, Easy Peel and Stick</p><p>$5.99 ($0.60 / Count)</p><a href="https://www.amazon.com/dp/B09WCXS3NV?tag=eloabder-20&linkCode=osi&th=1&psc=1">View Product</a></div><div class="product"><a href="https://www.amazon.com/dp/B08MVRBN2C?tag=eloabder-20&linkCode=osi&th=1&psc=1"><img src="https://m.media-amazon.com/images/I/51YQW8Hbf3S._SL500_.jpg" alt="Product Image"></a><p>Round Magnets with Adhesive Backing, 120 Pieces Magnet Circles (Diameter 0.8’” x 0.08”) on 4 Tape Sheets, with 3M Strong Adhesive Backing. Perfect for DIY, Art Projects, whiteboards & Fridge</p><p>$10.95</p><a href="https://www.amazon.com/dp/B08MVRBN2C?tag=eloabder-20&linkCode=osi&th=1&psc=1">View Product</a></div><div class="product"><a href="https://www.amazon.com/dp/B0CJHYN7K2?tag=eloabder-20&linkCode=osi&th=1&psc=1"><img src="https://m.media-amazon.com/images/I/51ZowdEZwbL._SL500_.jpg" alt="Product Image"></a><p>124pcs Craft Magnets Glass w Adhesive Backing and Transparent Clear Glass Cabochons DIY Craft Fridge Magnets Sticker for Refrigerator(62 Sets,1 Inch)</p><p>$13.99 ($0.23 / Count)</p><a href="https://www.amazon.com/dp/B0CJHYN7K2?tag=eloabder-20&linkCode=osi&th=1&psc=1">View Product</a></div><div class="product"><a href="https://www.amazon.com/dp/B09BBHBZMG?tag=eloabder-20&linkCode=osi&th=1&psc=1"><img src="https://m.media-amazon.com/images/I/51kT5DaZIPL._SL500_.jpg" alt="Product Image"></a><p>Mr. Pen- Adhesive Magnetic Sheets, 4" x 6", 10 Pack, with Adhesive Backing, Flexible Picture Magnets, Cuttable Magnetic Sheets.</p><p>$5.85</p><a href="https://www.amazon.com/dp/B09BBHBZMG?tag=eloabder-20&linkCode=osi&th=1&psc=1">View Product</a></div><div class="product"><a href="https://www.amazon.com/dp/B07V4STWPV?tag=eloabder-20&linkCode=osi&th=1&psc=1"><img src="https://m.media-amazon.com/images/I/51g56RBuH8L._SL500_.jpg" alt="Product Image"></a><p>Magnetic Sheets with Adhesive Backing - Each 4" x 6" - Flexible Magnetic Paper with Strong Self Adhesive - Sticky Magnet Sheets for Photo and Picture Magnets, Stickers and Other Craft Magnets</p><p>$5.99 ($0.60 / Count)</p><a href="https://www.amazon.com/dp/B07V4STWPV?tag=eloabder-20&linkCode=osi&th=1&psc=1">View Product</a></div>
<div class="product"><a href="https://www.amazon.com/dp/B09VCYS41G?tag=eloabder-20&linkCode=osi&th=1&psc=1"><img src="https://m.media-amazon.com/images/I/61bdWXYPddL._SL500_.jpg" alt="Product Image"></a><p>Betem 24 Colors Dual Tip Acrylic Paint Pens Markers, Premium Acrylic Paint Pens for Wood, Canvas, Stone, Rock Painting, Glass, Ceramic Surfaces, DIY Crafts Making Art Supplies</p><p>$11.99</p><a href="https://www.amazon.com/dp/B09VCYS41G?tag=eloabder-20&linkCode=osi&th=1&psc=1">View Product</a></div><div class="product"><a href="https://www.amazon.com/dp/B0BN7WJFPR?tag=eloabder-20&linkCode=osi&th=1&psc=1"><img src="https://m.media-amazon.com/images/I/51vvJ6c6MPL._SL500_.jpg" alt="Product Image"></a><p>24 Colors Acrylic Paint Pens, Dual Tip Acrylic Paint Markers with Brush Tip and Fine Tip, Acrylic Pens for Rock Painting, Wood, Canvas, Stone, Glass, Ceramic,DIY Crafts Making Art Supplies</p><p>$9.99</p><a href="https://www.amazon.com/dp/B0BN7WJFPR?tag=eloabder-20&linkCode=osi&th=1&psc=1">View Product</a></div><div class="product"><a href="https://www.amazon.com/dp/B0CX1BD86P?tag=eloabder-20&linkCode=osi&th=1&psc=1"><img src="https://m.media-amazon.com/images/I/51w2YBDoYfL._SL500_.jpg" alt="Product Image"></a><p>TBC The Best Crafts 24 Colors Dual Tip Acrylic Paint Markers,Waterproof, Non-Toxic, odorless, Suitable for Paper, Pottery, Stones, Backpacks, Glass</p><p>$9.99</p><a href="https://www.amazon.com/dp/B0CX1BD86P?tag=eloabder-20&linkCode=osi&th=1&psc=1">View Product</a></div><div class="product"><a href="https://www.amazon.com/dp/B09SWJRSSX?tag=eloabder-20&linkCode=osi&th=1&psc=1"><img src="https://m.media-amazon.com/images/I/61OthBr2r9L._SL500_.jpg" alt="Product Image"></a><p>Acrylic Paint Pens Paint Markers Set of 18: Fine Point for Rock Painting Glass Wood Ceramic Fabric Metal Canvas Easter Eggs Pumpkin Kit, Drawing Art Crafts for Adults Scrapbooking Supplies</p><p>$10.99</p><a href="https://www.amazon.com/dp/B09SWJRSSX?tag=eloabder-20&linkCode=osi&th=1&psc=1">View Product</a></div><div class="product"><a href="https://www.amazon.com/dp/B09H2JRV1Y?tag=eloabder-20&linkCode=osi&th=1&psc=1"><img src="https://m.media-amazon.com/images/I/511FMxcdCzL._SL500_.jpg" alt="Product Image"></a><p>IVSUN 24 Colors Premium Extra Fine Point Acrylic Paint Marker Pens for Wood, Canvas, Stone, Rock Painting, Glass, Ceramic Surfaces, DIY Crafts Making Art Supplies (24PCS (0.7mm))</p><p>$8.99</p><a href="https://www.amazon.com/dp/B09H2JRV1Y?tag=eloabder-20&linkCode=osi&th=1&psc=1">View Product</a></div><div class="product"><a href="https://www.amazon.com/dp/B0BN8CW9ZY?tag=eloabder-20&linkCode=osi&th=1&psc=1"><img src="https://m.media-amazon.com/images/I/51n2byYcjqL._SL500_.jpg" alt="Product Image"></a><p>Acrylic Paint Pens Markers, 24 Colors Dual Tip Acrylic Paint Pens for Rock Painting, Wood, Canvas, Stone, Glass, Ceramic Surfaces, DIY Crafts Making Art Supplies (Round Tip and Fine Tip)</p><p>$9.99</p><a href="https://www.amazon.com/dp/B0BN8CW9ZY?tag=eloabder-20&linkCode=osi&th=1&psc=1">View Product</a></div><div class="product"><a href="https://www.amazon.com/dp/B07DB1TVND?tag=eloabder-20&linkCode=osi&th=1&psc=1"><img src="https://m.media-amazon.com/images/I/51KvMUBvqRL._SL500_.jpg" alt="Product Image"></a><p>JR.WHITE Acrylic Paint Pens Paint Markers for Rock Painting, Canvas, Wood, Glass, Fabric, Metal, Plastic, Arts Crafts Easter Eggs, Pumpkin, Scrapbooking Supplies, Graffiti Markers for Adults Kids</p><p>$11.19 ($0.93 / Count )</p><a href="https://www.amazon.com/dp/B07DB1TVND?tag=eloabder-20&linkCode=osi&th=1&psc=1">View Product</a></div><div class="product"><a href="https://www.amazon.com/dp/B07M6Y4FXZ?tag=eloabder-20&linkCode=osi&th=1&psc=1"><img src="https://m.media-amazon.com/images/I/61wQ1qJutWL._SL500_.jpg" alt="Product Image"></a><p>AROIC Paint Pens Paint Markers, 16 colors Oil-Based Waterproof Paint Marker Pen Set On Rock, Wood, Fabric, Metal, Plastic, Glass, Canvas, Mugs, Waterproof, DIY Craft and More</p><p>$11.99</p><a href="https://www.amazon.com/dp/B07M6Y4FXZ?tag=eloabder-20&linkCode=osi&th=1&psc=1">View Product</a></div>

<div class="product"><a href="https://www.amazon.com/dp/B0BQTYYVZH?tag=eloabder-20&linkCode=osi&th=1&psc=1"><img src="https://m.media-amazon.com/images/I/31i9+BVpDCL._SL500_.jpg" alt="Product Image"></a><p>Vanhench Brown Wrapping Paper, Craft Paper, Kraft Paper 17.5"x 1200"(100'), Gift Wrapping Bulletin Board Arts & Crafts, Bouquet Flower Table Covering Poster Packing Shipping Moving Supplies 65GSM 45LB</p><p>$5.98</p><a href="https://www.amazon.com/dp/B0BQTYYVZH?tag=eloabder-20&linkCode=osi&th=1&psc=1">View Product</a></div><div class="product"><a href="https://www.amazon.com/dp/B0CQZ1TYX9?tag=eloabder-20&linkCode=osi&th=1&psc=1"><img src="https://m.media-amazon.com/images/I/41RknmvlWSL._SL500_.jpg" alt="Product Image"></a><p>PerkHomy 36" x 2,400" (200') Brown Kraft Paper Roll for Gift Wrapping Bulletin Board Bouquet Flower Kids Wall Art Craft Packing Moving Shipping Parcel Postal Floor Covering Table Runner 70GSM 50LB</p><p>$30.99 ($0.05 / Sq Ft)</p><a href="https://www.amazon.com/dp/B0CQZ1TYX9?tag=eloabder-20&linkCode=osi&th=1&psc=1">View Product</a></div><div class="product"><a href="https://www.amazon.com/dp/B0C743LQ3M?tag=eloabder-20&linkCode=osi&th=1&psc=1"><img src="https://m.media-amazon.com/images/I/21HvZSNwJML._SL500_.jpg" alt="Product Image"></a><p>White Wrapping Paper Craft Paper Kraft Paper Roll 15" x 450", Bulletin Board Paper Roll, Arts & Crafts, Gift Wrapping Moving Packing Painting Drawing Paint Easel Poster Chart Paper, Kids Art Supplies</p><p>$4.99 ($0.11 / Sq Ft)</p><a href="https://www.amazon.com/dp/B0C743LQ3M?tag=eloabder-20&linkCode=osi&th=1&psc=1">View Product</a></div><div class="product"><a href="https://www.amazon.com/dp/B0D14FL3DF?tag=eloabder-20&linkCode=osi&th=1&psc=1"><img src="https://m.media-amazon.com/images/I/31IQZPHBHfL._SL500_.jpg" alt="Product Image"></a><p>SMART&CASUAL 15" x 450" (37.5') Kraft Paper Roll for Art Craft Supplies Gift Wrapping Moving Packing Kids Painting Drawing Paint Easel Poster Chart Paper (White, 15"W x 450"L (37.5'))</p><p>$4.98</p><a href="https://www.amazon.com/dp/B0D14FL3DF?tag=eloabder-20&linkCode=osi&th=1&psc=1">View Product</a></div><div class="product"><a href="https://www.amazon.com/dp/B0CX5D7W62?tag=eloabder-20&linkCode=osi&th=1&psc=1"><img src="https://m.media-amazon.com/images/I/31+skUeyllL._SL500_.jpg" alt="Product Image"></a><p>SMART&CASUAL 17.8"×1,200"(100') Brown Kraft Wrapping Paper for Craft Gift Bulletin Board Bouquet Flower Table Covering Packing Shipping Moving 70GSM 50LB</p><p>$7.98</p><a href="https://www.amazon.com/dp/B0CX5D7W62?tag=eloabder-20&linkCode=osi&th=1&psc=1">View Product</a></div><div class="product"><a href="https://www.amazon.com/dp/B0C2P7FGFM?tag=eloabder-20&linkCode=osi&th=1&psc=1"><img src="https://m.media-amazon.com/images/I/31Mnush+a-L._SL500_.jpg" alt="Product Image"></a><p>Brown Packing Paper 15"×450"(38'), Brown Paper Roll, Art Craft Paper, Kraft Paper Roll for Moving Boxes Supplies, Gift Wrapping Bouquet Flower Paper, Poster Bulletin Board Paper, Arts and Crafts</p><p>$4.99</p><a href="https://www.amazon.com/dp/B0C2P7FGFM?tag=eloabder-20&linkCode=osi&th=1&psc=1">View Product</a></div><div class="product"><a href="https://www.amazon.com/dp/B0BNCBSZRR?tag=eloabder-20&linkCode=osi&th=1&psc=1"><img src="https://m.media-amazon.com/images/I/31NTgModxdL._SL500_.jpg" alt="Product Image"></a><p>Kraft Paper Sheets - 15 x 15 in. - 240 Sheets of Brown Wrapping Paper – Heavy Duty Craft Paper for Shipping - Light Brown Construction Paper - 80 GSM - 375 Square feet</p><p>$23.89 ($0.10 / Count)</p><a href="https://www.amazon.com/dp/B0BNCBSZRR?tag=eloabder-20&linkCode=osi&th=1&psc=1">View Product</a></div><div class="product"><a href="https://www.amazon.com/dp/B09J9ZGX8S?tag=eloabder-20&linkCode=osi&th=1&psc=1"><img src="https://m.media-amazon.com/images/I/31R819QZXxL._SL500_.jpg" alt="Product Image"></a><p>IDL Packaging 36" x 2160" (180 ft) Brown Kraft Paper Roll, 30 lbs - Quality Paper for Packing, Moving, Shipping, Crafts - 100% Recyclable Natural Kraft Wrapping Paper</p><p>$33.95 ($0.06 / Sq Ft)</p><a href="https://www.amazon.com/dp/B09J9ZGX8S?tag=eloabder-20&linkCode=osi&th=1&psc=1">View Product</a></div>
<div class="product"><a href="https://www.amazon.com/dp/B0BR9M5GT6?tag=eloabder-20&linkCode=osi&th=1&psc=1"><img src="https://m.media-amazon.com/images/I/61jKQSVpNKL._SL500_.jpg" alt="Product Image"></a><p>Drawdart 47 Pack Acrylic Paint Set, 36 Colors Art Painting Supplies for Canvas Wood Fabric Ceramic Crafts, Non Toxic & Rich Pigments for Artists & Hobby Painters, 2 fl oz / 60 ml Bottles</p><p>$24.99 ($0.35 / Fl Oz)</p><a href="https://www.amazon.com/dp/B0BR9M5GT6?tag=eloabder-20&linkCode=osi&th=1&psc=1">View Product</a></div><div class="product"><a href="https://www.amazon.com/dp/B006AT7P6M?tag=eloabder-20&linkCode=osi&th=1&psc=1"><img src="https://m.media-amazon.com/images/I/415ZwGErxOL._SL500_.jpg" alt="Product Image"></a><p>Apple Barrel Acrylic Paint in Assorted Colors (2 oz), 20501, Bright Red</p><p>$0.58 ($0.29 / Fl Oz)</p><a href="https://www.amazon.com/dp/B006AT7P6M?tag=eloabder-20&linkCode=osi&th=1&psc=1">View Product</a></div><div class="product"><a href="https://www.amazon.com/dp/B0BNV7BMN2?tag=eloabder-20&linkCode=osi&th=1&psc=1"><img src="https://m.media-amazon.com/images/I/51K4iYzckvL._SL500_.jpg" alt="Product Image"></a><p>Fantastory Acrylic Paint Set, 24 Classic Colors(2oz), Professional Craft Paint Kit,Canvas/Rock/Stone/Ceramic/Model/Wood Painting with 12 Brushes</p><p>$25.99 ($0.36 / Fl Oz)</p><a href="https://www.amazon.com/dp/B0BNV7BMN2?tag=eloabder-20&linkCode=osi&th=1&psc=1">View Product</a></div><div class="product"><a href="https://www.amazon.com/dp/B0728B4CLJ?tag=eloabder-20&linkCode=osi&th=1&psc=1"><img src="https://m.media-amazon.com/images/I/41aBzZtF9-L._SL500_.jpg" alt="Product Image"></a><p>FolkArt Acrylic Paint in Assorted Colors (2 oz), , Mossy Meadow</p><p>$1.17 ($0.58 / Fl Oz)</p><a href="https://www.amazon.com/dp/B0728B4CLJ?tag=eloabder-20&linkCode=osi&th=1&psc=1">View Product</a></div><div class="product"><a href="https://www.amazon.com/dp/B0BY3G2CXG?tag=eloabder-20&linkCode=osi&th=1&psc=1"><img src="https://m.media-amazon.com/images/I/51Cn6kY12wL._SL500_.jpg" alt="Product Image"></a><p>36 Assorted Acrylic Paint Set by Craft Smart - Non-Toxic Paint for Drawing, Painting, Art & Crafts Supplies - 1 Pack</p><p>$28.98</p><a href="https://www.amazon.com/dp/B0BY3G2CXG?tag=eloabder-20&linkCode=osi&th=1&psc=1">View Product</a></div>

<div class="product"><a href="https://www.amazon.com/dp/B08722TFPH?tag=eloabder-20&linkCode=osi&th=1&psc=1"><img src="https://m.media-amazon.com/images/I/51DqPIU5lcL._SL500_.jpg" alt="Product Image"></a><p>LIUYAXI 20 Colors 100 Yard Satin Ribbon Fabric Ribbon Silk Ribbon Assorted Colors Rolls, 2/5" Wide 5 Yard/Roll, Ribbons Perfect for Gift Wrapping,Crafts, Hair Bows, Wedding Party Decoration and More</p><p>$7.99 ($0.03 / Foot)</p><a href="https://www.amazon.com/dp/B08722TFPH?tag=eloabder-20&linkCode=osi&th=1&psc=1">View Product</a></div><div class="product"><a href="https://www.amazon.com/dp/B08M3BDRX3?tag=eloabder-20&linkCode=osi&th=1&psc=1"><img src="https://m.media-amazon.com/images/I/51qwMfv7kXL._SL500_.jpg" alt="Product Image"></a><p>Winlyn 36 Colors 900 Yards Fabric Ribbons Satin Ribbons Metallic Glitter Ribbons Rolls Craft Ribbons Embellish Decorative Ribbons 2/5" Wide for Floral Bouquet Gifts Crafts Bows Party Wedding</p><p>$13.99 ($0.01 / Foot)</p><a href="https://www.amazon.com/dp/B08M3BDRX3?tag=eloabder-20&linkCode=osi&th=1&psc=1">View Product</a></div><div class="product"><a href="https://www.amazon.com/dp/B08NXF43DB?tag=eloabder-20&linkCode=osi&th=1&psc=1"><img src="https://m.media-amazon.com/images/I/51fTtUVKi5L._SL500_.jpg" alt="Product Image"></a><p>MEEDEE Rainbow Ribbon Solid Color Assortment 10 Colors Double Face Satin Ribbon for Gift Wrapping Happy Birthday Party Decorations, 3/8" X 5 Yard Each Total 50 Yds Per Package</p><p>$7.99 ($0.05 / Foot)</p><a href="https://www.amazon.com/dp/B08NXF43DB?tag=eloabder-20&linkCode=osi&th=1&psc=1">View Product</a></div><div class="product"><a href="https://www.amazon.com/dp/B01N8W0Z45?tag=eloabder-20&linkCode=osi&th=1&psc=1"><img src="https://m.media-amazon.com/images/I/61OkEfd-1BL._SL500_.jpg" alt="Product Image"></a><p>QingHan Grosgrain Ribbons for Crafts Gifts Wrapping 3/8" Boutique Polka Dot Fabric Ribbon 40yd (20 x 2yd)</p><p>$5.99 ($0.05 / Foot)</p><a href="https://www.amazon.com/dp/B01N8W0Z45?tag=eloabder-20&linkCode=osi&th=1&psc=1">View Product</a></div><div class="product"><a href="https://www.amazon.com/dp/B0CS5G5PCX?tag=eloabder-20&linkCode=osi&th=1&psc=1"><img src="https://m.media-amazon.com/images/I/51xzSU+d8QL._SL500_.jpg" alt="Product Image"></a><p>Ribbli Rainbow Satin Ribbon 3/8 Inch x 12 Rolls Total 60 Yards- Colorful Ribbon for Gift Wrapping Craft Party Decoration Baby Shower Wedding</p><p>$7.99 ($0.04 / Foot)</p><a href="https://www.amazon.com/dp/B0CS5G5PCX?tag=eloabder-20&linkCode=osi&th=1&psc=1">View Product</a></div><div class="product"><a href="https://www.amazon.com/dp/B009V35YVC?tag=eloabder-20&linkCode=osi&th=1&psc=1"><img src="https://m.media-amazon.com/images/I/41OYxs2N6GL._SL500_.jpg" alt="Product Image"></a><p>LaRibbons 10 Color 50Yards Solid Satin Ribbon,3/8" X 5 Yard/Roll Colorful Double Face Rainbow Ribbon for Crafts,Flower Bouquet,Gift Wrapping,Hair Bows,Birthday,Wedding Party Decoration</p><p>$4.99</p><a href="https://www.amazon.com/dp/B009V35YVC?tag=eloabder-20&linkCode=osi&th=1&psc=1">View Product</a></div><div class="product"><a href="https://www.amazon.com/dp/B07BDG8KXB?tag=eloabder-20&linkCode=osi&th=1&psc=1"><img src="https://m.media-amazon.com/images/I/61zpTp+xLjL._SL500_.jpg" alt="Product Image"></a><p>Supla 16 Colors 400 Yard Fabric Ribbon Silk Satin Roll Satin Ribbon Rolls in 2/5" Wide, 25 Yard/roll,16 Rolls,Satin Ribbon Fabric Ribbon Embellish Ribbon Ribbon for Bows Crafts Gifts Party Wedding</p><p>$8.99 ($0.01 / Foot)</p><a href="https://www.amazon.com/dp/B07BDG8KXB?tag=eloabder-20&linkCode=osi&th=1&psc=1">View Product</a></div><div class="product"><a href="https://www.amazon.com/dp/B0CRD7S24X?tag=eloabder-20&linkCode=osi&th=1&psc=1"><img src="https://m.media-amazon.com/images/I/51Xe-SI-ZHL._SL500_.jpg" alt="Product Image"></a><p>LIUYAXI 100 Yards Solid Grosgrain Ribbon, 3/8" X 5 Yard/Roll, 20 Colors Rainbow Multicolor Fabric Ribbons Roll Perfect for Crafts Gifts Wrapping Flower Bouquet Hair Bows & Other Projects</p><p>$7.99 ($0.03 / Foot)</p><a href="https://www.amazon.com/dp/B0CRD7S24X?tag=eloabder-20&linkCode=osi&th=1&psc=1">View Product</a></div>


<div class="product"><a href="https://www.amazon.com/dp/B08MZ6MQZM?tag=eloabder-20&linkCode=osi&th=1&psc=1"><img src="https://m.media-amazon.com/images/I/51rVPzuNy4L._SL500_.jpg" alt="Product Image"></a><p>Basic Shapes 1: Circles, Triangles, Squares, Ovals, 676 Pieces US Made Card Stock Punch Out Geometric Shapes in 3 Sizes and 4 PRIMARY Colors for Math, Pattern Play and DIY Crafting</p><p>$11.99</p><a href="https://www.amazon.com/dp/B08MZ6MQZM?tag=eloabder-20&linkCode=osi&th=1&psc=1">View Product</a></div><div class="product"><a href="https://www.amazon.com/dp/B072JW6NQT?tag=eloabder-20&linkCode=osi&th=1&psc=1"><img src="https://m.media-amazon.com/images/I/61uY6781clL._SL500_.jpg" alt="Product Image"></a><p>260 Pieces Colorful Glitter Foam Stickers Self Adhesive Stars Mini Heart Shapes Glitter Stickers, Kid's Arts Craft Supplies Greeting Cards Home Decoration Stars&Heart Shapes</p><p>$6.74 ($0.03 / Count)</p><a href="https://www.amazon.com/dp/B072JW6NQT?tag=eloabder-20&linkCode=osi&th=1&psc=1">View Product</a></div>


<div class="product"><a href="https://www.amazon.com/dp/B07KD1WKXY?tag=eloabder-20&linkCode=osi&th=1&psc=1"><img src="https://m.media-amazon.com/images/I/51y9zQOd9XL._SL500_.jpg" alt="Product Image"></a><p>(109 Yards/1.5mm/35 Colors Optional) Cotton Baker Twine DIY Craft Macramé Natural Cotton Rope Craft Making Knitting String Rope DIY Wedding Decor Supply Christmas Wrapping(deep green)</p><p>$4.98 ($0.02 / Foot)</p><a href="https://www.amazon.com/dp/B07KD1WKXY?tag=eloabder-20&linkCode=osi&th=1&psc=1">View Product</a></div><div class="product"><a href="https://www.amazon.com/dp/B0C7G868WP?tag=eloabder-20&linkCode=osi&th=1&psc=1"><img src="https://m.media-amazon.com/images/I/51YFxbYrxGL._SL500_.jpg" alt="Product Image"></a><p>Ohtomber Bracelet String Elastic Cord - 2 Rolls 1MM Stretchy String for Bracelet Making, Rainbow Elastic Bracelets String Thread for Clay Beads, Bracelets, Jewelry Making, Necklaces, Sewing and Crafts</p><p>$5.99 ($0.01 / Foot)</p><a href="https://www.amazon.com/dp/B0C7G868WP?tag=eloabder-20&linkCode=osi&th=1&psc=1">View Product</a></div>
<div class="product"><a href="https://www.amazon.com/dp/B0CHTZD63Q?tag=eloabder-20&linkCode=osi&th=1&psc=1"><img src="https://m.media-amazon.com/images/I/511hgeOlnkL._SL500_.jpg" alt="Product Image"></a><p>Secopad Scrapbook Tape, 4 Pack Double Sided Tape Roller for Crafts, Sticky Glue Tape Runner Scrapbooking Supplies Journaling School Office for Kids and Adults, 0.3IN x 26FT</p><p>$6.63 ($1.66 / Count)</p><a href="https://www.amazon.com/dp/B0CHTZD63Q?tag=eloabder-20&linkCode=osi&th=1&psc=1">View Product</a></div><div class="product"><a href="https://www.amazon.com/dp/B0BKZ2WVFY?tag=eloabder-20&linkCode=osi&th=1&psc=1"><img src="https://m.media-amazon.com/images/I/519ga5fVbbL._SL500_.jpg" alt="Product Image"></a><p>Guirnd 12PCS Colored Masking Tape, Kids Art Supplies Colored Tape, DIY Craft Tape, Colored Tape Rolls, Colored Painters Tape 1.7cm x 12m (2/3In x 13Yards)</p><p>$5.99 ($0.50 / Count)</p><a href="https://www.amazon.com/dp/B0BKZ2WVFY?tag=eloabder-20&linkCode=osi&th=1&psc=1">View Product</a></div><div class="product"><a href="https://www.amazon.com/dp/B0B1ZYCJPG?tag=eloabder-20&linkCode=osi&th=1&psc=1"><img src="https://m.media-amazon.com/images/I/51zcGqodSPL._SL500_.jpg" alt="Product Image"></a><p>Simetufy 5400 Pcs 1 Inch Tissue Paper Squares, 36 Assorted Colored Tissue Paper for Crafts, Art Rainbow Tissue Paper Bulk for Art Projects, Collage, Suncatchers, Scrapbooking - Non Bleeding</p><p>$7.49</p><a href="https://www.amazon.com/dp/B0B1ZYCJPG?tag=eloabder-20&linkCode=osi&th=1&psc=1">View Product</a></div>

<div class="product"><a href="https://www.amazon.com/dp/B07RZFHS87?tag=eloabder-20&linkCode=osi&th=1&psc=1"><img src="https://m.media-amazon.com/images/I/418QZBtYWTL._SL500_.jpg" alt="Product Image"></a><p>Lazydrop Double-Sided Tape for Arts, Crafts, Photography, Scrapbooking, Tear-by-Hand, Paper Backing (6 Rolls) (Width: 6mm/ 9mm/ 12mm/ 15mm)</p><p>$7.99 ($0.01 / Foot)</p><a href="https://www.amazon.com/dp/B07RZFHS87?tag=eloabder-20&linkCode=osi&th=1&psc=1">View Product</a></div><div class="product"><a href="https://www.amazon.com/dp/B0BPS4V3TG?tag=eloabder-20&linkCode=osi&th=1&psc=1"><img src="https://m.media-amazon.com/images/I/41fTeS+RuRL._SL500_.jpg" alt="Product Image"></a><p>Double Sided Tape for Crafts, Double-Sided Tape for Arts, Scrapbook Supplies, Photography, Gifts Box, Scrapbooking, Card Making, Paper Backing, Tear-by-Hand, 6 Roll Heavy Duty Multi-Size Adhesive Tape</p><p>$6.29 ($0.02 / Foot)</p><a href="https://www.amazon.com/dp/B0BPS4V3TG?tag=eloabder-20&linkCode=osi&th=1&psc=1">View Product</a></div><div class="product"><a href="https://www.amazon.com/dp/B098FCBMQV?tag=eloabder-20&linkCode=osi&th=1&psc=1"><img src="https://m.media-amazon.com/images/I/41E1XYg1+gL._SL500_.jpg" alt="Product Image"></a><p>Craftzilla Colored Masking Tape – 7 Roll Multi Pack – 210 Feet x 1 Inch of Colorful Craft Tape – Vibrant Rainbow Masking Tape –Colored Tape Rolls for Arts & Crafts, Labeling and Color-Coding</p><p>$12.95 ($0.01 / Foot)</p><a href="https://www.amazon.com/dp/B098FCBMQV?tag=eloabder-20&linkCode=osi&th=1&psc=1">View Product</a></div><div class="product"><a href="https://www.amazon.com/dp/B0CBRTT4SY?tag=eloabder-20&linkCode=osi&th=1&psc=1"><img src="https://m.media-amazon.com/images/I/41Ne5OTMBHL._SL500_.jpg" alt="Product Image"></a><p>XEHAHOSH 3 Rolls Double Sided Tape for Crafts, Arts, Scrapbooking, Photography, Paper Backing, Tear-by-Hand. 0.6in by 43-FT</p><p>$5.29</p><a href="https://www.amazon.com/dp/B0CBRTT4SY?tag=eloabder-20&linkCode=osi&th=1&psc=1">View Product</a></div><div class="product"><a href="https://www.amazon.com/dp/B08ZJB4XBX?tag=eloabder-20&linkCode=osi&th=1&psc=1"><img src="https://m.media-amazon.com/images/I/41FzzlZNG0L._SL500_.jpg" alt="Product Image"></a><p>8 Rolls Colored Masking Tape Rainbow Colors Painters Tape Colorful Craft Art Paper Tape for Kids Labeling Arts Crafts DIY Decorative Coding Decoration Teaching Supplies, 0.6 Inch x 16 Yard, 8 Colors</p><p>$6.99 ($0.87 / Count)</p><a href="https://www.amazon.com/dp/B08ZJB4XBX?tag=eloabder-20&linkCode=osi&th=1&psc=1">View Product</a></div><div class="product"><a href="https://www.amazon.com/dp/B09GDZH5PV?tag=eloabder-20&linkCode=osi&th=1&psc=1"><img src="https://m.media-amazon.com/images/I/41cZAy06SiL._SL500_.jpg" alt="Product Image"></a><p>DGTANGYIN 1/4" 2 Rolls Double Sided Adhesive Sticky Tape for Arts, DIY, Crafts, Photography, Scrapbooking, Card Making, Gift Wrapping, Office School Stationery Supplies, Home Supplies(Width: 6mm)</p><p>$3.99 ($0.00 / Foot)</p><a href="https://www.amazon.com/dp/B09GDZH5PV?tag=eloabder-20&linkCode=osi&th=1&psc=1">View Product</a></div>
<div class="product"><a href="https://www.amazon.com/dp/B09XR1XBWG?tag=eloabder-20&linkCode=osi&th=1&psc=1"><img src="https://m.media-amazon.com/images/I/31h+RS-Nv6L._SL500_.jpg" alt="Product Image"></a><p>10PCS 7mil Blank Mylar Stencil Sheets,12X12 inch Milky Translucent PET Blank Stencils Sheets,Template Material for Cutting Machines, Laser Cutting, Food-Safe Craft Plastic</p><p>$8.99</p><a href="https://www.amazon.com/dp/B09XR1XBWG?tag=eloabder-20&linkCode=osi&th=1&psc=1">View Product</a></div>

<div class="product"><a href="https://www.amazon.com/dp/B09TSLYX33?tag=eloabder-20&linkCode=osi&th=1&psc=1"><img src="https://m.media-amazon.com/images/I/41xNrpMfOLL._SL500_.jpg" alt="Product Image"></a><p>18 Gauge Aluminum Craft Wire, 165 Feet 1mm Bendable Metal Wire for Jewelry Making, Sculpting, Floral Making, Wreath Making, Crafting, Wire Wrapping, Christmas Ornaments (Silver)</p><p>$6.99</p><a href="https://www.amazon.com/dp/B09TSLYX33?tag=eloabder-20&linkCode=osi&th=1&psc=1">View Product</a></div><div class="product"><a href="https://www.amazon.com/dp/B002HRAEOG?tag=eloabder-20&linkCode=osi&th=1&psc=1"><img src="https://m.media-amazon.com/images/I/41HimGENjYL._SL500_.jpg" alt="Product Image"></a><p>FloraCraft 26 Gauge Floral Wire 270 Feet Bright Silver</p><p>$4.29</p><a href="https://www.amazon.com/dp/B002HRAEOG?tag=eloabder-20&linkCode=osi&th=1&psc=1">View Product</a></div><div class="product"><a href="https://www.amazon.com/dp/B06ZXY1PXB?tag=eloabder-20&linkCode=osi&th=1&psc=1"><img src="https://m.media-amazon.com/images/I/41Nh+1dv7FL._SL500_.jpg" alt="Product Image"></a><p>Mandala Crafts Anodized Aluminum Wire for Sculpting, Armature, Jewelry Making, Gem Metal Wrap, Garden, Colored and Soft, 1 Roll(14 Gauge, Silver)</p><p>$10.19 ($0.17 / Foot)</p><a href="https://www.amazon.com/dp/B06ZXY1PXB?tag=eloabder-20&linkCode=osi&th=1&psc=1">View Product</a></div><div class="product"><a href="https://www.amazon.com/dp/B07ZYNTH7D?tag=eloabder-20&linkCode=osi&th=1&psc=1"><img src="https://m.media-amazon.com/images/I/51ku4vQDwXL._SL500_.jpg" alt="Product Image"></a><p>12 Gauge Aluminum Wire 100 Feet, Anezus Metal Armature Wire Bendable Sculpting Wire for Crafts Wreath Making Jewelry Making Beading Floral (Silver, 2mm)</p><p>$12.99 ($0.13 / Foot)</p><a href="https://www.amazon.com/dp/B07ZYNTH7D?tag=eloabder-20&linkCode=osi&th=1&psc=1">View Product</a></div><div class="product"><a href="https://www.amazon.com/dp/B07CQL7Y5B?tag=eloabder-20&linkCode=osi&th=1&psc=1"><img src="https://m.media-amazon.com/images/I/51mHjBYsT0L._SL500_.jpg" alt="Product Image"></a><p>TecUnite Aluminum Craft Wire for Sculpting Armature Bendable Craft Wire for DIY Jewelry Making (1 Roll,Silver,10 M X 3 mm)</p><p>$8.99 ($0.27 / Foot)</p><a href="https://www.amazon.com/dp/B07CQL7Y5B?tag=eloabder-20&linkCode=osi&th=1&psc=1">View Product</a></div><div class="product"><a href="https://www.amazon.com/dp/B095Y844QP?tag=eloabder-20&linkCode=osi&th=1&psc=1"><img src="https://m.media-amazon.com/images/I/51w+5umyhOS._SL500_.jpg" alt="Product Image"></a><p>Tenn Well 12 Gauge Aluminum Wire, 100 Feet 2mm Bendable Metal Craft Wire for Sculpting, Armature, Jewelry Making, Floral Making, Doll Making, Modelling, Crafting, Bonsai Training</p><p>$11.99 ($0.12 / Foot)</p><a href="https://www.amazon.com/dp/B095Y844QP?tag=eloabder-20&linkCode=osi&th=1&psc=1">View Product</a></div>
<div class="product"><a href="https://www.amazon.com/dp/B0CYPH4FLQ?tag=eloabder-20&linkCode=osi&th=1&psc=1"><img src="https://m.media-amazon.com/images/I/41u786i6oZL._SL500_.jpg" alt="Product Image"></a><p>DIYDEC 24 Pack Basswood Sheets 4 x 6 x 1/16 Inch Thin Plywood Wood Sheets Unfinished Wood Squares Boards Balsa Wood Sheets for Crafts Architectural Models Laser Cutting Wood Burning and Drawing</p><p>$6.99</p><a href="https://www.amazon.com/dp/B0CYPH4FLQ?tag=eloabder-20&linkCode=osi&th=1&psc=1">View Product</a></div><div class="product"><a href="https://www.amazon.com/dp/B082HR4RV3?tag=eloabder-20&linkCode=osi&th=1&psc=1"><img src="https://m.media-amazon.com/images/I/51kfms0w39L._SL500_.jpg" alt="Product Image"></a><p>5ARTH Natural Wood Slices - 30 Pcs 3.5-4 inches Craft Unfinished Wood kit Predrilled with Hole Wooden Circles for Arts Wood Slices Christmas Ornaments DIY Crafts</p><p>$21.99</p><a href="https://www.amazon.com/dp/B082HR4RV3?tag=eloabder-20&linkCode=osi&th=1&psc=1">View Product</a></div>

<div class="product"><a href="https://www.amazon.com/dp/B0D3HPD7WP?tag=eloabder-20&linkCode=osi&th=1&psc=1"><img src="https://m.media-amazon.com/images/I/31KSmmAWUWL._SL500_.jpg" alt="Product Image"></a><p>50 Sheets Grey Cardstock Paper, Colored Printer Paper 8.5 x 11, Thick Construction Paper for Cards Making, Scrapbook，Office Printing, Invitations, Certificates，DIY Crafting 92 lb/250gsm</p><p>$9.99</p><a href="https://www.amazon.com/dp/B0D3HPD7WP?tag=eloabder-20&linkCode=osi&th=1&psc=1">View Product</a></div>
<div class="product"><a href="https://www.amazon.com/dp/B076CP6F36?tag=eloabder-20&linkCode=osi&th=1&psc=1"><img src="https://m.media-amazon.com/images/I/51rfEIvgI+L._SL500_.jpg" alt="Product Image"></a><p>Apple Barrel, Vibrant Spectrum Collection Acrylic Craft Paint, PROMOABIII, 2 fl oz each, 16 assorted matte colors, 16 count</p><p>$15.97 ($0.50 / Fl Oz)</p><a href="https://www.amazon.com/dp/B076CP6F36?tag=eloabder-20&linkCode=osi&th=1&psc=1">View Product</a></div><div class="product"><a href="https://www.amazon.com/dp/B0BKFLSYQF?tag=eloabder-20&linkCode=osi&th=1&psc=1"><img src="https://m.media-amazon.com/images/I/51a0PmPRknL._SL500_.jpg" alt="Product Image"></a><p>72 Pack Acrylic Paint Set, Shuttle Art 60 Colors Acrylic Paint Including Extra White Black & 12 Brushes, 2oz/60ml, Rich Pigmented, Water Proof, Ideal for Artists, Beginners on Canvas Rock Wood Ceramic</p><p>$45.99 ($23.00 / Fl Oz)</p><a href="https://www.amazon.com/dp/B0BKFLSYQF?tag=eloabder-20&linkCode=osi&th=1&psc=1">View Product</a></div><div class="product"><a href="https://www.amazon.com/dp/B08CB3JH79?tag=eloabder-20&linkCode=osi&th=1&psc=1"><img src="https://m.media-amazon.com/images/I/51OUZsFdnTL._SL500_.jpg" alt="Product Image"></a><p>Acrylic Paint Set of 36 Colors 2fl oz 60ml Bottles,Non Toxic 36 Colors Acrylic Paint No Fading Rich Pigment for Kids Adults Artists Canvas Crafts Wood Painting</p><p>$32.99 ($0.46 / Fl Oz)</p><a href="https://www.amazon.com/dp/B08CB3JH79?tag=eloabder-20&linkCode=osi&th=1&psc=1">View Product</a></div><div class="product"><a href="https://www.amazon.com/dp/B0018NBVKQ?tag=eloabder-20&linkCode=osi&th=1&psc=1"><img src="https://m.media-amazon.com/images/I/31YlSvZMTCL._SL500_.jpg" alt="Product Image"></a><p>Apple Barrel Acrylic Paint in Assorted Colors (8 Ounce), 20403 White</p><p>$2.67 ($0.33 / Fl Oz)</p><a href="https://www.amazon.com/dp/B0018NBVKQ?tag=eloabder-20&linkCode=osi&th=1&psc=1">View Product</a></div><div class="product"><a href="https://www.amazon.com/dp/B077WSBLZ1?tag=eloabder-20&linkCode=osi&th=1&psc=1"><img src="https://m.media-amazon.com/images/I/51KPkXpLn1L._SL500_.jpg" alt="Product Image"></a><p>Shuttle Art Acrylic Paint Set, 30 x12ml Tubes Artist Quality Non Toxic Rich Pigments Colors Great for Kids Adults Professional Painting on Rocks Canvas Wood Clay Fabric Ceramic Crafts</p><p>$12.99 ($1.08 / Fl Oz)</p><a href="https://www.amazon.com/dp/B077WSBLZ1?tag=eloabder-20&linkCode=osi&th=1&psc=1">View Product</a></div><div class="product"><a href="https://www.amazon.com/dp/B00889Z5Y6?tag=eloabder-20&linkCode=osi&th=1&psc=1"><img src="https://m.media-amazon.com/images/I/41MQjsyDbSL._SL500_.jpg" alt="Product Image"></a><p>Apple Barrel Acrylic Paint in Assorted Colors (2 oz), 20764, Apricot</p><p>$0.58 ($0.29 / Fl Oz)</p><a href="https://www.amazon.com/dp/B00889Z5Y6?tag=eloabder-20&linkCode=osi&th=1&psc=1">View Product</a></div><div class="product"><a href="https://www.amazon.com/dp/B09TWQD5ZL?tag=eloabder-20&linkCode=osi&th=1&psc=1"><img src="https://m.media-amazon.com/images/I/41B0L003QXL._SL500_.jpg" alt="Product Image"></a><p>Artkey Acrylic Paint Set - 24 colors 2 oz/59 ml Acrylic Paints Professional Artists Painting Kit for Canvases Fabric Rock Leather Easter Egg Wood Ceramic Glass Art Craft Painting</p><p>$19.99 ($0.42 / Fl Oz)</p><a href="https://www.amazon.com/dp/B09TWQD5ZL?tag=eloabder-20&linkCode=osi&th=1&psc=1">View Product</a></div><div class="product"><a href="https://www.amazon.com/dp/B07Z93LQDB?tag=eloabder-20&linkCode=osi&th=1&psc=1"><img src="https://m.media-amazon.com/images/I/51veoN6zK0L._SL500_.jpg" alt="Product Image"></a><p>Shuttle Art Acrylic Paint Set, 36 Colors Acrylic Paint with Brushes & Palette, 2oz Bottles, Rich Pigments Non-toxic Paint for Artists Kids & Adults, Art Supplies for Canvas Rock Ceramic Wood Painting</p><p>$27.99</p><a href="https://www.amazon.com/dp/B07Z93LQDB?tag=eloabder-20&linkCode=osi&th=1&psc=1">View Product</a></div><div class="product"><a href="https://www.amazon.com/dp/B002665SYY?tag=eloabder-20&linkCode=osi&th=1&psc=1"><img src="https://m.media-amazon.com/images/I/31sJJeWK6OS._SL500_.jpg" alt="Product Image"></a><p>Liquitex BASICS Acrylic Paint, 250ml (8.5-oz) Tube, Titanium White</p><p>$9.99 ($1.18 / Fl Oz)</p><a href="https://www.amazon.com/dp/B002665SYY?tag=eloabder-20&linkCode=osi&th=1&psc=1">View Product</a></div>
<div class="product"><a href="https://www.amazon.com/dp/B0CC98XLGL?tag=eloabder-20&linkCode=osi&th=1&psc=1"><img src="https://m.media-amazon.com/images/I/51ZLw+nThiL._SL500_.jpg" alt="Product Image"></a><p>HUIRUSO 4 Pack Double Sided Tape Roller, Scrapbook Supplies, Glue Tape Roller for Crafts, Double-Sided Adhesive Tape Runner for Scrapbooking, School Office Journaling Supplies (0.31 in X 26.25 ft)</p><p>$6.99 ($1.75 / Count)</p><a href="https://www.amazon.com/dp/B0CC98XLGL?tag=eloabder-20&linkCode=osi&th=1&psc=1">View Product</a></div><div class="product"><a href="https://www.amazon.com/dp/B007XAAE6K?tag=eloabder-20&linkCode=osi&th=1&psc=1"><img src="https://m.media-amazon.com/images/I/414qxYVR0wL._SL500_.jpg" alt="Product Image"></a><p>Scotch Double Sided Tape Runner, 1-Pack, 0.27 in x 26 ft., Perfect for Holiday Crafts, Gifts, and More</p><p>$4.47</p><a href="https://www.amazon.com/dp/B007XAAE6K?tag=eloabder-20&linkCode=osi&th=1&psc=1">View Product</a></div><div class="product"><a href="https://www.amazon.com/dp/B0BZVGPFSK?tag=eloabder-20&linkCode=osi&th=1&psc=1"><img src="https://m.media-amazon.com/images/I/51-ue9+7JkL._SL500_.jpg" alt="Product Image"></a><p>Birllaid Double Sided Tape for Walls, Picture Hanging Strips Removable Mounting Dots Adhesive Heavy Duty, Removable for Art Craft, Decoration, Party Supplies, Multipurpose</p><p>$11.99</p><a href="https://www.amazon.com/dp/B0BZVGPFSK?tag=eloabder-20&linkCode=osi&th=1&psc=1">View Product</a></div><div class="product"><a href="https://www.amazon.com/dp/B0CGVN9SL1?tag=eloabder-20&linkCode=osi&th=1&psc=1"><img src="https://m.media-amazon.com/images/I/41Hy+i4CnoL._SL500_.jpg" alt="Product Image"></a><p>30Ft x 1 Inch Hook and Loop Strips with Adhesive,Double Rolls of Heavy Duty Self Adhesive Tape with Backing, Nylon Self Adhesive Tape for Home Office School and Crafting,White</p><p>$9.99</p><a href="https://www.amazon.com/dp/B0CGVN9SL1?tag=eloabder-20&linkCode=osi&th=1&psc=1">View Product</a></div><div class="product"><a href="https://www.amazon.com/dp/B07Y3VDPLF?tag=eloabder-20&linkCode=osi&th=1&psc=1"><img src="https://m.media-amazon.com/images/I/41cyKQ2OMuL._SL500_.jpg" alt="Product Image"></a><p>Melsan 1x4 inch Hook and Loop Strips with Adhesive - 15 Sets, Strong Back Adhesive Fasten Mounting Tape for Home or Office Use - Instead of Holes and Screws, Black</p><p>$7.82</p><a href="https://www.amazon.com/dp/B07Y3VDPLF?tag=eloabder-20&linkCode=osi&th=1&psc=1">View Product</a></div><div class="product"><a href="https://www.amazon.com/dp/B07V57VJT5?tag=eloabder-20&linkCode=osi&th=1&psc=1"><img src="https://m.media-amazon.com/images/I/514JO3bvl3L._SL500_.jpg" alt="Product Image"></a><p>XFasten Adhesive Roller for Scrapbooking, 8mm x 30ft 4-Pack Double Sided Glue Tape Roller, Scrapbook Supplies for Adults, Photo Tape for Scrapbooking</p><p>$9.99 ($2.50 / Count)</p><a href="https://www.amazon.com/dp/B07V57VJT5?tag=eloabder-20&linkCode=osi&th=1&psc=1">View Product</a></div><div class="product"><a href="https://www.amazon.com/dp/B07JLTGQHX?tag=eloabder-20&linkCode=osi&th=1&psc=1"><img src="https://m.media-amazon.com/images/I/51Eqfo7kUZL._SL500_.jpg" alt="Product Image"></a><p>UPINS 120 Pack Double Sided Foam Tape Square Self-Adhesive Foam Tape Black Strong Tape Pads for DIY Art Crafts Supplies</p><p>$9.99 ($0.08 / Count)</p><a href="https://www.amazon.com/dp/B07JLTGQHX?tag=eloabder-20&linkCode=osi&th=1&psc=1">View Product</a></div><div class="product"><a href="https://www.amazon.com/dp/B005FM6XF4?tag=eloabder-20&linkCode=osi&th=1&psc=1"><img src="https://m.media-amazon.com/images/I/51-vp1WJ89L._SL500_.jpg" alt="Product Image"></a><p>AdTech 5603 Permanent Crafter's Tape, 0.31" x 315", Pack of 4</p><p>$7.84 ($0.07 / Foot)</p><a href="https://www.amazon.com/dp/B005FM6XF4?tag=eloabder-20&linkCode=osi&th=1&psc=1">View Product</a></div><div class="product"><a href="https://www.amazon.com/dp/B0CJF1FLFJ?tag=eloabder-20&linkCode=osi&th=1&psc=1"><img src="https://m.media-amazon.com/images/I/51dig1RqzdL._SL500_.jpg" alt="Product Image"></a><p>UPINS 150Pack Double Sided Foam Tape Strong Sticky Double Sided Foam Pads for Crafts Self-Adhesive Mounting Foam Tape Heavy Duty for Home Wall Decor 40 * 40 * 2mm</p><p>$8.99 ($0.06 / Count)</p><a href="https://www.amazon.com/dp/B0CJF1FLFJ?tag=eloabder-20&linkCode=osi&th=1&psc=1">View Product</a></div><div class="product"><a href="https://www.amazon.com/dp/B0D4YWRGCL?tag=eloabder-20&linkCode=osi&th=1&psc=1"><img src="https://m.media-amazon.com/images/I/41EqJ553-KL._SL500_.jpg" alt="Product Image"></a><p>Amanbo Glue Tape for Scrapbooking, 6 Pack Scrapbook Tape, Double Sided Tape Roller for Crafts, Total 120 Ft x 0.24 in Tape Runner, Craft Supplies for Scrapbooking, Gift Wrapping and Photo Tape</p><p>$6.99</p><a href="https://www.amazon.com/dp/B0D4YWRGCL?tag=eloabder-20&linkCode=osi&th=1&psc=1">View Product</a></div>
<div class="product"><a href="https://www.amazon.com/dp/B0CC5HPPTN?tag=eloabder-20&linkCode=osi&th=1&psc=1"><img src="https://m.media-amazon.com/images/I/519M81S201L._SL500_.jpg" alt="Product Image"></a><p>Airbrush Paint - 30 Colors with 3 Thinner, Ready to Spray Airbrush Paint Set, Water-Based Acrylic Air brush Paints for Metal, Plastic Models, Canvas, Wood, 20ml/Bottle</p><p>$32.99 ($1.48 / Fl Oz)</p><a href="https://www.amazon.com/dp/B0CC5HPPTN?tag=eloabder-20&linkCode=osi&th=1&psc=1">View Product</a></div>
<div class="product"><a href="https://www.amazon.com/dp/B0CXPSGK36?tag=eloabder-20&linkCode=osi&th=1&psc=1"><img src="https://m.media-amazon.com/images/I/51dd2dYOtrL._SL500_.jpg" alt="Product Image"></a><p>Letter Stickers 30 Sheets 1500 PCS Large Alphabet Sticker 2 Inch Vinyl Self Adhesive Stick on Stickers for Water Bottles Cup Mailbox Number Address Craft Scrapbooking Bulletin Board Decor Multicolor</p><p>$9.99</p><a href="https://www.amazon.com/dp/B0CXPSGK36?tag=eloabder-20&linkCode=osi&th=1&psc=1">View Product</a></div><div class="product"><a href="https://www.amazon.com/dp/B07NNYFMGY?tag=eloabder-20&linkCode=osi&th=1&psc=1"><img src="https://m.media-amazon.com/images/I/51yDnU+gEXL._SL500_.jpg" alt="Product Image"></a><p>20 Sheets Alphabet Letter Stickers 10 Colors Self Adhesive Sticker Colorful PU Material Convex Feeling (Colored Letter Stickers 1)</p><p>$6.99 ($0.35 / Count)</p><a href="https://www.amazon.com/dp/B07NNYFMGY?tag=eloabder-20&linkCode=osi&th=1&psc=1">View Product</a></div>

<div class="product"><a href="https://www.amazon.com/dp/B01DDN8854?tag=eloabder-20&linkCode=osi&th=1&psc=1"><img src="https://m.media-amazon.com/images/I/61dPubDZBSL._SL500_.jpg" alt="Product Image"></a><p>Hugs 'n Kisses HNKHABY13 Applique Paper (20 Pack)</p><p>$19.72 ($0.99 / Count)</p><a href="https://www.amazon.com/dp/B01DDN8854?tag=eloabder-20&linkCode=osi&th=1&psc=1">View Product</a></div>
<div class="product"><a href="https://www.amazon.com/dp/B09KPNFJW1?tag=eloabder-20&linkCode=osi&th=1&psc=1"><img src="https://m.media-amazon.com/images/I/41abn5fELmL._SL500_.jpg" alt="Product Image"></a><p>UniPleased Disposable Aprons (50 Count), Plastic apron for Painting Party, Cooking, Housework, Picnic etc.</p><p>$5.69</p><a href="https://www.amazon.com/dp/B09KPNFJW1?tag=eloabder-20&linkCode=osi&th=1&psc=1">View Product</a></div>
<div class="product"><a href="https://www.amazon.com/dp/B087M21MM2?tag=eloabder-20&linkCode=osi&th=1&psc=1"><img src="https://m.media-amazon.com/images/I/41Xf-jehhLL._SL500_.jpg" alt="Product Image"></a><p>GOTIDEAL Stretched Canvas, Multi Pack 4x4, 5x7, 8x10,9x12, 11x14 Set of 10, Primed White - 100% Cotton Artist Canvas Boards for Painting, Acrylic Pouring, Oil Paint Dry & Wet Art Media</p><p>$24.99</p><a href="https://www.amazon.com/dp/B087M21MM2?tag=eloabder-20&linkCode=osi&th=1&psc=1">View Product</a></div><div class="product"><a href="https://www.amazon.com/dp/B00OQJYISG?tag=eloabder-20&linkCode=osi&th=1&psc=1"><img src="https://m.media-amazon.com/images/I/31fEDLPkkcL._SL500_.jpg" alt="Product Image"></a><p>6 Count 12” x 16” Super Value Canvas by Artist's Loft Necessities - Acid Free Cotton Canvas for Paint, Acrylic, & Oils - 1 Pack</p><p>$19.99</p><a href="https://www.amazon.com/dp/B00OQJYISG?tag=eloabder-20&linkCode=osi&th=1&psc=1">View Product</a></div><div class="product"><a href="https://www.amazon.com/dp/B09CDKB9HY?tag=eloabder-20&linkCode=osi&th=1&psc=1"><img src="https://m.media-amazon.com/images/I/51+p5xnClGL._SL500_.jpg" alt="Product Image"></a><p>DPDIAN Canvas Boards for Painting 40 Pack, 8 inch x 10 inch Super Value Pack, Artist Canvas Panels for Oil & Acrylic Painting</p><p>$29.99</p><a href="https://www.amazon.com/dp/B09CDKB9HY?tag=eloabder-20&linkCode=osi&th=1&psc=1">View Product</a></div><div class="product"><a href="https://www.amazon.com/dp/B0CFBGP29G?tag=eloabder-20&linkCode=osi&th=1&psc=1"><img src="https://m.media-amazon.com/images/I/3147Az5plbL._SL500_.jpg" alt="Product Image"></a><p>ArtSkills Stretched Canvases for Painting, 12x16 Canvas Painting Supplies for Artists, Blank Canvas Pack, 2-Pack</p><p>$16.99</p><a href="https://www.amazon.com/dp/B0CFBGP29G?tag=eloabder-20&linkCode=osi&th=1&psc=1">View Product</a></div><div class="product"><a href="https://www.amazon.com/dp/B07BNGQ1SS?tag=eloabder-20&linkCode=osi&th=1&psc=1"><img src="https://m.media-amazon.com/images/I/410ZVtygUwS._SL500_.jpg" alt="Product Image"></a><p>PHOENIX Stretched Canvas for Painting 8x10 Inch/10 Value Pack, 8 Oz Triple Primed 5/8 Inch Profile 100% Cotton White Blank Canvas, Artist Framed Canvas for Oil Acrylic & Pouring Art</p><p>$22.99</p><a href="https://www.amazon.com/dp/B07BNGQ1SS?tag=eloabder-20&linkCode=osi&th=1&psc=1">View Product</a></div><div class="product"><a href="https://www.amazon.com/dp/B0922JP1H4?tag=eloabder-20&linkCode=osi&th=1&psc=1"><img src="https://m.media-amazon.com/images/I/41BmiEND1KL._SL500_.jpg" alt="Product Image"></a><p>GOTIDEAL Canvases for Painting, 18 Pack Canvas Boards Multipack 4x4, 5x7, 8x10, 9x12,11x14,Primed White Blank Artist Canvas Variety Pack for Acrylic Paint, Oil Paint, Watercolor, Gouache</p><p>$19.99</p><a href="https://www.amazon.com/dp/B0922JP1H4?tag=eloabder-20&linkCode=osi&th=1&psc=1">View Product</a></div>


<div class="product"><a href="https://www.amazon.com/dp/B0872VFHBH?tag=eloabder-20&linkCode=osi&th=1&psc=1"><img src="https://m.media-amazon.com/images/I/51k3bekQheS._SL500_.jpg" alt="Product Image"></a><p>Bachmore Drawing Pad 9X12 Inch (110lb/180g), 60 Sheets, Top Spiral Bound Multi-Media for Artist Pro & Amateurs | Acrylic Art, Ink, Paint, Oil Pastels,Watercolor Mixed Media Sketch</p><p>$11.99</p><a href="https://www.amazon.com/dp/B0872VFHBH?tag=eloabder-20&linkCode=osi&th=1&psc=1">View Product</a></div><div class="product"><a href="https://www.amazon.com/dp/B0027A75A4?tag=eloabder-20&linkCode=osi&th=1&psc=1"><img src="https://m.media-amazon.com/images/I/51dyOxxcgYL._SL500_.jpg" alt="Product Image"></a><p>Strathmore 200 Series Sketch Pad, 9x12 inch, 100 Sheets, Tape Bound - Artist Sketchbook for Drawing, Illustration, Art Class Students</p><p>$6.99 ($0.07 / Count)</p><a href="https://www.amazon.com/dp/B0027A75A4?tag=eloabder-20&linkCode=osi&th=1&psc=1">View Product</a></div><div class="product"><a href="https://www.amazon.com/dp/B0BV13YQKX?tag=eloabder-20&linkCode=osi&th=1&psc=1"><img src="https://m.media-amazon.com/images/I/41VYfMpvXUL._SL500_.jpg" alt="Product Image"></a><p>Canson Graduate Watercolor Pad, Foldover, 9x12 inch, 20 Sheets | Artist Paper for Adults and Students - Painting, Gouache, Mixed Media and Ink</p><p>$4.97 ($0.41 / Count)</p><a href="https://www.amazon.com/dp/B0BV13YQKX?tag=eloabder-20&linkCode=osi&th=1&psc=1">View Product</a></div><div class="product"><a href="https://www.amazon.com/dp/B0024KMQ6K?tag=eloabder-20&linkCode=osi&th=1&psc=1"><img src="https://m.media-amazon.com/images/I/51sYdvPPUCL._SL500_.jpg" alt="Product Image"></a><p>Strathmore 400 Series Pastel Pad, Assorted Colors, 9"x12" Glue Bound, 24 Sheets</p><p>$9.11</p><a href="https://www.amazon.com/dp/B0024KMQ6K?tag=eloabder-20&linkCode=osi&th=1&psc=1">View Product</a></div><div class="product"><a href="https://www.amazon.com/dp/B00246O6PI?tag=eloabder-20&linkCode=osi&th=1&psc=1"><img src="https://m.media-amazon.com/images/I/517TUmckOIL._SL500_.jpg" alt="Product Image"></a><p>Strathmore 300 Series Drawing Paper Pad, Top Wire Bound, 11x14 inches, 50 Sheets (70lb/114g) - Artist Paper for Adults and Students - Charcoal, Colored Pencil, Ink, Pastel, Marker</p><p>$13.33</p><a href="https://www.amazon.com/dp/B00246O6PI?tag=eloabder-20&linkCode=osi&th=1&psc=1">View Product</a></div>
<div class="product"><a href="https://www.amazon.com/dp/B08ZMH7LJY?tag=eloabder-20&linkCode=osi&th=1&psc=1"><img src="https://m.media-amazon.com/images/I/51mJIsLJA-S._SL500_.jpg" alt="Product Image"></a><p>PANDAFLY Professional Drawing Sketching Pencil Set - 12 Pieces Graphite Pencils(14B - 2H), Ideal for Drawing Art, Sketching, Shading, Artist Pencils for Beginners & Pro Artists</p><p>$5.11</p><a href="https://www.amazon.com/dp/B08ZMH7LJY?tag=eloabder-20&linkCode=osi&th=1&psc=1">View Product</a></div><div class="product"><a href="https://www.amazon.com/dp/B088K1G5NL?tag=eloabder-20&linkCode=osi&th=1&psc=1"><img src="https://m.media-amazon.com/images/I/51F2bOMZWnL._SL500_.jpg" alt="Product Image"></a><p>MARKART Professional Drawing Sketching Pencil Set - 14 Pieces,Graphite,(12B - 4H), Ideal for Drawing Art, Sketching, Shading, Artist Pencils for Beginners & Pro Artists</p><p>$5.24</p><a href="https://www.amazon.com/dp/B088K1G5NL?tag=eloabder-20&linkCode=osi&th=1&psc=1">View Product</a></div><div class="product"><a href="https://www.amazon.com/dp/B08FHMRW4L?tag=eloabder-20&linkCode=osi&th=1&psc=1"><img src="https://m.media-amazon.com/images/I/51Pmn5gjyzL._SL500_.jpg" alt="Product Image"></a><p>Mr. Pen- Sketch Pencils for Drawing, 14 Pack, Drawing Pencils, Art Pencils, Graphite Pencils, Graphite Pencils for Drawing, Art Pencils for Drawing and Shading</p><p>$5.95</p><a href="https://www.amazon.com/dp/B08FHMRW4L?tag=eloabder-20&linkCode=osi&th=1&psc=1">View Product</a></div><div class="product"><a href="https://www.amazon.com/dp/B0BNQ58DC4?tag=eloabder-20&linkCode=osi&th=1&psc=1"><img src="https://m.media-amazon.com/images/I/51e-gQtCcCL._SL500_.jpg" alt="Product Image"></a><p>MARTCOLOR Drawing Sketching Pencils Set, 12 Pack Graphite Pencils(14B - 2H), Ideal for Drawing Art, Sketching, Shading, Artist Pencils for Beginners & Pro Artists</p><p>$5.99</p><a href="https://www.amazon.com/dp/B0BNQ58DC4?tag=eloabder-20&linkCode=osi&th=1&psc=1">View Product</a></div>

<div class="product"><a href="https://www.amazon.com/dp/B0851M3749?tag=eloabder-20&linkCode=osi&th=1&psc=1"><img src="https://m.media-amazon.com/images/I/41KKSGSDl5L._SL500_.jpg" alt="Product Image"></a><p>N NOROCME 12 PCS Blending Stumps and Tortillions Paper Art Blenders with Sandpaper Pencil Sharpener Pointer for Student Artist Charcoal Sketch Drawing Tools</p><p>$4.99</p><a href="https://www.amazon.com/dp/B0851M3749?tag=eloabder-20&linkCode=osi&th=1&psc=1">View Product</a></div><div class="product"><a href="https://www.amazon.com/dp/B09J3HKN8F?tag=eloabder-20&linkCode=osi&th=1&psc=1"><img src="https://m.media-amazon.com/images/I/51Qvx81eQLL._SL500_.jpg" alt="Product Image"></a><p>Eraser Pencils Set for Artists, Wooden Sketch Eraser Pen for Charcoal Drawings, Professional Highlight Painting Eraser for Sketching, Revise Erasing Details for Students Limner</p><p>$6.99</p><a href="https://www.amazon.com/dp/B09J3HKN8F?tag=eloabder-20&linkCode=osi&th=1&psc=1">View Product</a></div>
<div class="product"><a href="https://www.amazon.com/dp/B09WCQ89T8?tag=eloabder-20&linkCode=osi&th=1&psc=1"><img src="https://m.media-amazon.com/images/I/41gZz0qgBFL._SL500_.jpg" alt="Product Image"></a><p>Bernat BABY BLANKET BB Blue Dreams Yarn - 1 Pack of 10.5oz/300g - Polyester - #6 Super Bulky - 220 Yards - Knitting/Crochet</p><p>$6.97</p><a href="https://www.amazon.com/dp/B09WCQ89T8?tag=eloabder-20&linkCode=osi&th=1&psc=1">View Product</a></div><div class="product"><a href="https://www.amazon.com/dp/B07V5JVNFD?tag=eloabder-20&linkCode=osi&th=1&psc=1"><img src="https://m.media-amazon.com/images/I/41IS+HdtiOL._SL500_.jpg" alt="Product Image"></a><p>Lion Brand Yarn Basic Stitch Anti-Pilling Knitting Yarn, Yarn for Crocheting, 1-Pack, Baby Blue</p><p>$8.40 ($0.02 / Foot)</p><a href="https://www.amazon.com/dp/B07V5JVNFD?tag=eloabder-20&linkCode=osi&th=1&psc=1">View Product</a></div><div class="product"><a href="https://www.amazon.com/dp/B01M0AJID2?tag=eloabder-20&linkCode=osi&th=1&psc=1"><img src="https://m.media-amazon.com/images/I/41yVau0AUpL._SL500_.jpg" alt="Product Image"></a><p>Lion Brand Yarn (1 Skein) Lion Brand Yarn Babysoft Baby Yarn Yarn, Little Boy Blue Multicolor</p><p>$7.19 ($0.01 / Foot)</p><a href="https://www.amazon.com/dp/B01M0AJID2?tag=eloabder-20&linkCode=osi&th=1&psc=1">View Product</a></div><div class="product"><a href="https://www.amazon.com/dp/B09W1KHF42?tag=eloabder-20&linkCode=osi&th=1&psc=1"><img src="https://m.media-amazon.com/images/I/41maDlrio5L._SL500_.jpg" alt="Product Image"></a><p>Red Heart Super Saver Light Blue Yarn - 3 Pack of 198g/7oz - Acrylic - 4 Medium (Worsted) - 364 Yards - Knitting/Crochet</p><p>$13.29 ($4.43 / Count)</p><a href="https://www.amazon.com/dp/B09W1KHF42?tag=eloabder-20&linkCode=osi&th=1&psc=1">View Product</a></div><div class="product"><a href="https://www.amazon.com/dp/B08LKVZ3CX?tag=eloabder-20&linkCode=osi&th=1&psc=1"><img src="https://m.media-amazon.com/images/I/41GLizNx8UL._SL500_.jpg" alt="Product Image"></a><p>Bernat Baby Blanket Baby Blue Yarn - 3 Pack of 100g/3.5oz - Polyester - 6 Super Bulky - 72 Yards - Knitting/Crochet</p><p>$21.81</p><a href="https://www.amazon.com/dp/B08LKVZ3CX?tag=eloabder-20&linkCode=osi&th=1&psc=1">View Product</a></div><div class="product"><a href="https://www.amazon.com/dp/B0CHJ95WHJ?tag=eloabder-20&linkCode=osi&th=1&psc=1"><img src="https://m.media-amazon.com/images/I/314E1EQdihL._SL500_.jpg" alt="Product Image"></a><p>NORCIA Soft Velvet Yarn Chenille Yarn for Crocheting Baby Blanket Yarn for Knitting Amigurumi Yarn Fancy Yarn for Crochet Weaving Craft (Baby Blue, 1 Skein)</p><p>$9.99</p><a href="https://www.amazon.com/dp/B0CHJ95WHJ?tag=eloabder-20&linkCode=osi&th=1&psc=1">View Product</a></div>
<div class="product"><a href="https://www.amazon.com/dp/B0779F2TXJ?tag=eloabder-20&linkCode=osi&th=1&psc=1"><img src="https://m.media-amazon.com/images/I/31kqZr8DJzL._SL500_.jpg" alt="Product Image"></a><p>OPENDGO Feather Ballpoint Pen ，Black Ink Vintage Feather Quill Refined Plated Rod Quill Ballpoint Pen For School Writing ▏Wedding Gift Signature Pen (Black)</p><p>$6.97</p><a href="https://www.amazon.com/dp/B0779F2TXJ?tag=eloabder-20&linkCode=osi&th=1&psc=1">View Product</a></div><div class="product"><a href="https://www.amazon.com/dp/B0CQF3BJ3S?tag=eloabder-20&linkCode=osi&th=1&psc=1"><img src="https://m.media-amazon.com/images/I/41gs6AOiP6L._SL500_.jpg" alt="Product Image"></a><p>3 in 1 Retractable Ballpoint Pen with Light and Stylus, Nice Pens for Journaling Writing in The Dark - White/Red Light Tip- 0.7mm Black Ink</p><p>$12.99</p><a href="https://www.amazon.com/dp/B0CQF3BJ3S?tag=eloabder-20&linkCode=osi&th=1&psc=1">View Product</a></div><div class="product"><a href="https://www.amazon.com/dp/B08BBZ3B8G?tag=eloabder-20&linkCode=osi&th=1&psc=1"><img src="https://m.media-amazon.com/images/I/41cMHyw60wL._SL500_.jpg" alt="Product Image"></a><p>Mr. Pen- Pens, Black Pens, 12 Pack, Fast Dry, No Smear Pens, Bible Pens, Pens for Journaling, Pens No Bleed Through, Pens Fine Point, Journal Pens, Fine Tip, Planner Pens, Ball Point Journal Pens</p><p>$9.99</p><a href="https://www.amazon.com/dp/B08BBZ3B8G?tag=eloabder-20&linkCode=osi&th=1&psc=1">View Product</a></div><div class="product"><a href="https://www.amazon.com/dp/B0D4YWWGX6?tag=eloabder-20&linkCode=osi&th=1&psc=1"><img src="https://m.media-amazon.com/images/I/31xHBCCzJqL._SL500_.jpg" alt="Product Image"></a><p>PATIKIL 21cm/8" Feather Ballpoint Pen, 1Pcs Ink Vintage Quill Pen Refined Plated Dip Pen for Calligraphy Writing Signature Wedding Gift, Yellow</p><p>$7.49</p><a href="https://www.amazon.com/dp/B0D4YWWGX6?tag=eloabder-20&linkCode=osi&th=1&psc=1">View Product</a></div>

<div class="product"><a href="https://www.amazon.com/dp/B001TLDEVQ?tag=eloabder-20&linkCode=osi&th=1&psc=1"><img src="https://m.media-amazon.com/images/I/41jYF39F6lL._SL500_.jpg" alt="Product Image"></a><p>Beadalon SuppleMax Illusion Beading Cord, 0.40 mm / 0.016 in, Clear Monofilament, 50 m / 164 ft</p><p>$4.74</p><a href="https://www.amazon.com/dp/B001TLDEVQ?tag=eloabder-20&linkCode=osi&th=1&psc=1">View Product</a></div><div class="product"><a href="https://www.amazon.com/dp/B0D2HVFZ7Q?tag=eloabder-20&linkCode=osi&th=1&psc=1"><img src="https://m.media-amazon.com/images/I/41R66LMYz7L._SL500_.jpg" alt="Product Image"></a><p>Zxiixz 116Yards 0.5mm Bracelet String, Waxed String Cord for Bracelet Making, Beading Thread for Bracelet Beads, Friendship Bracelet String for Bracelet Making, Waxed Polyester Cord for Jewelry Making</p><p>$6.99</p><a href="https://www.amazon.com/dp/B0D2HVFZ7Q?tag=eloabder-20&linkCode=osi&th=1&psc=1">View Product</a></div><div class="product"><a href="https://www.amazon.com/dp/B07BNF8KH5?tag=eloabder-20&linkCode=osi&th=1&psc=1"><img src="https://m.media-amazon.com/images/I/51jVByheyVL._SL500_.jpg" alt="Product Image"></a><p>PH PandaHall 100 Yards 1mm Waxed Cotton Cord Thread Beading String for Bracelet Necklace Making Crafting Beading Macrame Vase Decor, Burlywood</p><p>$7.19 ($0.02 / Foot)</p><a href="https://www.amazon.com/dp/B07BNF8KH5?tag=eloabder-20&linkCode=osi&th=1&psc=1">View Product</a></div><div class="product"><a href="https://www.amazon.com/dp/B07HBPGXJG?tag=eloabder-20&linkCode=osi&th=1&psc=1"><img src="https://m.media-amazon.com/images/I/41xi8gO6kDL._SL500_.jpg" alt="Product Image"></a><p>Paxcoo 0.8mm Elastic String, Stretchy Bracelet String Crystal String Bead Cord for Bracelet, Beading and Jewelry Making (120m)</p><p>$6.99 ($0.02 / Foot)</p><a href="https://www.amazon.com/dp/B07HBPGXJG?tag=eloabder-20&linkCode=osi&th=1&psc=1">View Product</a></div><div class="product"><a href="https://www.amazon.com/dp/B0CNPST7D9?tag=eloabder-20&linkCode=osi&th=1&psc=1"><img src="https://m.media-amazon.com/images/I/41A9VISFC4L._SL500_.jpg" alt="Product Image"></a><p>Kblick Black Nylon String Cord - 1MM 100 Yards Black Twine, Bracelet String for Bracelet Making, Braided Ornament Lanyard Sting, Jewelry Thread Clay Bead String for Crafts, Macrame Satin Cord</p><p>$5.99 ($0.02 / Foot)</p><a href="https://www.amazon.com/dp/B0CNPST7D9?tag=eloabder-20&linkCode=osi&th=1&psc=1">View Product</a></div><div class="product"><a href="https://www.amazon.com/dp/B08GC3JF9X?tag=eloabder-20&linkCode=osi&th=1&psc=1"><img src="https://m.media-amazon.com/images/I/41FQZYhvQpL._SL500_.jpg" alt="Product Image"></a><p>Cheriswelry 100M 0.8mm Nylon Beading Cord Black Chinese Knotting Rattail Macrame Thread String Roll for Jewelry Making Kumihimo Wrapping Supplies DIY Crafts</p><p>$6.99 ($0.02 / Fl Oz)</p><a href="https://www.amazon.com/dp/B08GC3JF9X?tag=eloabder-20&linkCode=osi&th=1&psc=1">View Product</a></div><div class="product"><a href="https://www.amazon.com/dp/B0B3V9RWQC?tag=eloabder-20&linkCode=osi&th=1&psc=1"><img src="https://m.media-amazon.com/images/I/41F-OP+yCxL._SL500_.jpg" alt="Product Image"></a><p>Griffin Silk Bead Cord Perlseide – Black Color – Size 3 (0.50mm) – 2 Meters per Card – Stainless Steel Needle Attached – for Knotting Pearls, Gemstones, Crystals and Beads</p><p>$4.99 ($0.76 / Foot)</p><a href="https://www.amazon.com/dp/B0B3V9RWQC?tag=eloabder-20&linkCode=osi&th=1&psc=1">View Product</a></div><div class="product"><a href="https://www.amazon.com/dp/B08F49YVQP?tag=eloabder-20&linkCode=osi&th=1&psc=1"><img src="https://m.media-amazon.com/images/I/41yCMIpj0rS._SL500_.jpg" alt="Product Image"></a><p>1mm Stretchy Bracelet String, Sturdy Rainbow Elastic String Elastic Cord for Jewelry Making, Necklaces, Beading and Crafts</p><p>$6.99 ($0.04 / Foot)</p><a href="https://www.amazon.com/dp/B08F49YVQP?tag=eloabder-20&linkCode=osi&th=1&psc=1">View Product</a></div>

<div class="product"><a href="https://www.amazon.com/dp/B001GMUBJ6?tag=eloabder-20&linkCode=osi&th=1&psc=1"><img src="https://m.media-amazon.com/images/I/41V5qzn3H5L._SL500_.jpg" alt="Product Image"></a><p>The Beadsmith Fireline by Berkley – Micro-Fused Braided Thread – 6lb. Test, 006”/.15mm Diameter, 50 Yard Spool, Crystal Color – Super Strong Stringing Material for Jewelry Making and Bead Weaving</p><p>$12.59</p><a href="https://www.amazon.com/dp/B001GMUBJ6?tag=eloabder-20&linkCode=osi&th=1&psc=1">View Product</a></div><div class="product"><a href="https://www.amazon.com/dp/B001UAKK0Y?tag=eloabder-20&linkCode=osi&th=1&psc=1"><img src="https://m.media-amazon.com/images/I/41rY1D0wfuL._SL500_.jpg" alt="Product Image"></a><p>Beadalon Wildfire, 0.006 in, 0.15 mm, Break Strength 10 lb / 4.5 kg, Frost, 50 yd / 45 m</p><p>$8.85 ($0.06 / Foot)</p><a href="https://www.amazon.com/dp/B001UAKK0Y?tag=eloabder-20&linkCode=osi&th=1&psc=1">View Product</a></div><div class="product"><a href="https://www.amazon.com/dp/B095WY58F4?tag=eloabder-20&linkCode=osi&th=1&psc=1"><img src="https://m.media-amazon.com/images/I/41mXRfJqcjL._SL500_.jpg" alt="Product Image"></a><p>PH PandaHall 0.1mm Nylon Seed Bead Thread 100 Yards Black White Bracelet Cord Beading Thread Invisible Sewing Thread Nylon Braided Thread String for Leather Stitching Beading Jewelry Bracelets Making</p><p>$9.99 ($0.03 / Foot)</p><a href="https://www.amazon.com/dp/B095WY58F4?tag=eloabder-20&linkCode=osi&th=1&psc=1">View Product</a></div><div class="product"><a href="https://www.amazon.com/dp/B08RN2R2SZ?tag=eloabder-20&linkCode=osi&th=1&psc=1"><img src="https://m.media-amazon.com/images/I/41Tg2MMC++L._SL500_.jpg" alt="Product Image"></a><p>KO Nylon Beading Thread, White Color, Japanese Pre-Waxed 100% Nylon, 330TEX, Tangle Resistant Knotting Cords, 50m /55 yds Spool, Use for Seed Bead Projects, Loom Work & Bead Weaving</p><p>$7.06 ($0.04 / Foot)</p><a href="https://www.amazon.com/dp/B08RN2R2SZ?tag=eloabder-20&linkCode=osi&th=1&psc=1">View Product</a></div><div class="product"><a href="https://www.amazon.com/dp/B09J89ST79?tag=eloabder-20&linkCode=osi&th=1&psc=1"><img src="https://m.media-amazon.com/images/I/41hLuuOZeXL._SL500_.jpg" alt="Product Image"></a><p>2 Roll Polyester Thread, Heavy Duty Thread, 1500Yard/Reel 210D/3 nylon thread for sewing, Sewing Thread for Upholstery, Outdoor Market, Drapery, Leather, Beading, Crafts</p><p>$7.99 ($0.00 / Foot)</p><a href="https://www.amazon.com/dp/B09J89ST79?tag=eloabder-20&linkCode=osi&th=1&psc=1">View Product</a></div><div class="product"><a href="https://www.amazon.com/dp/B0C6MSY7QQ?tag=eloabder-20&linkCode=osi&th=1&psc=1"><img src="https://m.media-amazon.com/images/I/31Bn-MyA62L._SL500_.jpg" alt="Product Image"></a><p>PH PandaHall 0.1mm Nylon String 100 Yards Beading Thread White Nylon Seed Bead Thread Bracelet Beading Thread Sewing String for Leather Stitching Beading Jewelry Bracelets Making</p><p>$7.99 ($0.03 / Foot)</p><a href="https://www.amazon.com/dp/B0C6MSY7QQ?tag=eloabder-20&linkCode=osi&th=1&psc=1">View Product</a></div>

<div class="product"><a href="https://www.amazon.com/dp/B07NMNDT1W?tag=eloabder-20&linkCode=osi&th=1&psc=1"><img src="https://m.media-amazon.com/images/I/41-zwQIcVcL._SL500_.jpg" alt="Product Image"></a><p>Howemon White Beeswax Pellets 2LB 100% Pure and Natural Triple Filtered for Skin, Face, Body and Hair Care DIY Creams, Lotions, Lip Balm and Soap Making Supplies</p><p>$13.99 ($0.44 / Fl Oz)</p><a href="https://www.amazon.com/dp/B07NMNDT1W?tag=eloabder-20&linkCode=osi&th=1&psc=1">View Product</a></div><div class="product"><a href="https://www.amazon.com/dp/B00B3U0FW4?tag=eloabder-20&linkCode=osi&th=1&psc=1"><img src="https://m.media-amazon.com/images/I/51rWFCST+TL._SL500_.jpg" alt="Product Image"></a><p>Beesworks Yellow Beeswax Pellets (1 lb) | 100% Pure, Cosmetic Grade, Triple-Filtered Beeswax for DIY Skin care, Lip Balm, Lotion, and Candle Making</p><p>$13.99 ($0.87 / Ounce)</p><a href="https://www.amazon.com/dp/B00B3U0FW4?tag=eloabder-20&linkCode=osi&th=1&psc=1">View Product</a></div><div class="product"><a href="https://www.amazon.com/dp/B01LWX2IO1?tag=eloabder-20&linkCode=osi&th=1&psc=1"><img src="https://m.media-amazon.com/images/I/41MlNqhDyCL._SL500_.jpg" alt="Product Image"></a><p>Beesworks Yellow Beeswax Bars (6 oz) | 100% Pure, Cosmetic Grade, Triple-Filtered Beeswax for DIY Skin Care, Lip Balm, Lotion and Candle Making (1 oz Bars - Pack of 6)</p><p>$6.99</p><a href="https://www.amazon.com/dp/B01LWX2IO1?tag=eloabder-20&linkCode=osi&th=1&psc=1">View Product</a></div><div class="product"><a href="https://www.amazon.com/dp/B0BV77F19N?tag=eloabder-20&linkCode=osi&th=1&psc=1"><img src="https://m.media-amazon.com/images/I/41xzHaO1-EL._SL500_.jpg" alt="Product Image"></a><p>Beeswax Pellets 10LB Cosmetic Beeswax Triple Filtered Beeswax Pastilles for Candle Making Great for DIY Projects Creams Lotions Lip Balm and Soap Making Supplies(10LB)</p><p>$32.99</p><a href="https://www.amazon.com/dp/B0BV77F19N?tag=eloabder-20&linkCode=osi&th=1&psc=1">View Product</a></div><div class="product"><a href="https://www.amazon.com/dp/B0C9QSG3CY?tag=eloabder-20&linkCode=osi&th=1&psc=1"><img src="https://m.media-amazon.com/images/I/414XQcU6SRL._SL500_.jpg" alt="Product Image"></a><p>YASNAY White Beeswax Pellets 2LB, 100% Organic Beeswax, Beeswax for Candle Making, Body, Skin Care DIY, Lip Balm and Soap Making Supplies</p><p>$11.99</p><a href="https://www.amazon.com/dp/B0C9QSG3CY?tag=eloabder-20&linkCode=osi&th=1&psc=1">View Product</a></div><div class="product"><a href="https://www.amazon.com/dp/B097HTC4WN?tag=eloabder-20&linkCode=osi&th=1&psc=1"><img src="https://m.media-amazon.com/images/I/51pwMM7C6-L._SL500_.jpg" alt="Product Image"></a><p>Eco Lux 8 Yellow Beeswax Blocks 100% Pure Natural Organic Bees Wax 6.5oz</p><p>$8.49 ($1.35 / Ounce)</p><a href="https://www.amazon.com/dp/B097HTC4WN?tag=eloabder-20&linkCode=osi&th=1&psc=1">View Product</a></div><div class="product"><a href="https://www.amazon.com/dp/B00HDHQQCE?tag=eloabder-20&linkCode=osi&th=1&psc=1"><img src="https://m.media-amazon.com/images/I/41vF-7MwNhL._SL500_.jpg" alt="Product Image"></a><p>Murray's 100% Pure Beeswax 4 oz</p><p>$5.98 ($1.50 / Ounce)</p><a href="https://www.amazon.com/dp/B00HDHQQCE?tag=eloabder-20&linkCode=osi&th=1&psc=1">View Product</a></div><div class="product"><a href="https://www.amazon.com/dp/B09YM8JTLM?tag=eloabder-20&linkCode=osi&th=1&psc=1"><img src="https://m.media-amazon.com/images/I/41cjNuBnFEL._SL500_.jpg" alt="Product Image"></a><p>TRINIDa Beeswax Pellets 2LB(32 oz), 100% Organic Yellow Bees Wax for DIY Candles, Beeswax for Candle Making, Skin, Body, Face, and Hair Care, Lotions, DIY Creams, Lip Balm and Soap Making Supplies</p><p>$11.99</p><a href="https://www.amazon.com/dp/B09YM8JTLM?tag=eloabder-20&linkCode=osi&th=1&psc=1">View Product</a></div><div class="product"><a href="https://www.amazon.com/dp/B00F3CNMV4?tag=eloabder-20&linkCode=osi&th=1&psc=1"><img src="https://m.media-amazon.com/images/I/31pjrRAEa4L._SL500_.jpg" alt="Product Image"></a><p>Stakich Yellow Beeswax Block - Natural, Triple Filtered - 1 Pound, Honey Scent</p><p>$13.95 ($0.87 / Ounce)</p><a href="https://www.amazon.com/dp/B00F3CNMV4?tag=eloabder-20&linkCode=osi&th=1&psc=1">View Product</a></div><div class="product"><a href="https://www.amazon.com/dp/B0BXFZBZS9?tag=eloabder-20&linkCode=osi&th=1&psc=1"><img src="https://m.media-amazon.com/images/I/4178i9IB9KL._SL500_.jpg" alt="Product Image"></a><p>5LB Beeswax Pellets Beeswax for Candle Making Organic Beeswax Pellets for Skin Beeswax Beads Beeswax Bulk Beeswax for Lotion Making Organic for DIY and Craft Project</p><p>$22.99</p><a href="https://www.amazon.com/dp/B0BXFZBZS9?tag=eloabder-20&linkCode=osi&th=1&psc=1">View Product</a></div>
<div class="product"><a href="https://www.amazon.com/dp/B0052F1BVK?tag=eloabder-20&linkCode=osi&th=1&psc=1"><img src="https://m.media-amazon.com/images/I/41zE9eiGoLL._SL500_.jpg" alt="Product Image"></a><p>ACC Staples Large Binder Clips, 2" Width, 1" Capacity, Black, 12/Pk</p><p>$6.30</p><a href="https://www.amazon.com/dp/B0052F1BVK?tag=eloabder-20&linkCode=osi&th=1&psc=1">View Product</a></div><div class="product"><a href="https://www.amazon.com/dp/B07MLFR771?tag=eloabder-20&linkCode=osi&th=1&psc=1"><img src="https://m.media-amazon.com/images/I/51N2wxA7N0L._SL500_.jpg" alt="Product Image"></a><p>CooBigo 50 Pack Binder Ring, Metal Book Ring Paper Ring Holder 5/8-Inch Loose Leaf Binder Ring Clip for Index Card, Flash Card Ring, Card Calendar, Keychain Key Ring - Bronze</p><p>$6.99</p><a href="https://www.amazon.com/dp/B07MLFR771?tag=eloabder-20&linkCode=osi&th=1&psc=1">View Product</a></div><div class="product"><a href="https://www.amazon.com/dp/B01563NHGY?tag=eloabder-20&linkCode=osi&th=1&psc=1"><img src="https://m.media-amazon.com/images/I/41gj+0ZftqL._SL500_.jpg" alt="Product Image"></a><p>vanki Pack of 40 Cute Lovely Smiling Face Spring-Loaded File Organizer Paper Holder Metal Binder Clips, Assorted Color</p><p>$8.99</p><a href="https://www.amazon.com/dp/B01563NHGY?tag=eloabder-20&linkCode=osi&th=1&psc=1">View Product</a></div><div class="product"><a href="https://www.amazon.com/dp/B000GOUDSO?tag=eloabder-20&linkCode=osi&th=1&psc=1"><img src="https://m.media-amazon.com/images/I/41ZANISHgML._SL500_.jpg" alt="Product Image"></a><p>Small Binder Clips .75" 8/Pkg-Assorted Colors</p><p>$4.46</p><a href="https://www.amazon.com/dp/B000GOUDSO?tag=eloabder-20&linkCode=osi&th=1&psc=1">View Product</a></div>
<div class="product"><a href="https://www.amazon.com/dp/B07PRPX4VR?tag=eloabder-20&linkCode=osi&th=1&psc=1"><img src="https://m.media-amazon.com/images/I/41IMH12fdPL._SL500_.jpg" alt="Product Image"></a><p>Durable Sheet Lifters, Durable Easy Flow, 11" x 3", Lifts Sheets Over Rings and Protects Sheets from Tearing, Fit Standard 3-Ring Binders, Black (20 Pack)</p><p>$14.99</p><a href="https://www.amazon.com/dp/B07PRPX4VR?tag=eloabder-20&linkCode=osi&th=1&psc=1">View Product</a></div><div class="product"><a href="https://www.amazon.com/dp/B0CM8QJHFW?tag=eloabder-20&linkCode=osi&th=1&psc=1"><img src="https://m.media-amazon.com/images/I/31cJGS74oCL._SL500_.jpg" alt="Product Image"></a><p>Wantane D-Shaped Tape Storage Ring Tape Storage Ring 4" D-Shaped Washi Tape Storage Ring for DIY Decoration and Storage（Nickel）-2PCS</p><p>$7.99</p><a href="https://www.amazon.com/dp/B0CM8QJHFW?tag=eloabder-20&linkCode=osi&th=1&psc=1">View Product</a></div>
<div class="product"><a href="https://www.amazon.com/dp/B00006IAS3?tag=eloabder-20&linkCode=osi&th=1&psc=1"><img src="https://m.media-amazon.com/images/I/317DvSXhT1L._SL500_.jpg" alt="Product Image"></a><p>GBC Binding System, Manual, Desktop Binding Punch, 6 Sheet Punch Capacity, ProClick P50 (2515650)</p><p>$123.89</p><a href="https://www.amazon.com/dp/B00006IAS3?tag=eloabder-20&linkCode=osi&th=1&psc=1">View Product</a></div><div class="product"><a href="https://www.amazon.com/dp/B004BP81KQ?tag=eloabder-20&linkCode=osi&th=1&psc=1"><img src="https://m.media-amazon.com/images/I/51SqfeZ12KL._SL500_.jpg" alt="Product Image"></a><p>We R Memory Keepers Cinch Book Binding Wire (1-Inch, Silver (2 Pack))</p><p>$5.99</p><a href="https://www.amazon.com/dp/B004BP81KQ?tag=eloabder-20&linkCode=osi&th=1&psc=1">View Product</a></div>

<div class="product"><a href="https://www.amazon.com/dp/B0007ZJ8TM?tag=eloabder-20&linkCode=osi&th=1&psc=1"><img src="https://m.media-amazon.com/images/I/41i49sz3UAL._SL500_.jpg" alt="Product Image"></a><p>Speedball Super Black India Ink, 2-Ounce</p><p>$9.99 ($9.99 / Count)</p><a href="https://www.amazon.com/dp/B0007ZJ8TM?tag=eloabder-20&linkCode=osi&th=1&psc=1">View Product</a></div><div class="product"><a href="https://www.amazon.com/dp/B0026I10AI?tag=eloabder-20&linkCode=osi&th=1&psc=1"><img src="https://m.media-amazon.com/images/I/31vklP4uBsL._SL500_.jpg" alt="Product Image"></a><p>Dr. Ph. Martin's Bombay India (7BY) Ink Bottle, 1.0 oz, Black</p><p>$6.99</p><a href="https://www.amazon.com/dp/B0026I10AI?tag=eloabder-20&linkCode=osi&th=1&psc=1">View Product</a></div><div class="product"><a href="https://www.amazon.com/dp/B000KNP96C?tag=eloabder-20&linkCode=osi&th=1&psc=1"><img src="https://m.media-amazon.com/images/I/51e9srYtG0L._SL500_.jpg" alt="Product Image"></a><p>Winsor & Newton Drawing Ink, 14ml Bottle, Black Indian</p><p>$10.99</p><a href="https://www.amazon.com/dp/B000KNP96C?tag=eloabder-20&linkCode=osi&th=1&psc=1">View Product</a></div><div class="product"><a href="https://www.amazon.com/dp/B07BQG5QF4?tag=eloabder-20&linkCode=osi&th=1&psc=1"><img src="https://m.media-amazon.com/images/I/41nEMDYZaiL._SL500_.jpg" alt="Product Image"></a><p>Speedball Super Black India Ink, 16-Ounce</p><p>$19.99</p><a href="https://www.amazon.com/dp/B07BQG5QF4?tag=eloabder-20&linkCode=osi&th=1&psc=1">View Product</a></div><div class="product"><a href="https://www.amazon.com/dp/B001038NLY?tag=eloabder-20&linkCode=osi&th=1&psc=1"><img src="https://m.media-amazon.com/images/I/418i4sxJJ0L._SL500_.jpg" alt="Product Image"></a><p>Speedball Fabric Screen Printing Ink, 8-Ounce, Black for T-Shirt and Silkscreen Printmaking</p><p>$12.99 ($1.62 / Fl Oz)</p><a href="https://www.amazon.com/dp/B001038NLY?tag=eloabder-20&linkCode=osi&th=1&psc=1">View Product</a></div><div class="product"><a href="https://www.amazon.com/dp/B00161OPSA?tag=eloabder-20&linkCode=osi&th=1&psc=1"><img src="https://m.media-amazon.com/images/I/41C32y3CJAL._SL500_.jpg" alt="Product Image"></a><p>Tsukineko VersaFine inkpad, Full-Size, Onyx Black</p><p>$4.99 ($4.99 / Count)</p><a href="https://www.amazon.com/dp/B00161OPSA?tag=eloabder-20&linkCode=osi&th=1&psc=1">View Product</a></div>
<div class="product"><a href="https://www.amazon.com/dp/B07Q4TJCDJ?tag=eloabder-20&linkCode=osi&th=1&psc=1"><img src="https://m.media-amazon.com/images/I/315HYvYg-BL._SL500_.jpg" alt="Product Image"></a><p>Primbeeks 300pcs Blank Business Cards, Premium Blank White Cards, 3.5" x 2.2" Small Blank Cards, Blank Cardstock Cards, Small Note Cards, white blank cards, white business cards, kraft paper cards</p><p>$7.99</p><a href="https://www.amazon.com/dp/B07Q4TJCDJ?tag=eloabder-20&linkCode=osi&th=1&psc=1">View Product</a></div><div class="product"><a href="https://www.amazon.com/dp/B0CRGHFLT8?tag=eloabder-20&linkCode=osi&th=1&psc=1"><img src="https://m.media-amazon.com/images/I/41S1NLpb8hL._SL500_.jpg" alt="Product Image"></a><p>Watercolor Cards and Envelopes Set - 50 Folded 5x7 Inch Blank Heavyweight Paper Cards (140lb/300gsm) with Matching Envelopes for DIY Greeting Cards, Festivals, and Events</p><p>$17.99 ($0.36 / Count)</p><a href="https://www.amazon.com/dp/B0CRGHFLT8?tag=eloabder-20&linkCode=osi&th=1&psc=1">View Product</a></div><div class="product"><a href="https://www.amazon.com/dp/B08MX4TZ3H?tag=eloabder-20&linkCode=osi&th=1&psc=1"><img src="https://m.media-amazon.com/images/I/41D2u4vdLQL._SL500_.jpg" alt="Product Image"></a><p>50 Pack Blank Kraft Cards Cardstock Thick Paper Brown Greeting Cards for DIY Gift Card Menus, Baby Shower and Wedding Invitations (Multicolored, 5x7IN)</p><p>$8.99</p><a href="https://www.amazon.com/dp/B08MX4TZ3H?tag=eloabder-20&linkCode=osi&th=1&psc=1">View Product</a></div><div class="product"><a href="https://www.amazon.com/dp/B08BDGGVMK?tag=eloabder-20&linkCode=osi&th=1&psc=1"><img src="https://m.media-amazon.com/images/I/41W-dTUoBqL._SL500_.jpg" alt="Product Image"></a><p>100pcs 3.54"x2" Blank Kraft Paper Business Card, Words Message Notes paper Tags, Mini Craft Cardboard Festival gifts - 6 colors</p><p>$5.98</p><a href="https://www.amazon.com/dp/B08BDGGVMK?tag=eloabder-20&linkCode=osi&th=1&psc=1">View Product</a></div><div class="product"><a href="https://www.amazon.com/dp/B08BFDJJ78?tag=eloabder-20&linkCode=osi&th=1&psc=1"><img src="https://m.media-amazon.com/images/I/61LZ1Csb+dL._SL500_.jpg" alt="Product Image"></a><p>Nettbe 100pcs 3.54"x2" Blank Kraft Paper Business Card, Words Message Notes paper Tags, Mini Craft Cardboard Festival gifts</p><p>$5.99</p><a href="https://www.amazon.com/dp/B08BFDJJ78?tag=eloabder-20&linkCode=osi&th=1&psc=1">View Product</a></div><div class="product"><a href="https://www.amazon.com/dp/B07Q8YBJM3?tag=eloabder-20&linkCode=osi&th=1&psc=1"><img src="https://m.media-amazon.com/images/I/31w6U4cCqEL._SL500_.jpg" alt="Product Image"></a><p>Primbeeks 228pcs Blank Business Cards, Premium Blank White Cards, 3.5" x 2.2" Small Blank Cards, Blank Cardstock Cards, Small Note Cards, white blank cards, white business cards, kraft paper cards</p><p>$5.99</p><a href="https://www.amazon.com/dp/B07Q8YBJM3?tag=eloabder-20&linkCode=osi&th=1&psc=1">View Product</a></div><div class="product"><a href="https://www.amazon.com/dp/B08X4Z9TGN?tag=eloabder-20&linkCode=osi&th=1&psc=1"><img src="https://m.media-amazon.com/images/I/41Jqhe35tDL._SL500_.jpg" alt="Product Image"></a><p>321Done Blank Rustic Cards, Made in USA - 4x6 Thick, Heavy Cardstock - Make Invites, Greeting, Note, Thank You Cards - Plain Kraft for Writing, Stamping, Printing, Art - No Envelopes - Set of 50</p><p>$14.99</p><a href="https://www.amazon.com/dp/B08X4Z9TGN?tag=eloabder-20&linkCode=osi&th=1&psc=1">View Product</a></div><div class="product"><a href="https://www.amazon.com/dp/B0D2KDWBNM?tag=eloabder-20&linkCode=osi&th=1&psc=1"><img src="https://m.media-amazon.com/images/I/31dAhnBJ7aL._SL500_.jpg" alt="Product Image"></a><p>4x6 Blank White Cardstock (Set of 100) - Card Stock for Printer Postcards, Photo Paper Invitations, Greeting, Note, Thank You, DIY Making, Index Cards - Plain for Writing, Stamping, Printing, Art</p><p>$8.99</p><a href="https://www.amazon.com/dp/B0D2KDWBNM?tag=eloabder-20&linkCode=osi&th=1&psc=1">View Product</a></div><div class="product"><a href="https://www.amazon.com/dp/B0BB858RYN?tag=eloabder-20&linkCode=osi&th=1&psc=1"><img src="https://m.media-amazon.com/images/I/317zmriPKNL._SL500_.jpg" alt="Product Image"></a><p>WANDERINGS Handmade White Deckle Edge Blank Greeting Cards- Folded to 5x7” - Pack of 25 - Writers, Artists, Crafters - Thank Yous, Invitations, Menus, Greeting Cards, Notes - Thick 150 GSM</p><p>$21.99 ($0.88 / Count)</p><a href="https://www.amazon.com/dp/B0BB858RYN?tag=eloabder-20&linkCode=osi&th=1&psc=1">View Product</a></div><div class="product"><a href="https://www.amazon.com/dp/B0BZPPXRZW?tag=eloabder-20&linkCode=osi&th=1&psc=1"><img src="https://m.media-amazon.com/images/I/21Da-WQhrpL._SL500_.jpg" alt="Product Image"></a><p>100 Pack Thick Paper Cardstock Blank Heavy Cards Stock for Invitations, Greeting Cards Making, Postcards, Photos, 250GSM Thick Paper (White, 2x3.5 inches)</p><p>$5.99</p><a href="https://www.amazon.com/dp/B0BZPPXRZW?tag=eloabder-20&linkCode=osi&th=1&psc=1">View Product</a></div>
<div class="product"><a href="https://www.amazon.com/dp/B0BZRDQKH6?tag=eloabder-20&linkCode=osi&th=1&psc=1"><img src="https://m.media-amazon.com/images/I/41GYYRiusgL._SL500_.jpg" alt="Product Image"></a><p>feela 8 Pack Unlined Kraft Paper Notebooks, Blank Journal Note Pad for Drawing Writing, Small Sketchbook Travel Journal Bulk for Women Kids Students Office School Supplies, A5, 60 Pages, 8.3” X 5.5”</p><p>$9.99</p><a href="https://www.amazon.com/dp/B0BZRDQKH6?tag=eloabder-20&linkCode=osi&th=1&psc=1">View Product</a></div><div class="product"><a href="https://www.amazon.com/dp/B0BXLB74KK?tag=eloabder-20&linkCode=osi&th=1&psc=1"><img src="https://m.media-amazon.com/images/I/313vYzg7HpL._SL500_.jpg" alt="Product Image"></a><p>ZZTX 4 Pack Blank Kraft Notebooks, Blank Paper Sketchbooks for Drawing Doodling Writing,Travel Journal Set, A5, 36 Pages, 8.3” X 5.5”</p><p>$5.99</p><a href="https://www.amazon.com/dp/B0BXLB74KK?tag=eloabder-20&linkCode=osi&th=1&psc=1">View Product</a></div><div class="product"><a href="https://www.amazon.com/dp/B0BW5TNPXJ?tag=eloabder-20&linkCode=osi&th=1&psc=1"><img src="https://m.media-amazon.com/images/I/31Wu8UP78iL._SL500_.jpg" alt="Product Image"></a><p>EOOUT Kraft Notebooks, Blank Page Journals in Bulk, 16pcs A5, 8.3 X 5.5 Inches, 60 Pages, 80gsm, Travel Journal Set, for Art Camp, Travelers, Students and Office Supplies Sketchbooks Bulk for Kids</p><p>$15.99</p><a href="https://www.amazon.com/dp/B0BW5TNPXJ?tag=eloabder-20&linkCode=osi&th=1&psc=1">View Product</a></div><div class="product"><a href="https://www.amazon.com/dp/B08P3F46SD?tag=eloabder-20&linkCode=osi&th=1&psc=1"><img src="https://m.media-amazon.com/images/I/41jeBDcZJ1L._SL500_.jpg" alt="Product Image"></a><p>Krafty Soft Cover Blank Notebook Journal, Spiral Sketchbook Pad, Drawing Book, 60 Sheets/140gsm (A4)/120 Pages</p><p>$7.99</p><a href="https://www.amazon.com/dp/B08P3F46SD?tag=eloabder-20&linkCode=osi&th=1&psc=1">View Product</a></div><div class="product"><a href="https://www.amazon.com/dp/B0CWNPMC4T?tag=eloabder-20&linkCode=osi&th=1&psc=1"><img src="https://m.media-amazon.com/images/I/31BZeVGe6TL._SL500_.jpg" alt="Product Image"></a><p>zmybcpack 5 Pack Blank Journal Notebooks, Blank Paper Sketchbook for Drawing Writing, Travel Journal Notebook Kraft Paper Notebook for Travelers, Students, Office, A5, 8.26” x 5.5”, 60 Pages/30 Sheets</p><p>$8.99</p><a href="https://www.amazon.com/dp/B0CWNPMC4T?tag=eloabder-20&linkCode=osi&th=1&psc=1">View Product</a></div><div class="product"><a href="https://www.amazon.com/dp/B07WHYP9WN?tag=eloabder-20&linkCode=osi&th=1&psc=1"><img src="https://m.media-amazon.com/images/I/41ZhyCux1yL._SL500_.jpg" alt="Product Image"></a><p>Thick Blank Journal Notebook with Unlined / Unruled / Plain Pages | Deluxe 120gsm Ink Resistant Paper for Writing, Sketch Book, 160 Pages | Hardcover Sketchbook with Pen Holder, Pocket, Ribbon (Black)</p><p>$14.99</p><a href="https://www.amazon.com/dp/B07WHYP9WN?tag=eloabder-20&linkCode=osi&th=1&psc=1">View Product</a></div>
<div class="product"><a href="https://www.amazon.com/dp/B07MT7HKZW?tag=eloabder-20&linkCode=osi&th=1&psc=1"><img src="https://m.media-amazon.com/images/I/413JwH5JREL._SL500_.jpg" alt="Product Image"></a><p>Spiral Sketch Book Large Notebook（Built-in Drawing Board） Kraft Cover Blank Sketch Pad Wirebound Sketching for Drawing Painting 8.5x11-Inch (2 Pack) 200 Sheets, 100 Sheets, 200Pages Each</p><p>$17.99 ($9.00 / Count)</p><a href="https://www.amazon.com/dp/B07MT7HKZW?tag=eloabder-20&linkCode=osi&th=1&psc=1">View Product</a></div><div class="product"><a href="https://www.amazon.com/dp/B0BDQ82WB9?tag=eloabder-20&linkCode=osi&th=1&psc=1"><img src="https://m.media-amazon.com/images/I/51FoWr3GPwL._SL500_.jpg" alt="Product Image"></a><p>feela 170 Pack Blank Kraft Notebooks, Unlined Sketchbook Mini Cute Note Pad for Drawing Writing, Journal Bulk For Kids Students Office School Supplies, A6, 48 Pages, 4.25” X 5.5”, Black and Brown</p><p>$51.99</p><a href="https://www.amazon.com/dp/B0BDQ82WB9?tag=eloabder-20&linkCode=osi&th=1&psc=1">View Product</a></div><div class="product"><a href="https://www.amazon.com/dp/B0B3WWHWT2?tag=eloabder-20&linkCode=osi&th=1&psc=1"><img src="https://m.media-amazon.com/images/I/31m0FzXtPxL._SL500_.jpg" alt="Product Image"></a><p>Tamaki 6 Pack Colorful Blank Books for kids to Write, Drawing, Cute Sketchbook for Kid, 6 Colors (4.25 x 5.5 Inches)</p><p>$6.99</p><a href="https://www.amazon.com/dp/B0B3WWHWT2?tag=eloabder-20&linkCode=osi&th=1&psc=1">View Product</a></div>
<div class="product"><a href="https://www.amazon.com/dp/B0BGH2P9M6?tag=eloabder-20&linkCode=osi&th=1&psc=1"><img src="https://m.media-amazon.com/images/I/41ozOaYoHEL._SL500_.jpg" alt="Product Image"></a><p>EOOUT 100pcs A5 Kraft Notebooks, Blank Page Journals in Bulk, Sketchbooks Bulk for Kids, 60 Pages, 80GSM, 8.3 X 5.5 Inch, Travel Journal Set, for Art Camp, Travelers, Students and Office Supplies</p><p>$51.99</p><a href="https://www.amazon.com/dp/B0BGH2P9M6?tag=eloabder-20&linkCode=osi&th=1&psc=1">View Product</a></div><div class="product"><a href="https://www.amazon.com/dp/B07MT99F94?tag=eloabder-20&linkCode=osi&th=1&psc=1"><img src="https://m.media-amazon.com/images/I/41Ug7gpSWDL._SL500_.jpg" alt="Product Image"></a><p>Spiral Sketch Book Large Notebook（Built-in Drawing Board） Kraft Cover Blank Sketch Pad Wirebound Sketching for Drawing Painting 8.5x11-Inch (1 Pack) 200 Pages, 100 Sheets</p><p>$9.99</p><a href="https://www.amazon.com/dp/B07MT99F94?tag=eloabder-20&linkCode=osi&th=1&psc=1">View Product</a></div><div class="product"><a href="https://www.amazon.com/dp/B07CM32KLM?tag=eloabder-20&linkCode=osi&th=1&psc=1"><img src="https://m.media-amazon.com/images/I/41ENhBLE9DL._SL500_.jpg" alt="Product Image"></a><p>Kraft Cover Drawing Notebook & Sketchbook – Set of 2 Blank Plain Sketch Books – 125g Thick Paper A5 Size, 150x210mm Paper Ideal for Drawing & Sketching- 128 sheets/256 pages – 180 Degree Opening, 2pcs</p><p>$20.99 ($0.08 / Count)</p><a href="https://www.amazon.com/dp/B07CM32KLM?tag=eloabder-20&linkCode=osi&th=1&psc=1">View Product</a></div><div class="product"><a href="https://www.amazon.com/dp/B08ZLMLF7C?tag=eloabder-20&linkCode=osi&th=1&psc=1"><img src="https://m.media-amazon.com/images/I/41X-5yj83vL._SL500_.jpg" alt="Product Image"></a><p>BEECHMORE BOOKS Sketch Book, A4 8.5 x 11.5 inch Blank Sketchbook for Drawing, Paint and Draw, 156 Pages Thick Paper 160gsm, Hardcover Leather Art Notebook, Boxed for Gifts (Chestnut Brown)</p><p>$21.20</p><a href="https://www.amazon.com/dp/B08ZLMLF7C?tag=eloabder-20&linkCode=osi&th=1&psc=1">View Product</a></div>
<div class="product"><a href="https://www.amazon.com/dp/B075M9MSFH?tag=eloabder-20&linkCode=osi&th=1&psc=1"><img src="https://m.media-amazon.com/images/I/51x+szTX6TL._SL500_.jpg" alt="Product Image"></a><p>Bianyo Bleedproof Marker Paper Pad, A4(8.27"X11.69"), 50 Sheets, 18 LB / 70 GSM, Glue-Bound, 100% Cotton, White, Ideal for Use with Markers and Ink Mediums</p><p>$9.99</p><a href="https://www.amazon.com/dp/B075M9MSFH?tag=eloabder-20&linkCode=osi&th=1&psc=1">View Product</a></div><div class="product"><a href="https://www.amazon.com/dp/B08FX5S2NL?tag=eloabder-20&linkCode=osi&th=1&psc=1"><img src="https://m.media-amazon.com/images/I/41CA0ZfazKL._SL500_.jpg" alt="Product Image"></a><p>Marker Paper Sketchbook, Bleedproof Art Marker Pad, (8.27 X 11.69) Inch, White, 40 Sheets</p><p>$6.99</p><a href="https://www.amazon.com/dp/B08FX5S2NL?tag=eloabder-20&linkCode=osi&th=1&psc=1">View Product</a></div><div class="product"><a href="https://www.amazon.com/dp/B0CJRBFSJ8?tag=eloabder-20&linkCode=osi&th=1&psc=1"><img src="https://m.media-amazon.com/images/I/51DLA8TpwEL._SL500_.jpg" alt="Product Image"></a><p>Shuttle Art Marker Pad, 8.3”x8.9” Portable Square Sketchbook, 80 Sheets Marker Drawing Paper, 120LB/200GSM Bleedproof Art Paper, Spiral-Bound, Great for Professional Artist to Draw, Paint & Sketch</p><p>$16.99</p><a href="https://www.amazon.com/dp/B0CJRBFSJ8?tag=eloabder-20&linkCode=osi&th=1&psc=1">View Product</a></div><div class="product"><a href="https://www.amazon.com/dp/B09N7VX5Z5?tag=eloabder-20&linkCode=osi&th=1&psc=1"><img src="https://m.media-amazon.com/images/I/51xCPs9HZyL._SL500_.jpg" alt="Product Image"></a><p>Marker Paper Sketchbook - Marker Sketchbook with Bleedproof Smooth Coated Art Paper, 120 GSM 80 LBS - Marker Pad for Alcohol Markers, Sketching, Drawing - 8.11 x 8.5 Inch | 50 Sheets, 2 Pack</p><p>$15.99 ($8.00 / Count)</p><a href="https://www.amazon.com/dp/B09N7VX5Z5?tag=eloabder-20&linkCode=osi&th=1&psc=1">View Product</a></div><div class="product"><a href="https://www.amazon.com/dp/B07CK94W9T?tag=eloabder-20&linkCode=osi&th=1&psc=1"><img src="https://m.media-amazon.com/images/I/41ocoSNDjdL._SL500_.jpg" alt="Product Image"></a><p>BOXUN Premium 50 Sheets Sketch Marker Paper Pad, Bleedproof Artist Drawing Paper, 8.27 x 11.69 Inch</p><p>$8.29 ($0.17 / Count)</p><a href="https://www.amazon.com/dp/B07CK94W9T?tag=eloabder-20&linkCode=osi&th=1&psc=1">View Product</a></div><div class="product"><a href="https://www.amazon.com/dp/B0CPXWD11W?tag=eloabder-20&linkCode=osi&th=1&psc=1"><img src="https://m.media-amazon.com/images/I/51ApKzpDVNL._SL500_.jpg" alt="Product Image"></a><p>FEITAKE Marker Paper Pad Sketchbook Bleedproof for Alcohol Markers 120lb/200gsm Double Sided Thick Art Drawing Papers 60pages (30Sheets) / A4(8.3"x11.7") Gift for Artists Students Kids</p><p>$13.99 ($0.47 / Count)</p><a href="https://www.amazon.com/dp/B0CPXWD11W?tag=eloabder-20&linkCode=osi&th=1&psc=1">View Product</a></div><div class="product"><a href="https://www.amazon.com/dp/B0025TWYW6?tag=eloabder-20&linkCode=osi&th=1&psc=1"><img src="https://m.media-amazon.com/images/I/51t6UkUHCvL._SL500_.jpg" alt="Product Image"></a><p>Bee Paper Bleedproof Marker Pack, 8-1/2-Inch by 11-Inch, 50 Sheets per Pack</p><p>$17.09 ($0.34 / Count)</p><a href="https://www.amazon.com/dp/B0025TWYW6?tag=eloabder-20&linkCode=osi&th=1&psc=1">View Product</a></div><div class="product"><a href="https://www.amazon.com/dp/B0CJRBYYQB?tag=eloabder-20&linkCode=osi&th=1&psc=1"><img src="https://m.media-amazon.com/images/I/41knBnjZ25L._SL500_.jpg" alt="Product Image"></a><p>Shuttle Art Marker Pad, 8.3”x7.67” Portable Square Sketchbook, 50 Sheets Marker Drawing Paper, 60LB/90GSM Smooth Surface Bleedproof Art Paper, Glue-Bound, Great for Beginners to Draw, Paint & Sketch</p><p>$8.99 ($0.18 / Count)</p><a href="https://www.amazon.com/dp/B0CJRBYYQB?tag=eloabder-20&linkCode=osi&th=1&psc=1">View Product</a></div>
<div class="product"><a href="https://www.amazon.com/dp/B00881IU8M?tag=eloabder-20&linkCode=osi&th=1&psc=1"><img src="https://m.media-amazon.com/images/I/41hbSgdLBtL._SL500_.jpg" alt="Product Image"></a><p>Speedball Fabric & Paper Block Printing Ink 6-Color Set, 1.25-Ounce x 6</p><p>$28.99 ($28.99 / Count)</p><a href="https://www.amazon.com/dp/B00881IU8M?tag=eloabder-20&linkCode=osi&th=1&psc=1">View Product</a></div><div class="product"><a href="https://www.amazon.com/dp/B000J09PFM?tag=eloabder-20&linkCode=osi&th=1&psc=1"><img src="https://m.media-amazon.com/images/I/51yPRc4nvoL._SL500_.jpg" alt="Product Image"></a><p>Speedball Water-Soluble Block Printing Ink Starter Set, 6 Bold Colors with Satin Finish, 1.25-Ounce Tubes</p><p>$29.99 ($4.00 / Fl Oz)</p><a href="https://www.amazon.com/dp/B000J09PFM?tag=eloabder-20&linkCode=osi&th=1&psc=1">View Product</a></div><div class="product"><a href="https://www.amazon.com/dp/B000BYT24U?tag=eloabder-20&linkCode=osi&th=1&psc=1"><img src="https://m.media-amazon.com/images/I/51pDlo+LlKL._SL500_.jpg" alt="Product Image"></a><p>Speedball Water-Soluble Block Printing Ink, 8-Ounce Jar, Black</p><p>$14.49</p><a href="https://www.amazon.com/dp/B000BYT24U?tag=eloabder-20&linkCode=osi&th=1&psc=1">View Product</a></div><div class="product"><a href="https://www.amazon.com/dp/B00C1JUJWW?tag=eloabder-20&linkCode=osi&th=1&psc=1"><img src="https://m.media-amazon.com/images/I/41zDtJ6f5hL._SL500_.jpg" alt="Product Image"></a><p>Speedball Fabric Block Printing Ink, 2.5-Ounce, Black</p><p>$9.99 ($4.00 / Fl Oz)</p><a href="https://www.amazon.com/dp/B00C1JUJWW?tag=eloabder-20&linkCode=osi&th=1&psc=1">View Product</a></div><div class="product"><a href="https://www.amazon.com/dp/B004PZ1ZJG?tag=eloabder-20&linkCode=osi&th=1&psc=1"><img src="https://m.media-amazon.com/images/I/41+GkhhpR5L._SL500_.jpg" alt="Product Image"></a><p>Speedball Water-Soluble Block Printing Ink Starter Set, 4-Color Set, 1.25-Ounce Tubes</p><p>$20.99</p><a href="https://www.amazon.com/dp/B004PZ1ZJG?tag=eloabder-20&linkCode=osi&th=1&psc=1">View Product</a></div><div class="product"><a href="https://www.amazon.com/dp/B0017CZF3C?tag=eloabder-20&linkCode=osi&th=1&psc=1"><img src="https://m.media-amazon.com/images/I/41S17SYPAZL._SL500_.jpg" alt="Product Image"></a><p>Speedball Water Soluble Block Printing Ink, Black, 2-1/2 Ounces - 380663</p><p>$9.99</p><a href="https://www.amazon.com/dp/B0017CZF3C?tag=eloabder-20&linkCode=osi&th=1&psc=1">View Product</a></div><div class="product"><a href="https://www.amazon.com/dp/B0BXNX8FSH?tag=eloabder-20&linkCode=osi&th=1&psc=1"><img src="https://m.media-amazon.com/images/I/51JGm1VxVOL._SL500_.jpg" alt="Product Image"></a><p>Falling in Art Water-Soluble Block Printing Ink, 6-Color Printmaking Ink Set for Linoleum Block, 3.5 floz</p><p>$28.99</p><a href="https://www.amazon.com/dp/B0BXNX8FSH?tag=eloabder-20&linkCode=osi&th=1&psc=1">View Product</a></div><div class="product"><a href="https://www.amazon.com/dp/B0027ACJBO?tag=eloabder-20&linkCode=osi&th=1&psc=1"><img src="https://m.media-amazon.com/images/I/41OzayB9ojL._SL500_.jpg" alt="Product Image"></a><p>Speedball 3476 Oil-Based Block Printing Ink Starter Set for Professional, Permanent Prints AP Certified – 1.25 FL OZ Tubes</p><p>$33.99</p><a href="https://www.amazon.com/dp/B0027ACJBO?tag=eloabder-20&linkCode=osi&th=1&psc=1">View Product</a></div>
<div class="product"><a href="https://www.amazon.com/dp/B0027AGDWK?tag=eloabder-20&linkCode=osi&th=1&psc=1"><img src="https://m.media-amazon.com/images/I/515LDer6GPL._SL500_.jpg" alt="Product Image"></a><p>Speedball Deluxe Block Printing Kit - Includes Inks, Brayer, Bench Hook, Lino Handle and Cutters, Speedy-Carve Block, Mounted Linoleum Block</p><p>$59.99</p><a href="https://www.amazon.com/dp/B0027AGDWK?tag=eloabder-20&linkCode=osi&th=1&psc=1">View Product</a></div><div class="product"><a href="https://www.amazon.com/dp/B07ZJBZN5S?tag=eloabder-20&linkCode=osi&th=1&psc=1"><img src="https://m.media-amazon.com/images/I/41UbN58y9uS._SL500_.jpg" alt="Product Image"></a><p>SGHUO 12pcs 4"x6" Pink Rubber Carving Blocks Linoleum Block Stamp Making Kit</p><p>$22.99 ($1.92 / Count)</p><a href="https://www.amazon.com/dp/B07ZJBZN5S?tag=eloabder-20&linkCode=osi&th=1&psc=1">View Product</a></div>
<div class="product"><a href="https://www.amazon.com/dp/B00L2DYUM8?tag=eloabder-20&linkCode=osi&th=1&psc=1"><img src="https://m.media-amazon.com/images/I/51l5FZ0+5AL._SL500_.jpg" alt="Product Image"></a><p>Strathmore 300 Series Printmaking Paper Pad, Glue Bound, 5x7 inches, 40 Sheets (120g) - Artist Paper for Adults and Students - Block Printing, Linocut, Screen Printing, White</p><p>$7.26</p><a href="https://www.amazon.com/dp/B00L2DYUM8?tag=eloabder-20&linkCode=osi&th=1&psc=1">View Product</a></div><div class="product"><a href="https://www.amazon.com/dp/B07BSYS5XC?tag=eloabder-20&linkCode=osi&th=1&psc=1"><img src="https://m.media-amazon.com/images/I/51Uwfq0jv+L._SL500_.jpg" alt="Product Image"></a><p>Ucreate Printmaking Paper, 9"x12", White, 100 Sheet, P9001</p><p>$9.79</p><a href="https://www.amazon.com/dp/B07BSYS5XC?tag=eloabder-20&linkCode=osi&th=1&psc=1">View Product</a></div><div class="product"><a href="https://www.amazon.com/dp/B00K5562WA?tag=eloabder-20&linkCode=osi&th=1&psc=1"><img src="https://m.media-amazon.com/images/I/51Dm+TeJGdL._SL500_.jpg" alt="Product Image"></a><p>Strathmore Printmaking Paper Pad 8"X10"-20 Sheets -62433800, White</p><p>$10.19</p><a href="https://www.amazon.com/dp/B00K5562WA?tag=eloabder-20&linkCode=osi&th=1&psc=1">View Product</a></div><div class="product"><a href="https://www.amazon.com/dp/B001DNH8I0?tag=eloabder-20&linkCode=osi&th=1&psc=1"><img src="https://m.media-amazon.com/images/I/51UzoKdUojL._SL500_.jpg" alt="Product Image"></a><p>Black Ink 9-Inch by 12-Inch Bleached Mulberry Block Printing Paper, 25-Pack</p><p>$19.35 ($0.77 / Count)</p><a href="https://www.amazon.com/dp/B001DNH8I0?tag=eloabder-20&linkCode=osi&th=1&psc=1">View Product</a></div><div class="product"><a href="https://www.amazon.com/dp/B00C6G6L5Y?tag=eloabder-20&linkCode=osi&th=1&psc=1"><img src="https://m.media-amazon.com/images/I/5103h0Rm8sL._SL500_.jpg" alt="Product Image"></a><p>Black Ink Thai Mulberry Block Printing Paper Packs small assorted colors</p><p>$21.99</p><a href="https://www.amazon.com/dp/B00C6G6L5Y?tag=eloabder-20&linkCode=osi&th=1&psc=1">View Product</a></div>
<div class="product"><a href="https://www.amazon.com/dp/B003IG27OK?tag=eloabder-20&linkCode=osi&th=1&psc=1"><img src="https://m.media-amazon.com/images/I/416NUaYo1DL._SL500_.jpg" alt="Product Image"></a><p>Speedball Block Printing Baren - Comfortable Wooden Handle, Made in the USA - 4 Inches</p><p>$29.49</p><a href="https://www.amazon.com/dp/B003IG27OK?tag=eloabder-20&linkCode=osi&th=1&psc=1">View Product</a></div>
<div class="product"><a href="https://www.amazon.com/dp/B0CMZYY8CJ?tag=eloabder-20&linkCode=osi&th=1&psc=1"><img src="https://m.media-amazon.com/images/I/41TifSIP7SL._SL500_.jpg" alt="Product Image"></a><p>Ecoofor Blotting Paper for Flower Press, 20 Sheets Highly Absorbent and Reusable Blotter Paper for Flower Press Paper Craft 9 x 9 inch</p><p>$9.99</p><a href="https://www.amazon.com/dp/B0CMZYY8CJ?tag=eloabder-20&linkCode=osi&th=1&psc=1">View Product</a></div><div class="product"><a href="https://www.amazon.com/dp/B0CYRT3RM4?tag=eloabder-20&linkCode=osi&th=1&psc=1"><img src="https://m.media-amazon.com/images/I/31+qvVq3giL._SL500_.jpg" alt="Product Image"></a><p>Hygge & Sage Premium Natural Fiber Blotting Paper for Flower Press Art; 20 Large Sheets for a Press up to 8x11 Inches; Absorbent, Versatile, and Acid-Free Reusable Blotter Paper for Flower Pressing</p><p>$9.50 ($0.48 / Count)</p><a href="https://www.amazon.com/dp/B0CYRT3RM4?tag=eloabder-20&linkCode=osi&th=1&psc=1">View Product</a></div><div class="product"><a href="https://www.amazon.com/dp/B0D41GDLHM?tag=eloabder-20&linkCode=osi&th=1&psc=1"><img src="https://m.media-amazon.com/images/I/41LIF5dHXaL._SL500_.jpg" alt="Product Image"></a><p>Aboofx 20 Sheets Blotting Paper for Flower Press, 15" x 10" Extra Large Highly Absorbent Blotter Paper for Flower Press Reusable Herbarium Paper Craft Blotter Paper Sheets</p><p>$19.99</p><a href="https://www.amazon.com/dp/B0D41GDLHM?tag=eloabder-20&linkCode=osi&th=1&psc=1">View Product</a></div><div class="product"><a href="https://www.amazon.com/dp/B0CQMMYSBR?tag=eloabder-20&linkCode=osi&th=1&psc=1"><img src="https://m.media-amazon.com/images/I/413SlUi6IDL._SL500_.jpg" alt="Product Image"></a><p>Wisreach Blotting Paper for Flower Press, 20 Sheets Flower Press Paper Highly Absorbent and Reusable Blotter Paper for Flower Art A4 Size 8.26 x 11.4 inch</p><p>$9.99</p><a href="https://www.amazon.com/dp/B0CQMMYSBR?tag=eloabder-20&linkCode=osi&th=1&psc=1">View Product</a></div><div class="product"><a href="https://www.amazon.com/dp/B093FQ22PG?tag=eloabder-20&linkCode=osi&th=1&psc=1"><img src="https://m.media-amazon.com/images/I/41B2jXhe+QL._SL500_.jpg" alt="Product Image"></a><p>Blotting Paper for Flower Press by Berstuk® • Large A4 Flower Press Paper • Highly Absorbent and Reusable Herbarium Paper • Pack of 10 Blotter Paper Sheets</p><p>$6.99 ($69.90 / 100 Sheets)</p><a href="https://www.amazon.com/dp/B093FQ22PG?tag=eloabder-20&linkCode=osi&th=1&psc=1">View Product</a></div><div class="product"><a href="https://www.amazon.com/dp/B0C6PW4VGB?tag=eloabder-20&linkCode=osi&th=1&psc=1"><img src="https://m.media-amazon.com/images/I/21C64VB3iVL._SL500_.jpg" alt="Product Image"></a><p>PATIKIL 16"x12" Flower Press Paper, 1 Set/30 Sheet Refill Lining Blotter Paper Absorbent Reusable Blotting Paper for DIY Art Handicraft Scrapbook</p><p>$11.19</p><a href="https://www.amazon.com/dp/B0C6PW4VGB?tag=eloabder-20&linkCode=osi&th=1&psc=1">View Product</a></div><div class="product"><a href="https://www.amazon.com/dp/B0C6PTK915?tag=eloabder-20&linkCode=osi&th=1&psc=1"><img src="https://m.media-amazon.com/images/I/21UviFCGjtL._SL500_.jpg" alt="Product Image"></a><p>PATIKIL 12"x8" Flower Press Paper, 2 Set/60 Sheet Refill Lining Blotter Paper Absorbent Reusable Blotting Paper for DIY Art Handicraft Scrapbook</p><p>$13.69</p><a href="https://www.amazon.com/dp/B0C6PTK915?tag=eloabder-20&linkCode=osi&th=1&psc=1">View Product</a></div><div class="product"><a href="https://www.amazon.com/dp/B0CDJZ4MD7?tag=eloabder-20&linkCode=osi&th=1&psc=1"><img src="https://m.media-amazon.com/images/I/41iwkW+QQOL._SL500_.jpg" alt="Product Image"></a><p>30 PCS Blotting Paper for Flower Press Large A4 Flower Press Paper Highly Absorbent and Reusable Blotter Paper Refill Lining Paper for Flower Press Art Craft Scrapbook Making, 11.8 x 7.9 Inches Blue</p><p>$9.99</p><a href="https://www.amazon.com/dp/B0CDJZ4MD7?tag=eloabder-20&linkCode=osi&th=1&psc=1">View Product</a></div>

<div class="product"><a href="https://www.amazon.com/dp/B0D2T4F1DZ?tag=eloabder-20&linkCode=osi&th=1&psc=1"><img src="https://m.media-amazon.com/images/I/41KNcatyBWL._SL500_.jpg" alt="Product Image"></a><p>10pcs Book Cloth,14”x10”,Fabric Surface and Paper Backed, book cloth for book binding,book binding fabric,5 Colors Bookbinding Cloth for DIY fabric book cover,bookbinding paper (Style B)</p><p>$9.99</p><a href="https://www.amazon.com/dp/B0D2T4F1DZ?tag=eloabder-20&linkCode=osi&th=1&psc=1">View Product</a></div><div class="product"><a href="https://www.amazon.com/dp/B0CMD2LWR8?tag=eloabder-20&linkCode=osi&th=1&psc=1"><img src="https://m.media-amazon.com/images/I/31QVUZVSB+L._SL500_.jpg" alt="Product Image"></a><p>Mozeat Lens 33 ft Bookbinding Tape Book Tape Repair Book Binding Tape Cloth Book Repair Kit 2 Inch Wide Book Spine Tape Cloth Bookbinding Repair Tape White Book Tape for Reinforcing Book Spine Tape</p><p>$7.99</p><a href="https://www.amazon.com/dp/B0CMD2LWR8?tag=eloabder-20&linkCode=osi&th=1&psc=1">View Product</a></div><div class="product"><a href="https://www.amazon.com/dp/B0D1KC168C?tag=eloabder-20&linkCode=osi&th=1&psc=1"><img src="https://m.media-amazon.com/images/I/31wWgk-1V4L._SL500_.jpg" alt="Product Image"></a><p>AKONEGE Book Cloth for Book Binding 35 x 16 Inch Fabric Surface and Paper Backed, Strong, Easy to Use, Fabric Materials Bookbinding Supplies Bookcloth for Scrapbooking Album DIY Crafts, Black</p><p>$9.99</p><a href="https://www.amazon.com/dp/B0D1KC168C?tag=eloabder-20&linkCode=osi&th=1&psc=1">View Product</a></div><div class="product"><a href="https://www.amazon.com/dp/B0BC48CCWW?tag=eloabder-20&linkCode=osi&th=1&psc=1"><img src="https://m.media-amazon.com/images/I/41vTc+L-XyL._SL500_.jpg" alt="Product Image"></a><p>Wooqu Book Cloth, Fabric Surface and Paper Backed, Easy to Use, Strong, 17x29”, for Book Binding, Dark Green</p><p>$13.99</p><a href="https://www.amazon.com/dp/B0BC48CCWW?tag=eloabder-20&linkCode=osi&th=1&psc=1">View Product</a></div><div class="product"><a href="https://www.amazon.com/dp/B00W3S7LU4?tag=eloabder-20&linkCode=osi&th=1&psc=1"><img src="https://m.media-amazon.com/images/I/41mUL1LmSHS._SL500_.jpg" alt="Product Image"></a><p>BookGuard 2 inch Premium Bookbinding Repair Cloth Tape, 15 Yard Roll Burgundy</p><p>$14.95</p><a href="https://www.amazon.com/dp/B00W3S7LU4?tag=eloabder-20&linkCode=osi&th=1&psc=1">View Product</a></div>

<div class="product"><a href="https://www.amazon.com/dp/B08217DGL7?tag=eloabder-20&linkCode=osi&th=1&psc=1"><img src="https://m.media-amazon.com/images/I/51Gy-qfph7L._SL500_.jpg" alt="Product Image"></a><p>24 Colors Waxed Thread, Leather Sewing Thread,Hand Stitching Thread for Hand Sewing Leather and Bookbinding, 13Yards Per Color</p><p>$11.99 ($0.01 / Foot)</p><a href="https://www.amazon.com/dp/B08217DGL7?tag=eloabder-20&linkCode=osi&th=1&psc=1">View Product</a></div><div class="product"><a href="https://www.amazon.com/dp/B08GCHJ3FP?tag=eloabder-20&linkCode=osi&th=1&psc=1"><img src="https://m.media-amazon.com/images/I/41TK-XNxTFL._SL500_.jpg" alt="Product Image"></a><p>FANDOL 100% Natural Linen Thread Waxed thread for Bookbingding, Leather Sewing, Beading or Macrame (Natural)</p><p>$14.98</p><a href="https://www.amazon.com/dp/B08GCHJ3FP?tag=eloabder-20&linkCode=osi&th=1&psc=1">View Product</a></div><div class="product"><a href="https://www.amazon.com/dp/B0025U108E?tag=eloabder-20&linkCode=osi&th=1&psc=1"><img src="https://m.media-amazon.com/images/I/4172yrURiVL._SL500_.jpg" alt="Product Image"></a><p>Books by Hand Linen Thread, Archival Quality Natural Unbleached and Unwaxed, 50 Yards 35/3 Gauge, Ideal for Bookbinding and Sewing Signatures</p><p>$9.47</p><a href="https://www.amazon.com/dp/B0025U108E?tag=eloabder-20&linkCode=osi&th=1&psc=1">View Product</a></div><div class="product"><a href="https://www.amazon.com/dp/B08S78KLRN?tag=eloabder-20&linkCode=osi&th=1&psc=1"><img src="https://m.media-amazon.com/images/I/413NGMtJdrL._SL500_.jpg" alt="Product Image"></a><p>Jupean Waxed Thread, 150m /164Yards Beige Leather Waxed Thread, Leather Sewing Thread, Hand Stitching Thread for Hand Sewing Leather, Bookbinding, and Beginners Leather Craft DIY</p><p>$6.49 ($0.01 / Foot)</p><a href="https://www.amazon.com/dp/B08S78KLRN?tag=eloabder-20&linkCode=osi&th=1&psc=1">View Product</a></div><div class="product"><a href="https://www.amazon.com/dp/B015D9E6UM?tag=eloabder-20&linkCode=osi&th=1&psc=1"><img src="https://m.media-amazon.com/images/I/51VnWPI+Q5L._SL500_.jpg" alt="Product Image"></a><p>Lineco, Natural Waxed Linen Thread 20 Yards, Books by Hand Natural, Black, Brown Color for Sewing, Bookbinding (3/Pkg)</p><p>$13.77</p><a href="https://www.amazon.com/dp/B015D9E6UM?tag=eloabder-20&linkCode=osi&th=1&psc=1">View Product</a></div>
<div class="product"><a href="https://www.amazon.com/dp/B0CMD53C1C?tag=eloabder-20&linkCode=osi&th=1&psc=1"><img src="https://m.media-amazon.com/images/I/31dU4wqS0rL._SL500_.jpg" alt="Product Image"></a><p>5-in-1 Bookbinding Kit,Book Cover Guide, Bookbinding Cover Tool, Stainless Steel Book Binding Kit, Bookbinding Ruler, Scrapbooking Tools for Making Book Cover Chipboard Covers Album Planner</p><p>$7.88</p><a href="https://www.amazon.com/dp/B0CMD53C1C?tag=eloabder-20&linkCode=osi&th=1&psc=1">View Product</a></div>
<div class="product"><a href="https://www.amazon.com/dp/B007TIEG6U?tag=eloabder-20&linkCode=osi&th=1&psc=1"><img src="https://m.media-amazon.com/images/I/31d6r6R5lGL._SL500_.jpg" alt="Product Image"></a><p>Handy Art Empty 2 ounce Marker Bottle, Dauber Tip and Cap, 12-Each (900-003) , White</p><p>$23.12 ($1.93 / Count)</p><a href="https://www.amazon.com/dp/B007TIEG6U?tag=eloabder-20&linkCode=osi&th=1&psc=1">View Product</a></div>
<div class="product"><a href="https://www.amazon.com/dp/B07YDNKSH6?tag=eloabder-20&linkCode=osi&th=1&psc=1"><img src="https://m.media-amazon.com/images/I/41JGrHa7mSL._SL500_.jpg" alt="Product Image"></a><p>4-Inch Rubber Brayer Roller for Printmaking, Great for Gluing Application Also. (Original Version)</p><p>$6.99</p><a href="https://www.amazon.com/dp/B07YDNKSH6?tag=eloabder-20&linkCode=osi&th=1&psc=1">View Product</a></div>
<div class="product"><a href="https://www.amazon.com/dp/B005U7BNPE?tag=eloabder-20&linkCode=osi&th=1&psc=1"><img src="https://m.media-amazon.com/images/I/418YfTClSxL._SL500_.jpg" alt="Product Image"></a><p>Apple Barrel Acrylic Paint in Assorted Colors (2 oz), 20513, Bright Yellow</p><p>$0.58 ($0.29 / Fl Oz)</p><a href="https://www.amazon.com/dp/B005U7BNPE?tag=eloabder-20&linkCode=osi&th=1&psc=1">View Product</a></div><div class="product"><a href="https://www.amazon.com/dp/B099DWCRZ5?tag=eloabder-20&linkCode=osi&th=1&psc=1"><img src="https://m.media-amazon.com/images/I/41rr5hT-8TL._SL500_.jpg" alt="Product Image"></a><p>milo Fluorescent Acrylic Paint Set of 6 Colors | 4 oz Bottles | Student Neon Colors Acrylics Painting Pack | Made in the USA | Non-Toxic Art & Craft Paints for Artists, Kids, & Hobby Painters</p><p>$22.90 ($0.95 / Fl Oz)</p><a href="https://www.amazon.com/dp/B099DWCRZ5?tag=eloabder-20&linkCode=osi&th=1&psc=1">View Product</a></div><div class="product"><a href="https://www.amazon.com/dp/B07ZPPPWPL?tag=eloabder-20&linkCode=osi&th=1&psc=1"><img src="https://m.media-amazon.com/images/I/51Vqk2rrZwL._SL500_.jpg" alt="Product Image"></a><p>Apple Barrel, Pastel Dreams & Vivid Wonders Collection Acrylic Craft Paint, PROMOTCK, 2 fl oz each, 18 assorted matte colors, 18 count</p><p>$22.66 ($0.63 / Fl Oz)</p><a href="https://www.amazon.com/dp/B07ZPPPWPL?tag=eloabder-20&linkCode=osi&th=1&psc=1">View Product</a></div><div class="product"><a href="https://www.amazon.com/dp/B0CKQR52XC?tag=eloabder-20&linkCode=osi&th=1&psc=1"><img src="https://m.media-amazon.com/images/I/51WTPlhN2WL._SL500_.jpg" alt="Product Image"></a><p>ARTME Glow in The Dark Paint, 10 Bright Colors 60ml/2oz Blacklight Paint Set, Neon Craft Paint, Acrylic Glow Fluorescent Paint Perfect for Art Painting, DIY projects, Halloween and Christmas</p><p>$23.99 ($1.20 / Fl Oz)</p><a href="https://www.amazon.com/dp/B0CKQR52XC?tag=eloabder-20&linkCode=osi&th=1&psc=1">View Product</a></div><div class="product"><a href="https://www.amazon.com/dp/B09XXHBL3Y?tag=eloabder-20&linkCode=osi&th=1&psc=1"><img src="https://m.media-amazon.com/images/I/51taBeDdeIL._SL500_.jpg" alt="Product Image"></a><p>Fantastory Glow in the Dark Acrylic Paint, 10 Extra Bright Colors, 30ml/1oz Waterproof Glow in Dark Paint,Indoor Outdoor Blacklight Paint for Kids,Adults, Rocks,Walls,Halloween,Craft &Fabric</p><p>$9.99 ($1.00 / Fl Oz)</p><a href="https://www.amazon.com/dp/B09XXHBL3Y?tag=eloabder-20&linkCode=osi&th=1&psc=1">View Product</a></div><div class="product"><a href="https://www.amazon.com/dp/B0BS3JM8ZR?tag=eloabder-20&linkCode=osi&th=1&psc=1"><img src="https://m.media-amazon.com/images/I/51S8FteGgPL._SL500_.jpg" alt="Product Image"></a><p>Acrylic Paint, Shuttle Art 24 Colors Acrylic Paint Bottle Set, 250ml/8.45oz Each, Rich Pigments, High Viscosity, Bulk Paint for Artists, Beginners and Kids Painting on Rocks Crafts Canvas Wood Ceramic</p><p>$49.99 ($0.25 / Fl Oz)</p><a href="https://www.amazon.com/dp/B0BS3JM8ZR?tag=eloabder-20&linkCode=osi&th=1&psc=1">View Product</a></div><div class="product"><a href="https://www.amazon.com/dp/B00CIW3EDI?tag=eloabder-20&linkCode=osi&th=1&psc=1"><img src="https://m.media-amazon.com/images/I/41PMnxyBo5L._SL500_.jpg" alt="Product Image"></a><p>FolkArt Multi-Surface Acrylic Paint in Assorted Colors (2 oz), 2896, Bright Pink</p><p>$1.47 ($0.74 / Fl Oz)</p><a href="https://www.amazon.com/dp/B00CIW3EDI?tag=eloabder-20&linkCode=osi&th=1&psc=1">View Product</a></div><div class="product"><a href="https://www.amazon.com/dp/B085ZB5ZK9?tag=eloabder-20&linkCode=osi&th=1&psc=1"><img src="https://m.media-amazon.com/images/I/51nmRq1eicL._SL500_.jpg" alt="Product Image"></a><p>FolkArt 4 Bottle Multi-Surface Acrylic Paint Set, 2oz, Neon Blacklight Colors</p><p>$8.12 ($1.02 / Fl Oz)</p><a href="https://www.amazon.com/dp/B085ZB5ZK9?tag=eloabder-20&linkCode=osi&th=1&psc=1">View Product</a></div><div class="product"><a href="https://www.amazon.com/dp/B08N585VN5?tag=eloabder-20&linkCode=osi&th=1&psc=1"><img src="https://m.media-amazon.com/images/I/51nwFBdxwVL._SL500_.jpg" alt="Product Image"></a><p>Acrylic Paint Set Value Pack of 12 Colors | Craft Painting Kit with 2 oz Squeeze Bottles for Beginners, Artists, Professionals | Non-Toxic Water Based Paints for Canvas, Paper, Wood | Bright Hues</p><p>$11.99 ($0.50 / Fl Oz)</p><a href="https://www.amazon.com/dp/B08N585VN5?tag=eloabder-20&linkCode=osi&th=1&psc=1">View Product</a></div>
<div class="product"><a href="https://www.amazon.com/dp/B0009RRT9Y?tag=eloabder-20&linkCode=osi&th=1&psc=1"><img src="https://m.media-amazon.com/images/I/51ZhyYPOB5L._SL500_.jpg" alt="Product Image"></a><p>General Pencil Company The Masters Brush Cleaner & Preserver 2.5 0z.</p><p>$12.00</p><a href="https://www.amazon.com/dp/B0009RRT9Y?tag=eloabder-20&linkCode=osi&th=1&psc=1">View Product</a></div><div class="product"><a href="https://www.amazon.com/dp/B00F38YVQS?tag=eloabder-20&linkCode=osi&th=1&psc=1"><img src="https://m.media-amazon.com/images/I/51yjmSTzzML._SL500_.jpg" alt="Product Image"></a><p>B & J Original Brush Cleaner - 2.5 Oz/12ct Display</p><p>$12.77</p><a href="https://www.amazon.com/dp/B00F38YVQS?tag=eloabder-20&linkCode=osi&th=1&psc=1">View Product</a></div><div class="product"><a href="https://www.amazon.com/dp/B004BN7QQ8?tag=eloabder-20&linkCode=osi&th=1&psc=1"><img src="https://m.media-amazon.com/images/I/31fEWB-h4VL._SL500_.jpg" alt="Product Image"></a><p>Winsor & Newton Brush Cleaner & Restorer, 16.0-oz Bottle</p><p>$21.87 ($1.37 / Fl Oz)</p><a href="https://www.amazon.com/dp/B004BN7QQ8?tag=eloabder-20&linkCode=osi&th=1&psc=1">View Product</a></div><div class="product"><a href="https://www.amazon.com/dp/B09NCHL2LM?tag=eloabder-20&linkCode=osi&th=1&psc=1"><img src="https://m.media-amazon.com/images/I/31UzwasdL6L._SL500_.jpg" alt="Product Image"></a><p>U.S. Art Supply Brush Cleaner and Restorer, 4 Ounce Bottle - Quickly Cleans Paint Brushes, Airbrushes, Art Tools - Cleaning Solution to Remove Dried On Acrylic, Oil and Water-Based Paint Colors</p><p>$8.99 ($2.25 / Fl Oz)</p><a href="https://www.amazon.com/dp/B09NCHL2LM?tag=eloabder-20&linkCode=osi&th=1&psc=1">View Product</a></div><div class="product"><a href="https://www.amazon.com/dp/B09J8L55SK?tag=eloabder-20&linkCode=osi&th=1&psc=1"><img src="https://m.media-amazon.com/images/I/41qgWS2nSsL._SL500_.jpg" alt="Product Image"></a><p>Green Piece® Paint Brush Cleaner and Restorer for Art Paint Brushes - 100% Natural - Non-Toxic - Wet or Dry Paint - No Chemicals - Oil or Acrylic Paints, Wood and Metal - Amazing Power - 18 Oz</p><p>$19.88</p><a href="https://www.amazon.com/dp/B09J8L55SK?tag=eloabder-20&linkCode=osi&th=1&psc=1">View Product</a></div><div class="product"><a href="https://www.amazon.com/dp/B0027A79I2?tag=eloabder-20&linkCode=osi&th=1&psc=1"><img src="https://m.media-amazon.com/images/I/31J6S+mCjuL._SL500_.jpg" alt="Product Image"></a><p>Pink Soap 12-Ounce Paint Brush Cleaner and Conditioner, Solution Cleans and Restores, Removes Dried Paint on Airbrushes and Other Artist Tools & Supplies</p><p>$15.49 ($1.29 / Fl Oz)</p><a href="https://www.amazon.com/dp/B0027A79I2?tag=eloabder-20&linkCode=osi&th=1&psc=1">View Product</a></div><div class="product"><a href="https://www.amazon.com/dp/B0027AEANE?tag=eloabder-20&linkCode=osi&th=1&psc=1"><img src="https://m.media-amazon.com/images/I/51bHOLU1pVL._SL500_.jpg" alt="Product Image"></a><p>General Pencil General 105-BP Pencil Masters Brush Cleaner & Preserver, 1 Pack, Clear</p><p>$9.99 ($4.00 / Ounce)</p><a href="https://www.amazon.com/dp/B0027AEANE?tag=eloabder-20&linkCode=osi&th=1&psc=1">View Product</a></div>

<div class="product"><a href="https://www.amazon.com/dp/B00N9UUWLA?tag=eloabder-20&linkCode=osi&th=1&psc=1"><img src="https://m.media-amazon.com/images/I/41be4n09wZL._SL500_.jpg" alt="Product Image"></a><p>Pentel Arts Portable Pocket Brush Pen (Medium Point), 1Pen & 2Refills</p><p>$7.00</p><a href="https://www.amazon.com/dp/B00N9UUWLA?tag=eloabder-20&linkCode=osi&th=1&psc=1">View Product</a></div><div class="product"><a href="https://www.amazon.com/dp/B07DQ4292Y?tag=eloabder-20&linkCode=osi&th=1&psc=1"><img src="https://m.media-amazon.com/images/I/41-kgHpaPvL._SL500_.jpg" alt="Product Image"></a><p>Tombow 62039 Fudenosuke Brush Pens, 3-Pack. Soft, Hard, and Twin Tip Markers for Calligraphy and Art Drawings</p><p>$7.59 ($2.53 / Count)</p><a href="https://www.amazon.com/dp/B07DQ4292Y?tag=eloabder-20&linkCode=osi&th=1&psc=1">View Product</a></div><div class="product"><a href="https://www.amazon.com/dp/B0995FNMKW?tag=eloabder-20&linkCode=osi&th=1&psc=1"><img src="https://m.media-amazon.com/images/I/51kpGsTNvlL._SL500_.jpg" alt="Product Image"></a><p>WRITECH Arts Sign Brush Pen Brush Tip Marker Felt Tip Water Based Ink Color Pens 12 Assorted Vintage Colors Great for Lettering Journaling Calligraphy (Vintage)</p><p>$13.99 ($1.17 / Count)</p><a href="https://www.amazon.com/dp/B0995FNMKW?tag=eloabder-20&linkCode=osi&th=1&psc=1">View Product</a></div><div class="product"><a href="https://www.amazon.com/dp/B07H89R749?tag=eloabder-20&linkCode=osi&th=1&psc=1"><img src="https://m.media-amazon.com/images/I/51nTGZ-eAsL._SL500_.jpg" alt="Product Image"></a><p>Tombow Fudenosuke Brush Pen - Hard - 10 Colors Set (WS-BH10C)</p><p>$11.73</p><a href="https://www.amazon.com/dp/B07H89R749?tag=eloabder-20&linkCode=osi&th=1&psc=1">View Product</a></div><div class="product"><a href="https://www.amazon.com/dp/B002PIFTRE?tag=eloabder-20&linkCode=osi&th=1&psc=1"><img src="https://m.media-amazon.com/images/I/41IVnNPD1hL._SL500_.jpg" alt="Product Image"></a><p>Pentel Color Brush Pen, Black (GFLBP101)</p><p>$7.89</p><a href="https://www.amazon.com/dp/B002PIFTRE?tag=eloabder-20&linkCode=osi&th=1&psc=1">View Product</a></div>
<div class="product"><a href="https://www.amazon.com/dp/B0CLLSY2BT?tag=eloabder-20&linkCode=osi&th=1&psc=1"><img src="https://m.media-amazon.com/images/I/51sQM3lrN9L._SL500_.jpg" alt="Product Image"></a><p>CUGEBANNA Paint Brush Washer,Airtight Stainless Steel Brush Cleaner for Oil Painting Acrylic,Brush Washer with Cleaning Beads and Wringer</p><p>$22.99</p><a href="https://www.amazon.com/dp/B0CLLSY2BT?tag=eloabder-20&linkCode=osi&th=1&psc=1">View Product</a></div><div class="product"><a href="https://www.amazon.com/dp/B013PB35N4?tag=eloabder-20&linkCode=osi&th=1&psc=1"><img src="https://m.media-amazon.com/images/I/419miJHrhtL._SL500_.jpg" alt="Product Image"></a><p>US Art Supply Deluxe Brush Cleaner-Brush Washer with Wash Tank</p><p>$18.99</p><a href="https://www.amazon.com/dp/B013PB35N4?tag=eloabder-20&linkCode=osi&th=1&psc=1">View Product</a></div>
<div class="product"><a href="https://www.amazon.com/dp/B07GH7WGC3?tag=eloabder-20&linkCode=osi&th=1&psc=1"><img src="https://m.media-amazon.com/images/I/51vzX1OZI6L._SL500_.jpg" alt="Product Image"></a><p>BOSOBO Paint Brushes Set, 2 Pack 20 Pcs Round-Pointed Tip Paintbrushes Nylon Hair Artist Acrylic Paint Brushes for Acrylic Oil Watercolor, Face Nail Art, Miniature Detailing & Rock Painting, Blue</p><p>$7.49 ($0.37 / Count)</p><a href="https://www.amazon.com/dp/B07GH7WGC3?tag=eloabder-20&linkCode=osi&th=1&psc=1">View Product</a></div><div class="product"><a href="https://www.amazon.com/dp/B078XJ2DCJ?tag=eloabder-20&linkCode=osi&th=1&psc=1"><img src="https://m.media-amazon.com/images/I/616oHEXPN1S._SL500_.jpg" alt="Product Image"></a><p>Pro Grade - Chip Paint Brushes - 36-Pack - 2 Inch Chip Brush for Paints, Stains, Varnishes, Glues, & Gesso</p><p>$17.99</p><a href="https://www.amazon.com/dp/B078XJ2DCJ?tag=eloabder-20&linkCode=osi&th=1&psc=1">View Product</a></div>

<div class="product"><a href="https://www.amazon.com/dp/B000YQJVFA?tag=eloabder-20&linkCode=osi&th=1&psc=1"><img src="https://m.media-amazon.com/images/I/51so-OSRt+L._SL500_.jpg" alt="Product Image"></a><p>Winsor & Newton Calligraphy Ink, 30ml (1-oz) Bottle, Black</p><p>$10.07 ($10.07 / Count)</p><a href="https://www.amazon.com/dp/B000YQJVFA?tag=eloabder-20&linkCode=osi&th=1&psc=1">View Product</a></div><div class="product"><a href="https://www.amazon.com/dp/B0026SBYUE?tag=eloabder-20&linkCode=osi&th=1&psc=1"><img src="https://m.media-amazon.com/images/I/412Ga9k1q8L._SL500_.jpg" alt="Product Image"></a><p>Higgins Black Calligraphy Ink, 2.5 Ounce Bottle (44314)</p><p>$5.99</p><a href="https://www.amazon.com/dp/B0026SBYUE?tag=eloabder-20&linkCode=osi&th=1&psc=1">View Product</a></div><div class="product"><a href="https://www.amazon.com/dp/B0CXDBD77N?tag=eloabder-20&linkCode=osi&th=1&psc=1"><img src="https://m.media-amazon.com/images/I/41x1EZv3P3L._SL500_.jpg" alt="Product Image"></a><p>SEAMEW 250 ML/8.8 OZ Calligraphy and Sumi Liquid Ink - Versatile Elegance for Chinese Traditional Art Works and Japanese Brush Art</p><p>$11.49</p><a href="https://www.amazon.com/dp/B0CXDBD77N?tag=eloabder-20&linkCode=osi&th=1&psc=1">View Product</a></div><div class="product"><a href="https://www.amazon.com/dp/B0CR3ML8VS?tag=eloabder-20&linkCode=osi&th=1&psc=1"><img src="https://m.media-amazon.com/images/I/41fLIKySQZL._SL500_.jpg" alt="Product Image"></a><p>Hmayart Prepared Super Thick Liquid Black Ink for Japanese Brush Calligraphy & Chinese Traditional Artworks (MZ010 250g)</p><p>$11.99</p><a href="https://www.amazon.com/dp/B0CR3ML8VS?tag=eloabder-20&linkCode=osi&th=1&psc=1">View Product</a></div><div class="product"><a href="https://www.amazon.com/dp/B0039OQ0J4?tag=eloabder-20&linkCode=osi&th=1&psc=1"><img src="https://m.media-amazon.com/images/I/41RRlR55P9L._SL500_.jpg" alt="Product Image"></a><p>Daiso Sumi Calligraphy Liquid Ink in a 180ml Bottle (Japan Import)</p><p>$8.99</p><a href="https://www.amazon.com/dp/B0039OQ0J4?tag=eloabder-20&linkCode=osi&th=1&psc=1">View Product</a></div><div class="product"><a href="https://www.amazon.com/dp/B074KJ289G?tag=eloabder-20&linkCode=osi&th=1&psc=1"><img src="https://m.media-amazon.com/images/I/41FZT3aCChL._SL500_.jpg" alt="Product Image"></a><p>Easyou Redstar Liquid Ink for Professioanl Traditional Calligraphy and Brush Painting Chinese Ink Liquid (Black&1pcs*180ML)</p><p>$10.99</p><a href="https://www.amazon.com/dp/B074KJ289G?tag=eloabder-20&linkCode=osi&th=1&psc=1">View Product</a></div><div class="product"><a href="https://www.amazon.com/dp/B07JYJ6C1W?tag=eloabder-20&linkCode=osi&th=1&psc=1"><img src="https://m.media-amazon.com/images/I/51IAnrWkw6L._SL500_.jpg" alt="Product Image"></a><p>MZ001 HmayartBlack Sumi Liquid Ink for Japanese Brush Calligraphy & Chinese Traditional Artworks 250ml (black)</p><p>$13.99</p><a href="https://www.amazon.com/dp/B07JYJ6C1W?tag=eloabder-20&linkCode=osi&th=1&psc=1">View Product</a></div><div class="product"><a href="https://www.amazon.com/dp/B0894L9M2C?tag=eloabder-20&linkCode=osi&th=1&psc=1"><img src="https://m.media-amazon.com/images/I/51H5LBUAZcL._SL500_.jpg" alt="Product Image"></a><p>24 Colors Calligraphy Ink Set, Calligraphy Fountain Glass Dip Pen Color Ink Caligrapher Pen Ink Bottle Set, Gold Powder Drawing Writing Art Ink with Gift Box - 24 x 7ml</p><p>$21.98</p><a href="https://www.amazon.com/dp/B0894L9M2C?tag=eloabder-20&linkCode=osi&th=1&psc=1">View Product</a></div><div class="product"><a href="https://www.amazon.com/dp/B0C49WVM7L?tag=eloabder-20&linkCode=osi&th=1&psc=1"><img src="https://m.media-amazon.com/images/I/41zxtjGWS1L._SL500_.jpg" alt="Product Image"></a><p>AOKUY 24 Colors Calligraphy Ink Set,Calligraphy Inks,Colorful Dip Pen Ink Set,Gold Powder Drawing Writing Art Ink with Gift Box</p><p>$16.99</p><a href="https://www.amazon.com/dp/B0C49WVM7L?tag=eloabder-20&linkCode=osi&th=1&psc=1">View Product</a></div>
<div class="product"><a href="https://www.amazon.com/dp/B0007ZJ8QU?tag=eloabder-20&linkCode=osi&th=1&psc=1"><img src="https://m.media-amazon.com/images/I/41vTwN7L9NL._SL500_.jpg" alt="Product Image"></a><p>Speedball C-Series Lettering Pen Set - 1 Penholder w/ 6 Nibs</p><p>$11.99</p><a href="https://www.amazon.com/dp/B0007ZJ8QU?tag=eloabder-20&linkCode=osi&th=1&psc=1">View Product</a></div><div class="product"><a href="https://www.amazon.com/dp/B003IGNH30?tag=eloabder-20&linkCode=osi&th=1&psc=1"><img src="https://m.media-amazon.com/images/I/412WGB9WzGL._SL500_.jpg" alt="Product Image"></a><p>Speedball 30710 10 Pen Nib Assorted Set</p><p>$21.99</p><a href="https://www.amazon.com/dp/B003IGNH30?tag=eloabder-20&linkCode=osi&th=1&psc=1">View Product</a></div><div class="product"><a href="https://www.amazon.com/dp/B0CQTCZRYC?tag=eloabder-20&linkCode=osi&th=1&psc=1"><img src="https://m.media-amazon.com/images/I/41+d7oXaTvL._SL500_.jpg" alt="Product Image"></a><p>10PCS Oblique Calligraphy Dip Pen Set Comic Pen Nib Set Fluid Writer Pen, 2-in-1 Drawing Pen Holder with 8 Pieces Stainless Steel Pen Replacement Nibs Nib for Writing, Painting, Signing, Sketch</p><p>$6.49</p><a href="https://www.amazon.com/dp/B0CQTCZRYC?tag=eloabder-20&linkCode=osi&th=1&psc=1">View Product</a></div><div class="product"><a href="https://www.amazon.com/dp/B000BYQLT4?tag=eloabder-20&linkCode=osi&th=1&psc=1"><img src="https://m.media-amazon.com/images/I/41Tmn+y1-xL._SL500_.jpg" alt="Product Image"></a><p>Speedball Calligraphy Pen Set - 1 Penholder w/ 4 Nibs, 2 Pen Tips</p><p>$13.99</p><a href="https://www.amazon.com/dp/B000BYQLT4?tag=eloabder-20&linkCode=osi&th=1&psc=1">View Product</a></div><div class="product"><a href="https://www.amazon.com/dp/B0B3CVPWMF?tag=eloabder-20&linkCode=osi&th=1&psc=1"><img src="https://m.media-amazon.com/images/I/41Zw4tqW+HL._SL500_.jpg" alt="Product Image"></a><p>Mewutal 2Pcs/Set Comic Pen Nib Set Pen Nibs Replacements for Calligraphy Manga Writing Painting(Pumpkin Head Nib)</p><p>$7.99</p><a href="https://www.amazon.com/dp/B0B3CVPWMF?tag=eloabder-20&linkCode=osi&th=1&psc=1">View Product</a></div><div class="product"><a href="https://www.amazon.com/dp/B0BVR4M5X4?tag=eloabder-20&linkCode=osi&th=1&psc=1"><img src="https://m.media-amazon.com/images/I/515TyiGpQKL._SL500_.jpg" alt="Product Image"></a><p>Wonwood_direct Calligraphy set, 7 Calligraphy Pens with Different Nibs and 40 Ink Cartridges in 13 Colors for Beginner Writing Drawing for Greeting Card Signature Calligraphy (Type 1)</p><p>$15.99</p><a href="https://www.amazon.com/dp/B0BVR4M5X4?tag=eloabder-20&linkCode=osi&th=1&psc=1">View Product</a></div><div class="product"><a href="https://www.amazon.com/dp/B0BGRM97MF?tag=eloabder-20&linkCode=osi&th=1&psc=1"><img src="https://m.media-amazon.com/images/I/41vB7fs3VbL._SL500_.jpg" alt="Product Image"></a><p>Gullor A Bunch of Nibs for Comic Dip Pen, Assorted Calligraphy Dip Pen Nibs, Various Sizes and Shapes, 33 Nibs in Box</p><p>$9.99</p><a href="https://www.amazon.com/dp/B0BGRM97MF?tag=eloabder-20&linkCode=osi&th=1&psc=1">View Product</a></div>
<div class="product"><a href="https://www.amazon.com/dp/B000KNNVX0?tag=eloabder-20&linkCode=osi&th=1&psc=1"><img src="https://m.media-amazon.com/images/I/51RAGoN6UsL._SL500_.jpg" alt="Product Image"></a><p>Strathmore STR- 50 Sheet Tape Bound Calligraphy Pad, 8.5 by 11", White</p><p>$7.83</p><a href="https://www.amazon.com/dp/B000KNNVX0?tag=eloabder-20&linkCode=osi&th=1&psc=1">View Product</a></div><div class="product"><a href="https://www.amazon.com/dp/B00PGBVNM2?tag=eloabder-20&linkCode=osi&th=1&psc=1"><img src="https://m.media-amazon.com/images/I/51VvCXPD-QL._SL500_.jpg" alt="Product Image"></a><p>U.S. Art Supply (Pack of 2 Pads) - 9" x 12" Premium Calligraphic Practice Paper Pad, 19 Pound Bond (70gsm), Pad of 50-Sheets, Calligraphy Paper with Printed Practice Rule and Slanted Grid</p><p>$12.99</p><a href="https://www.amazon.com/dp/B00PGBVNM2?tag=eloabder-20&linkCode=osi&th=1&psc=1">View Product</a></div><div class="product"><a href="https://www.amazon.com/dp/B0CQ1VTM1R?tag=eloabder-20&linkCode=osi&th=1&psc=1"><img src="https://m.media-amazon.com/images/I/31pMzPI5pdL._SL500_.jpg" alt="Product Image"></a><p>50 Sheets Watercolor Paper 8 x 6inch Deckled Edge Paper 190 GSM Rough/Textured Handmade Paper Cotton Paper White Textured Paper for Watercolor, Writing Calligraphy, Invitations, Letters</p><p>$12.99 ($0.26 / Count)</p><a href="https://www.amazon.com/dp/B0CQ1VTM1R?tag=eloabder-20&linkCode=osi&th=1&psc=1">View Product</a></div><div class="product"><a href="https://www.amazon.com/dp/B0CGHVSX6W?tag=eloabder-20&linkCode=osi&th=1&psc=1"><img src="https://m.media-amazon.com/images/I/41pAexcoWlL._SL500_.jpg" alt="Product Image"></a><p>KYMY Chinese/Japanese Calligraphy Paper 100PCS, Sumi/Rice Paper for Writing Painting Drawing Practice, Chinese Brush Ink Xuan Paper, Half Sheng Shu (Half Raw Ripe) (34 x 34 cm (13.38 x 13.38 Inch))</p><p>$10.99 ($0.11 / Count)</p><a href="https://www.amazon.com/dp/B0CGHVSX6W?tag=eloabder-20&linkCode=osi&th=1&psc=1">View Product</a></div>
<div class="product"><a href="https://www.amazon.com/dp/B08FCZC2R3?tag=eloabder-20&linkCode=osi&th=1&psc=1"><img src="https://m.media-amazon.com/images/I/51TWqPlqpfL._SL500_.jpg" alt="Product Image"></a><p>Craft 'n' Beyond Calligraphy Brush Pens Pack of 3 Small, Medium and Large Markers for Hand Lettering, Art Drawing, Sketching, Scrapbooking, Journaling - Beginner Kit with Fadeproof Black Ink</p><p>$5.49</p><a href="https://www.amazon.com/dp/B08FCZC2R3?tag=eloabder-20&linkCode=osi&th=1&psc=1">View Product</a></div><div class="product"><a href="https://www.amazon.com/dp/B0B67TWWDG?tag=eloabder-20&linkCode=osi&th=1&psc=1"><img src="https://m.media-amazon.com/images/I/5188ARIL9sL._SL500_.jpg" alt="Product Image"></a><p>Brusarth Calligraphy Pens, 8 Size Calligraphy Pens for Writing, Brush Pens Calligraphy Set for Beginners, Hand Lettering Pens, Brush Markers Set, Black Ink Drawing Pens</p><p>$8.95</p><a href="https://www.amazon.com/dp/B0B67TWWDG?tag=eloabder-20&linkCode=osi&th=1&psc=1">View Product</a></div><div class="product"><a href="https://www.amazon.com/dp/B000SHQFEA?tag=eloabder-20&linkCode=osi&th=1&psc=1"><img src="https://m.media-amazon.com/images/I/41sx3qStImL._SL500_.jpg" alt="Product Image"></a><p>edding 1255 calligraphy pen - black - 3 pens - calligraphy nib 2 - 5 mm - fibre pens for paper, wood, terracotta, canvas - hand lettering, bullet journals, thank you cards, calligraphy books</p><p>$6.50</p><a href="https://www.amazon.com/dp/B000SHQFEA?tag=eloabder-20&linkCode=osi&th=1&psc=1">View Product</a></div><div class="product"><a href="https://www.amazon.com/dp/B001DKJLEC?tag=eloabder-20&linkCode=osi&th=1&psc=1"><img src="https://m.media-amazon.com/images/I/41x7A8wo7YL._SL500_.jpg" alt="Product Image"></a><p>Speedball Elegant Writer Calligraphy 4 Marker Set, Black, 2.0 mm, 2.5 mm & 3.0 mm Chisel Nib Tip Pens for Drawing, Journaling, and Scrapbooking</p><p>$9.99 ($2.50 / Count)</p><a href="https://www.amazon.com/dp/B001DKJLEC?tag=eloabder-20&linkCode=osi&th=1&psc=1">View Product</a></div><div class="product"><a href="https://www.amazon.com/dp/B08RYWH185?tag=eloabder-20&linkCode=osi&th=1&psc=1"><img src="https://m.media-amazon.com/images/I/51GFkyfC3iL._SL500_.jpg" alt="Product Image"></a><p>Piochoo Calligraphy Pens,8 Size Calligraphy Pens for Writing,Brush Pens Calligraphy Set for Beginners, Hand Lettering Pens</p><p>$12.99</p><a href="https://www.amazon.com/dp/B08RYWH185?tag=eloabder-20&linkCode=osi&th=1&psc=1">View Product</a></div>
<div class="product"><a href="https://www.amazon.com/dp/B0C66K9NHR?tag=eloabder-20&linkCode=osi&th=1&psc=1"><img src="https://m.media-amazon.com/images/I/51As2T+7gzL._SL500_.jpg" alt="Product Image"></a><p>Calligraphy Kit for Beginners - Calligraphy Pen Set with Calligraphy Workbook</p><p>$26.89</p><a href="https://www.amazon.com/dp/B0C66K9NHR?tag=eloabder-20&linkCode=osi&th=1&psc=1">View Product</a></div><div class="product"><a href="https://www.amazon.com/dp/B081J6QLZN?tag=eloabder-20&linkCode=osi&th=1&psc=1"><img src="https://m.media-amazon.com/images/I/41lK2Gw0JZL._SL500_.jpg" alt="Product Image"></a><p>Trustela Calligraphy Set for Beginners, Dip Pen Set with 19 Nibs, Oblique Pen Holder, Wooden Pen Set</p><p>$21.99</p><a href="https://www.amazon.com/dp/B081J6QLZN?tag=eloabder-20&linkCode=osi&th=1&psc=1">View Product</a></div><div class="product"><a href="https://www.amazon.com/dp/B0BCVDNPRJ?tag=eloabder-20&linkCode=osi&th=1&psc=1"><img src="https://m.media-amazon.com/images/I/51J-hFN4AeL._SL500_.jpg" alt="Product Image"></a><p>GC QUILL Calligraphy Pens Set 64pcs - Calligraphy Fountain Pen Set with 3 Fountain Pens, 7 Varied Nibs, 54 Ink Cartridges(10 Colors) - Writing, Drawing and Calligraphy Practice for beginner GC-F354</p><p>$23.99</p><a href="https://www.amazon.com/dp/B0BCVDNPRJ?tag=eloabder-20&linkCode=osi&th=1&psc=1">View Product</a></div>
<div class="product"><a href="https://www.amazon.com/dp/B092Q8BQC1?tag=eloabder-20&linkCode=osi&th=1&psc=1"><img src="https://m.media-amazon.com/images/I/51gdXkGIguS._SL500_.jpg" alt="Product Image"></a><p>AIYNC Feather Calligraphy Pen Ink Set, Includes Quill Pen and Wooden Dip Pen, Ink,17 Replacement Nib, Pen Base, 3 Wax Seal Sticks, Stamp, White Wax, Spoon, Envelope Letter Paper, Envelope Tool(Green)</p><p>$22.99</p><a href="https://www.amazon.com/dp/B092Q8BQC1?tag=eloabder-20&linkCode=osi&th=1&psc=1">View Product</a></div>
<div class="product"><a href="https://www.amazon.com/dp/B09J228BSF?tag=eloabder-20&linkCode=osi&th=1&psc=1"><img src="https://m.media-amazon.com/images/I/61MByvIyHGL._SL500_.jpg" alt="Product Image"></a><p>Candle dye - 18 Colors Liquid Oil-Based dye for Candle Wax, Vivid Candle Color for DIY Candle Making, Highly Concentrate Natural Candle Color</p><p>$15.59 ($2.47 / Fl Oz)</p><a href="https://www.amazon.com/dp/B09J228BSF?tag=eloabder-20&linkCode=osi&th=1&psc=1">View Product</a></div><div class="product"><a href="https://www.amazon.com/dp/B06Y3T5RV4?tag=eloabder-20&linkCode=osi&th=1&psc=1"><img src="https://m.media-amazon.com/images/I/61yZyP8eZTL._SL500_.jpg" alt="Product Image"></a><p>Candle Dyes for Soy Candle Making - Wax Сolor Dye Color Chips for Soy Wax - 16 Popular Colors Wax Dye Flakes</p><p>$16.99 ($10.62 / Ounce)</p><a href="https://www.amazon.com/dp/B06Y3T5RV4?tag=eloabder-20&linkCode=osi&th=1&psc=1">View Product</a></div><div class="product"><a href="https://www.amazon.com/dp/B0CMCPGLQZ?tag=eloabder-20&linkCode=osi&th=1&psc=1"><img src="https://m.media-amazon.com/images/I/51G9e-Epa0L._SL500_.jpg" alt="Product Image"></a><p>Candle Dye - 12 Colors Wax Melt Dye for Candle Making, Oil-Based Dye for Wax, Highly Concentrate Liquid Candle Color Dye</p><p>$8.99</p><a href="https://www.amazon.com/dp/B0CMCPGLQZ?tag=eloabder-20&linkCode=osi&th=1&psc=1">View Product</a></div><div class="product"><a href="https://www.amazon.com/dp/B09GLMZ5PS?tag=eloabder-20&linkCode=osi&th=1&psc=1"><img src="https://m.media-amazon.com/images/I/51SCG6n6Y4L._SL500_.jpg" alt="Product Image"></a><p>OSBANG Oil-Based Candle Color Dye Non-Toxic Non-Irritating 20 Colors for DIY Candle Making Supplies - Vibrant Concentrated Candle Coloring for Soy Wax Dyes, Beeswax, Gel Wax, Candle Making Kit</p><p>$14.99 ($2.22 / Fl Oz)</p><a href="https://www.amazon.com/dp/B09GLMZ5PS?tag=eloabder-20&linkCode=osi&th=1&psc=1">View Product</a></div><div class="product"><a href="https://www.amazon.com/dp/B0C8D2X4F1?tag=eloabder-20&linkCode=osi&th=1&psc=1"><img src="https://m.media-amazon.com/images/I/51e0mqPDEJL._SL500_.jpg" alt="Product Image"></a><p>Candle Dye - 14 Colors Highly Concentrate Oil-Based Liquid Candle Dye Kit, Candle Dyes for Candle Making, Beeswax, Gel Wax, Paraffin Wax - Each 0.35 fl oz</p><p>$9.99</p><a href="https://www.amazon.com/dp/B0C8D2X4F1?tag=eloabder-20&linkCode=osi&th=1&psc=1">View Product</a></div>

<div class="product"><a href="https://www.amazon.com/dp/B0C6FHSQR7?tag=eloabder-20&linkCode=osi&th=1&psc=1"><img src="https://m.media-amazon.com/images/I/41hBOCPELBL._SL500_.jpg" alt="Product Image"></a><p>Mold Release, Silicone Mold Release Spray (16.9 fl oz / 500ml) Mold Release for Epoxy Resin and Candle Mold Release Spray (1 Pack Mega Size)</p><p>$9.99 ($0.59 / Fl Oz)</p><a href="https://www.amazon.com/dp/B0C6FHSQR7?tag=eloabder-20&linkCode=osi&th=1&psc=1">View Product</a></div>
<div class="product"><a href="https://www.amazon.com/dp/B015W8DWUO?tag=eloabder-20&linkCode=osi&th=1&psc=1"><img src="https://m.media-amazon.com/images/I/41umHqV4zhL._SL500_.jpg" alt="Product Image"></a><p>EricX Light 100 Piece Cotton Candle Wick 6" Pre-Waxed for Candle Making,Candle DIY</p><p>$5.35</p><a href="https://www.amazon.com/dp/B015W8DWUO?tag=eloabder-20&linkCode=osi&th=1&psc=1">View Product</a></div><div class="product"><a href="https://www.amazon.com/dp/B08XZB43NZ?tag=eloabder-20&linkCode=osi&th=1&psc=1"><img src="https://m.media-amazon.com/images/I/51cyFvwhpJL._SL500_.jpg" alt="Product Image"></a><p>Candle Wicks 100 Pcs 6 inch with 30Pcs Candle Wick Stickers and 10 Pcs Wooden Candle Wick Centering Device for Soy Beeswax Candle Making and Candle DIY</p><p>$4.99</p><a href="https://www.amazon.com/dp/B08XZB43NZ?tag=eloabder-20&linkCode=osi&th=1&psc=1">View Product</a></div><div class="product"><a href="https://www.amazon.com/dp/B084ZSZQ4T?tag=eloabder-20&linkCode=osi&th=1&psc=1"><img src="https://m.media-amazon.com/images/I/41vLRbXIHhL._SL500_.jpg" alt="Product Image"></a><p>Candle Wick,100 Piece Candle Wicks for Candle Making DIY, 6 Inch Pre-Waxed Cotton Wick with Tabs</p><p>$4.79</p><a href="https://www.amazon.com/dp/B084ZSZQ4T?tag=eloabder-20&linkCode=osi&th=1&psc=1">View Product</a></div><div class="product"><a href="https://www.amazon.com/dp/B097D7S6KB?tag=eloabder-20&linkCode=osi&th=1&psc=1"><img src="https://m.media-amazon.com/images/I/41jpnnrDAjL._SL500_.jpg" alt="Product Image"></a><p>CandMak Candle Wick Kit, 60 Cotton Candle Wicks with Candle Making Tools for Candle Making (Thick 4"+6"+8")</p><p>$5.99</p><a href="https://www.amazon.com/dp/B097D7S6KB?tag=eloabder-20&linkCode=osi&th=1&psc=1">View Product</a></div><div class="product"><a href="https://www.amazon.com/dp/B08DLSG8NW?tag=eloabder-20&linkCode=osi&th=1&psc=1"><img src="https://m.media-amazon.com/images/I/41QkciWLWjL._SL500_.jpg" alt="Product Image"></a><p>Bulk 6inch Candle Wicks 100 Pcs with 60Pcs Candle Wick Stickers and 10 Pcs Wooden Candle Wick Centering Device for Soy Beeswax Candle Making (6inch)</p><p>$5.45</p><a href="https://www.amazon.com/dp/B08DLSG8NW?tag=eloabder-20&linkCode=osi&th=1&psc=1">View Product</a></div><div class="product"><a href="https://www.amazon.com/dp/B08Z334W66?tag=eloabder-20&linkCode=osi&th=1&psc=1"><img src="https://m.media-amazon.com/images/I/51nsfCzAwwL._SL500_.jpg" alt="Product Image"></a><p>DINGPAI 100pcs Cotton Candle Wicks, 6 inches Low Smoke Pre-Waxed Candle Wicks for Candle Making, Candle DIY</p><p>$4.99</p><a href="https://www.amazon.com/dp/B08Z334W66?tag=eloabder-20&linkCode=osi&th=1&psc=1">View Product</a></div><div class="product"><a href="https://www.amazon.com/dp/B0BV1NCQ28?tag=eloabder-20&linkCode=osi&th=1&psc=1"><img src="https://m.media-amazon.com/images/I/41lmQ4K9ccL._SL500_.jpg" alt="Product Image"></a><p>Ziosxin 100pcs Smokeless Cherry Wood Candle Wicks, Long Lasting Flame, Easily Burn, Natural Candle Cores with Stand and Glue Dot, Warning Label for DIY Candle Making</p><p>$9.99</p><a href="https://www.amazon.com/dp/B0BV1NCQ28?tag=eloabder-20&linkCode=osi&th=1&psc=1">View Product</a></div><div class="product"><a href="https://www.amazon.com/dp/B08LPKTVZW?tag=eloabder-20&linkCode=osi&th=1&psc=1"><img src="https://m.media-amazon.com/images/I/41AtaynrIqL._SL500_.jpg" alt="Product Image"></a><p>BEADNOVA Candle Cotton Wicks 4 Inch 150pcs Short Candle Making Wicks Cotton Wicks for Candle Making DIY</p><p>$4.99</p><a href="https://www.amazon.com/dp/B08LPKTVZW?tag=eloabder-20&linkCode=osi&th=1&psc=1">View Product</a></div><div class="product"><a href="https://www.amazon.com/dp/B0925G2VBY?tag=eloabder-20&linkCode=osi&th=1&psc=1"><img src="https://m.media-amazon.com/images/I/51EzgDRsxoL._SL500_.jpg" alt="Product Image"></a><p>CHEFBEE 200 FT Organic Hemp Wick, Hemp Wick Well Coated Natural Beeswax for Hemp Wick Lighter or Candle Making, Slow Burn, No Dripping, Standard Size(1.1mm)</p><p>$6.99</p><a href="https://www.amazon.com/dp/B0925G2VBY?tag=eloabder-20&linkCode=osi&th=1&psc=1">View Product</a></div>
<div class="product"><a href="https://www.amazon.com/dp/B0BJZYCQV3?tag=eloabder-20&linkCode=osi&th=1&psc=1"><img src="https://m.media-amazon.com/images/I/41dS7xm9bKL._SL500_.jpg" alt="Product Image"></a><p>Simetufy Canvas Boards for Painting 12 Pack,8 x 10 Inch Painting Canvas Panels, Blank Canvas for Painting- Gesso Primed Acid-Free 100% Cotton for Acrylics Oil Watercolor Tempera Paints</p><p>$12.99</p><a href="https://www.amazon.com/dp/B0BJZYCQV3?tag=eloabder-20&linkCode=osi&th=1&psc=1">View Product</a></div><div class="product"><a href="https://www.amazon.com/dp/B085F4JH1H?tag=eloabder-20&linkCode=osi&th=1&psc=1"><img src="https://m.media-amazon.com/images/I/41l7Efp7ILL._SL500_.jpg" alt="Product Image"></a><p>KEFF Canvas Boards for Painting - 24 Pack - Art Supplies Paint Canvas 5x7, 8x10, 9x12, 11x14 Canvas Panels, 100% Cotton Pre-Primed Large Canvas for Painting Supplies, Acrylic, Oil, Watercolor, Tempera</p><p>$24.99</p><a href="https://www.amazon.com/dp/B085F4JH1H?tag=eloabder-20&linkCode=osi&th=1&psc=1">View Product</a></div><div class="product"><a href="https://www.amazon.com/dp/B0CMXFTNDC?tag=eloabder-20&linkCode=osi&th=1&psc=1"><img src="https://m.media-amazon.com/images/I/41WZD2Y6GfL._SL500_.jpg" alt="Product Image"></a><p>ESRICH Canvas Boards for Painting, 5 Pack Canvases for Painting 8x10 Cotton Primed Acid Free Blank Canvas Panels for Oil Paint, Watercolor, Acrylic Paint, Gouache and Tempera.</p><p>$5.99</p><a href="https://www.amazon.com/dp/B0CMXFTNDC?tag=eloabder-20&linkCode=osi&th=1&psc=1">View Product</a></div><div class="product"><a href="https://www.amazon.com/dp/B0C6LMPMPJ?tag=eloabder-20&linkCode=osi&th=1&psc=1"><img src="https://m.media-amazon.com/images/I/51QF5c5qRiL._SL500_.jpg" alt="Product Image"></a><p>Simetufy Canvas Boards for Painting 32 Pack, Paint Canvas Panels Set - 5x7, 8x10, 9x12, 11x14 Inches, Pre-Primed 100% Cotton Blank Canvases for Oil Acrylic Watercolor Pouring Paint for Kids & Artists</p><p>$24.99</p><a href="https://www.amazon.com/dp/B0C6LMPMPJ?tag=eloabder-20&linkCode=osi&th=1&psc=1">View Product</a></div><div class="product"><a href="https://www.amazon.com/dp/B0CSD8VYYM?tag=eloabder-20&linkCode=osi&th=1&psc=1"><img src="https://m.media-amazon.com/images/I/41PeXd8MwvL._SL500_.jpg" alt="Product Image"></a><p>4 Pack 11x14 Inch Canvas Boards for Painting, Blank Canvases for Painting,Triple Primed for Oil & Acrylic Paints,100% Cotton Canvas Panels for Acrylics Oil Watercolor Tempera Paints,3mm Thickness</p><p>$8.49</p><a href="https://www.amazon.com/dp/B0CSD8VYYM?tag=eloabder-20&linkCode=osi&th=1&psc=1">View Product</a></div><div class="product"><a href="https://www.amazon.com/dp/B0D59RDVM5?tag=eloabder-20&linkCode=osi&th=1&psc=1"><img src="https://m.media-amazon.com/images/I/519TRFsibfL._SL500_.jpg" alt="Product Image"></a><p>Paroto Canvas Boards for Painting 12 Pack, Multi-Size Painting Canvas Set 5x7, 8x10, 10x12, 12x16 Inches, 100% Cotton Blank Canvas Oil Acrylic Watercolor Pouring Paint for Kids, Beginners, Artists</p><p>$23.99</p><a href="https://www.amazon.com/dp/B0D59RDVM5?tag=eloabder-20&linkCode=osi&th=1&psc=1">View Product</a></div><div class="product"><a href="https://www.amazon.com/dp/B0CSD8YM4L?tag=eloabder-20&linkCode=osi&th=1&psc=1"><img src="https://m.media-amazon.com/images/I/41ZgWqkIMFL._SL500_.jpg" alt="Product Image"></a><p>4 Pack 8x10 Inch Canvas Boards for Painting, Blank Canvases for Painting,Triple Primed for Oil & Acrylic Paints, 100% Cotton Canvas Panels, 3mm Thickness</p><p>$3.99</p><a href="https://www.amazon.com/dp/B0CSD8YM4L?tag=eloabder-20&linkCode=osi&th=1&psc=1">View Product</a></div><div class="product"><a href="https://www.amazon.com/dp/B0CQFTW7MH?tag=eloabder-20&linkCode=osi&th=1&psc=1"><img src="https://m.media-amazon.com/images/I/41PiitKvQTL._SL500_.jpg" alt="Product Image"></a><p>Simetufy 4 Pack Canvas Boards for Painting 12x16 inch, Canvases for Painting, Gesso Primed Acid-Free 100% Cotton Large Canvas Panels for Acrylics Oil Watercolor Tempera Paints</p><p>$11.99</p><a href="https://www.amazon.com/dp/B0CQFTW7MH?tag=eloabder-20&linkCode=osi&th=1&psc=1">View Product</a></div>
<div class="product"><a href="https://www.amazon.com/dp/B07D6V7H85?tag=eloabder-20&linkCode=osi&th=1&psc=1"><img src="https://m.media-amazon.com/images/I/41EEPf6prIL._SL500_.jpg" alt="Product Image"></a><p>U.S. Art Supply 36" Wide x 6 Yards (18 Feet) Long Unstretched Canvas Roll - 100% Cotton, 12-Ounce Triple Primed Gesso, Acid-Free - Pro Artist Quality, Oil & Acrylic Painting, Murals Backdrop, Cut Size</p><p>$49.99</p><a href="https://www.amazon.com/dp/B07D6V7H85?tag=eloabder-20&linkCode=osi&th=1&psc=1">View Product</a></div><div class="product"><a href="https://www.amazon.com/dp/B0C98L44GG?tag=eloabder-20&linkCode=osi&th=1&psc=1"><img src="https://m.media-amazon.com/images/I/31gEyNH9+sL._SL500_.jpg" alt="Product Image"></a><p>Kinlop Double Primed Cotton Canvas White Canvas Roll for Oil and Acrylic Paint (20 Feet x 48 Inch)</p><p>$38.99</p><a href="https://www.amazon.com/dp/B0C98L44GG?tag=eloabder-20&linkCode=osi&th=1&psc=1">View Product</a></div><div class="product"><a href="https://www.amazon.com/dp/B0CLSXCD1W?tag=eloabder-20&linkCode=osi&th=1&psc=1"><img src="https://m.media-amazon.com/images/I/414jbnjcrQL._SL500_.jpg" alt="Product Image"></a><p>U.S. Art Supply 10-Ounce Unprimed 63" Wide x 2 Yards (6 Feet) Long Heavyweight Unstretched Canvas Roll - 100% Cotton, Woven - Oil & Acrylic Painting, Murals, Backdrop - Cut To Stretcher Bar Frame Size</p><p>$24.99</p><a href="https://www.amazon.com/dp/B0CLSXCD1W?tag=eloabder-20&linkCode=osi&th=1&psc=1">View Product</a></div><div class="product"><a href="https://www.amazon.com/dp/B09MCHDSPR?tag=eloabder-20&linkCode=osi&th=1&psc=1"><img src="https://m.media-amazon.com/images/I/41S+37Lx2wL._SL500_.jpg" alt="Product Image"></a><p>100% Natural Cotton 7 oz Canvas Fabric (Duck), 63 Inches Wide X 3 Yards Long</p><p>$29.95</p><a href="https://www.amazon.com/dp/B09MCHDSPR?tag=eloabder-20&linkCode=osi&th=1&psc=1">View Product</a></div><div class="product"><a href="https://www.amazon.com/dp/B07VX9TLM1?tag=eloabder-20&linkCode=osi&th=1&psc=1"><img src="https://m.media-amazon.com/images/I/41-bqGVrblL._SL500_.jpg" alt="Product Image"></a><p>Premium Polyster Matte Canvas Roll, Quick Dry, Wide Format Inkjet Printer Compatible, Perfect for Fine Art, Photography, Giclée Printing, Archival Quality Prints. (24"x60' 290gsm Polyester)</p><p>$69.99</p><a href="https://www.amazon.com/dp/B07VX9TLM1?tag=eloabder-20&linkCode=osi&th=1&psc=1">View Product</a></div><div class="product"><a href="https://www.amazon.com/dp/B079VP3F1B?tag=eloabder-20&linkCode=osi&th=1&psc=1"><img src="https://m.media-amazon.com/images/I/31eaUH1-cWL._SL500_.jpg" alt="Product Image"></a><p>VViViD Double Primed Cotton Canvas 12" Wide Roll Choose Your Size! (10ft x 12" Roll)</p><p>$16.88</p><a href="https://www.amazon.com/dp/B079VP3F1B?tag=eloabder-20&linkCode=osi&th=1&psc=1">View Product</a></div><div class="product"><a href="https://www.amazon.com/dp/B09954KKH3?tag=eloabder-20&linkCode=osi&th=1&psc=1"><img src="https://m.media-amazon.com/images/I/41SwQCPSmAL._SL500_.jpg" alt="Product Image"></a><p>Polyester Canvas Roll Professional Matte Canvas Roll Wide format Inkjet Printing For Printing Drawing Oil Acrylic Or Water-Based Painting (200GSM Polyester 36"x100ft)</p><p>$123.99</p><a href="https://www.amazon.com/dp/B09954KKH3?tag=eloabder-20&linkCode=osi&th=1&psc=1">View Product</a></div>
<div class="product"><a href="https://www.amazon.com/dp/B003A2I5T8?tag=eloabder-20&linkCode=osi&th=1&psc=1"><img src="https://m.media-amazon.com/images/I/41LvtrGFjVL._SL500_.jpg" alt="Product Image"></a><p>Astrobrights/Neenah Bright White Cardstock, 8.5" x 11", 65 lb/176 gsm, White, 75 Sheets (90905-02) - Packaging May Vary</p><p>$6.99</p><a href="https://www.amazon.com/dp/B003A2I5T8?tag=eloabder-20&linkCode=osi&th=1&psc=1">View Product</a></div><div class="product"><a href="https://www.amazon.com/dp/B00006IDRW?tag=eloabder-20&linkCode=osi&th=1&psc=1"><img src="https://m.media-amazon.com/images/I/412xLv5ae7L._SL500_.jpg" alt="Product Image"></a><p>Neenah Premium Cardstock, 8.5" x 11", 65 lb/176 gsm, Bright White, 250 Sheets (91904)</p><p>$14.29</p><a href="https://www.amazon.com/dp/B00006IDRW?tag=eloabder-20&linkCode=osi&th=1&psc=1">View Product</a></div><div class="product"><a href="https://www.amazon.com/dp/B07FX5LCXK?tag=eloabder-20&linkCode=osi&th=1&psc=1"><img src="https://m.media-amazon.com/images/I/41n9D1rlKgL._SL500_.jpg" alt="Product Image"></a><p>Printworks White Cardstock, 67 lb, 92 Bright, FSC Certified, Perfect for School and Craft Projects, 8.5 x 11 Inch, 100 Sheets (00540)</p><p>$11.49</p><a href="https://www.amazon.com/dp/B07FX5LCXK?tag=eloabder-20&linkCode=osi&th=1&psc=1">View Product</a></div><div class="product"><a href="https://www.amazon.com/dp/B07QQ3L753?tag=eloabder-20&linkCode=osi&th=1&psc=1"><img src="https://m.media-amazon.com/images/I/41n0Ue3DLbL._SL500_.jpg" alt="Product Image"></a><p>Neenah White Index Paper, Mediumweight, 300 Sheets, 199 gsm, 94 Brightness, 8.5" x 11" - MORE SHEETS! (91635)</p><p>$15.99</p><a href="https://www.amazon.com/dp/B07QQ3L753?tag=eloabder-20&linkCode=osi&th=1&psc=1">View Product</a></div><div class="product"><a href="https://www.amazon.com/dp/B07D4YF3K4?tag=eloabder-20&linkCode=osi&th=1&psc=1"><img src="https://m.media-amazon.com/images/I/41ffykOOE7L._SL500_.jpg" alt="Product Image"></a><p>Neenah Index Cardstock, 8.5" x 11", 90 lb/163 gsm, White, Lightweight, 94 Brightness, 300 Sheets (91437)</p><p>$19.24</p><a href="https://www.amazon.com/dp/B07D4YF3K4?tag=eloabder-20&linkCode=osi&th=1&psc=1">View Product</a></div><div class="product"><a href="https://www.amazon.com/dp/B08DCF5B4P?tag=eloabder-20&linkCode=osi&th=1&psc=1"><img src="https://m.media-amazon.com/images/I/41GRzmuulDL._SL500_.jpg" alt="Product Image"></a><p>Hammermill White Cardstock, 110 Lb, 8.5 x 11 Colored Cardstock, 1 Pack (200 Sheets) - Thick Card Stock, Made in the USA, 168380R</p><p>$13.32</p><a href="https://www.amazon.com/dp/B08DCF5B4P?tag=eloabder-20&linkCode=osi&th=1&psc=1">View Product</a></div><div class="product"><a href="https://www.amazon.com/dp/B0CYPPHFV9?tag=eloabder-20&linkCode=osi&th=1&psc=1"><img src="https://m.media-amazon.com/images/I/51IQR4E5R1L._SL500_.jpg" alt="Product Image"></a><p>96 Sheets Colored Cardstock 24 Colors, 8.5x11 Color Cardstock Bulk, 200gsm/75lb Assorted Colors Construction Paper for Printing, Card Making, Die Cutting, Crafts, Scrapbooking, Party Decorations</p><p>$12.99</p><a href="https://www.amazon.com/dp/B0CYPPHFV9?tag=eloabder-20&linkCode=osi&th=1&psc=1">View Product</a></div><div class="product"><a href="https://www.amazon.com/dp/B07QNMF4ZP?tag=eloabder-20&linkCode=osi&th=1&psc=1"><img src="https://m.media-amazon.com/images/I/41mVi2qUcyL._SL500_.jpg" alt="Product Image"></a><p>Printworks White Cardstock, Standard, 67 lb. Vellum, 92 Bright, 250 sheets, 8.5 x 11, For Office, Home & School Printing, Craft Projects (00564)</p><p>$12.92</p><a href="https://www.amazon.com/dp/B07QNMF4ZP?tag=eloabder-20&linkCode=osi&th=1&psc=1">View Product</a></div><div class="product"><a href="https://www.amazon.com/dp/B09Y681BML?tag=eloabder-20&linkCode=osi&th=1&psc=1"><img src="https://m.media-amazon.com/images/I/41whFoq6OEL._SL500_.jpg" alt="Product Image"></a><p>Astrobrights Mega Collection, Colored Cardstock, Punchy Pastel 5-Color Assortment, 320 Sheets, 65 lb./176 gsm, 8.5" x 11" - MORE SHEETS! (91780)</p><p>$19.87</p><a href="https://www.amazon.com/dp/B09Y681BML?tag=eloabder-20&linkCode=osi&th=1&psc=1">View Product</a></div>


<div class="product"><a href="https://www.amazon.com/dp/B0B7DZ4YPN?tag=eloabder-20&linkCode=osi&th=1&psc=1"><img src="https://m.media-amazon.com/images/I/51NIBuS801L._SL500_.jpg" alt="Product Image"></a><p>Epoxy Resin 64OZ - Crystal Clear Epoxy Resin Kit - No Yellowing No Bubble Art Resin Casting Resin for Art Crafts, Jewelry Making, Wood & Resin Molds(32OZ x 2)</p><p>$34.99 ($0.55 / Ounce)</p><a href="https://www.amazon.com/dp/B0B7DZ4YPN?tag=eloabder-20&linkCode=osi&th=1&psc=1">View Product</a></div><div class="product"><a href="https://www.amazon.com/dp/B0CPVCRD93?tag=eloabder-20&linkCode=osi&th=1&psc=1"><img src="https://m.media-amazon.com/images/I/51mBmD2NCqL._SL500_.jpg" alt="Product Image"></a><p>Puduo Epoxy Resin Kit 72OZ，Newly Formulated Crystal Clear Epoxy Resin，Strong, Bubble-Free, Anti-Yellowing Art Resin That，Suitable for Casting, DIY, Resin Art, Molds, Jewelry, Easy to Mix 1:1 Ratio</p><p>$36.99 ($0.51 / Ounce)</p><a href="https://www.amazon.com/dp/B0CPVCRD93?tag=eloabder-20&linkCode=osi&th=1&psc=1">View Product</a></div><div class="product"><a href="https://www.amazon.com/dp/B0BY2PFY62?tag=eloabder-20&linkCode=osi&th=1&psc=1"><img src="https://m.media-amazon.com/images/I/51jY4DbLEVL._SL500_.jpg" alt="Product Image"></a><p>LET'S RESIN Polyurethane Resin, 60oz 2 Part Casting Resin, Fast Cured Resin within 10 Minutes, Ultra Low Viscosity & Low Odor Pourable Liquid Plastic for Casting Models, Prototypes & Other Resin Craft</p><p>$40.99 ($0.68 / Ounce)</p><a href="https://www.amazon.com/dp/B0BY2PFY62?tag=eloabder-20&linkCode=osi&th=1&psc=1">View Product</a></div><div class="product"><a href="https://www.amazon.com/dp/B0CXLX1BF1?tag=eloabder-20&linkCode=osi&th=1&psc=1"><img src="https://m.media-amazon.com/images/I/51B03piFSWL._SL500_.jpg" alt="Product Image"></a><p>Epoxy Resin,1 Gallon Crystal Clear Epoxy Resin Kit, High-Gloss & Bubbles Free Resin and Hardener Kit, Art Resin Casting Resin for Art Crafts, Jewelry Making, Wood & Resin Molds…</p><p>$49.99</p><a href="https://www.amazon.com/dp/B0CXLX1BF1?tag=eloabder-20&linkCode=osi&th=1&psc=1">View Product</a></div><div class="product"><a href="https://www.amazon.com/dp/B0B79JKMTN?tag=eloabder-20&linkCode=osi&th=1&psc=1"><img src="https://m.media-amazon.com/images/I/51awzY+fOoL._SL500_.jpg" alt="Product Image"></a><p>Teexpert Crystal Clear Epoxy Resin Kit 1 Gallon Self-Leveling Coating and Casting Resin, High-Gloss & Bubbles Free Resin and Hardener Kit for DIY Art, Jewelry, Table Top, Molds, Wood 1:1 Ratio</p><p>$49.49 ($0.39 / Fl Oz)</p><a href="https://www.amazon.com/dp/B0B79JKMTN?tag=eloabder-20&linkCode=osi&th=1&psc=1">View Product</a></div><div class="product"><a href="https://www.amazon.com/dp/B0CZDCWRDS?tag=eloabder-20&linkCode=osi&th=1&psc=1"><img src="https://m.media-amazon.com/images/I/51NoC3Siy8L._SL500_.jpg" alt="Product Image"></a><p>Puduo Epoxy Resin Kit 1.1Gallon，Newly Formulated Crystal Clear Epoxy Resin，Strong, Bubble-Free, Anti-Yellowing Art Resin That，Suitable for Casting, DIY, Resin Art, Molds, Easy to Mix 1:1 Ratio</p><p>$48.99 ($0.35 / Ounce)</p><a href="https://www.amazon.com/dp/B0CZDCWRDS?tag=eloabder-20&linkCode=osi&th=1&psc=1">View Product</a></div><div class="product"><a href="https://www.amazon.com/dp/B0C786S8ZW?tag=eloabder-20&linkCode=osi&th=1&psc=1"><img src="https://m.media-amazon.com/images/I/51PD1cgR+-L._SL500_.jpg" alt="Product Image"></a><p>LET'S RESIN EPOXY RESIN 2 Gallon Casting Resin with Pumps, Bubble Free & High-Gloss Resin Epoxy Kit, Crystal Clear Epoxy Resin and Hardener for DIY Art, Molds Casting,Craft</p><p>$87.00 ($0.34 / Fl Oz)</p><a href="https://www.amazon.com/dp/B0C786S8ZW?tag=eloabder-20&linkCode=osi&th=1&psc=1">View Product</a></div><div class="product"><a href="https://www.amazon.com/dp/B0BYV7YX2K?tag=eloabder-20&linkCode=osi&th=1&psc=1"><img src="https://m.media-amazon.com/images/I/41dTpbgWB+L._SL500_.jpg" alt="Product Image"></a><p>TAKIMO 1 Gallon Crystal Clear Resin Kit,No Bubble & Not Yellowing Epoxy Resin for Coating, Casting, Table Top,DIY, Bar Top, River Tables, Resin Art, Wood with High Gloss Finish</p><p>$39.99</p><a href="https://www.amazon.com/dp/B0BYV7YX2K?tag=eloabder-20&linkCode=osi&th=1&psc=1">View Product</a></div>
<div class="product"><a href="https://www.amazon.com/dp/B093D6Q4V2?tag=eloabder-20&linkCode=osi&th=1&psc=1"><img src="https://m.media-amazon.com/images/I/51GS6ht5RsS._SL500_.jpg" alt="Product Image"></a><p>Brusarth Professional Charcoal Pencils Drawing Set - 6 Pieces Soft Medium and Hard Charcoal Pencils for Drawing, Sketching, Shading</p><p>$5.57</p><a href="https://www.amazon.com/dp/B093D6Q4V2?tag=eloabder-20&linkCode=osi&th=1&psc=1">View Product</a></div><div class="product"><a href="https://www.amazon.com/dp/B000VXONF4?tag=eloabder-20&linkCode=osi&th=1&psc=1"><img src="https://m.media-amazon.com/images/I/51DxvUPz4nL._SL500_.jpg" alt="Product Image"></a><p>General Pencil 957ABP Compressed Charcoal Sticks 4/Pkg-Black - Soft Assorted</p><p>$6.09 ($1.52 / Count)</p><a href="https://www.amazon.com/dp/B000VXONF4?tag=eloabder-20&linkCode=osi&th=1&psc=1">View Product</a></div><div class="product"><a href="https://www.amazon.com/dp/B0BZSZ2W1B?tag=eloabder-20&linkCode=osi&th=1&psc=1"><img src="https://m.media-amazon.com/images/I/41aJEjrQ16L._SL500_.jpg" alt="Product Image"></a><p>ANNECOSK Willow Charcoal Sticks, 10PCS Willow Charcoal Pencils for Artists Drawing, Sketching</p><p>$7.99</p><a href="https://www.amazon.com/dp/B0BZSZ2W1B?tag=eloabder-20&linkCode=osi&th=1&psc=1">View Product</a></div><div class="product"><a href="https://www.amazon.com/dp/B088K31QB7?tag=eloabder-20&linkCode=osi&th=1&psc=1"><img src="https://m.media-amazon.com/images/I/51giSzQeUzL._SL500_.jpg" alt="Product Image"></a><p>MARKART Professional Charcoal Pencils Drawing Set - 10 Pieces Soft Medium and Hard Charcoal Pencils for Drawing, Sketching, Shading</p><p>$5.99</p><a href="https://www.amazon.com/dp/B088K31QB7?tag=eloabder-20&linkCode=osi&th=1&psc=1">View Product</a></div><div class="product"><a href="https://www.amazon.com/dp/B0CHM9YB18?tag=eloabder-20&linkCode=osi&th=1&psc=1"><img src="https://m.media-amazon.com/images/I/51-cFJewi5L._SL500_.jpg" alt="Product Image"></a><p>PANDAFLY Willow Charcoal Sticks, Soft, Black Artist Vine Charcoal for Artists, Beginners, Students, Great for Sketching, Drawing, Shading and Fine Art, 7-9mm, 25 Pack</p><p>$7.99</p><a href="https://www.amazon.com/dp/B0CHM9YB18?tag=eloabder-20&linkCode=osi&th=1&psc=1">View Product</a></div><div class="product"><a href="https://www.amazon.com/dp/B004O7FFR8?tag=eloabder-20&linkCode=osi&th=1&psc=1"><img src="https://m.media-amazon.com/images/I/51JJnYm-n2L._SL500_.jpg" alt="Product Image"></a><p>Strathmore 300 Series Charcoal Paper Pad, Top Wire Bound, 9x12 inches, 32 Sheets (64lb/95g) - Artist Paper for Adults and Students - Charcoal and Pastel</p><p>$8.86</p><a href="https://www.amazon.com/dp/B004O7FFR8?tag=eloabder-20&linkCode=osi&th=1&psc=1">View Product</a></div><div class="product"><a href="https://www.amazon.com/dp/B09KY8MT2T?tag=eloabder-20&linkCode=osi&th=1&psc=1"><img src="https://m.media-amazon.com/images/I/31buTPEV5IL._SL500_.jpg" alt="Product Image"></a><p>Raven Powders Premium Charcoal Powder for Drawing and Art</p><p>$9.99</p><a href="https://www.amazon.com/dp/B09KY8MT2T?tag=eloabder-20&linkCode=osi&th=1&psc=1">View Product</a></div><div class="product"><a href="https://www.amazon.com/dp/B0021IK626?tag=eloabder-20&linkCode=osi&th=1&psc=1"><img src="https://m.media-amazon.com/images/I/317wgA0GITL._SL500_.jpg" alt="Product Image"></a><p>Winsor & Newton Artist Vine Charcoal Sticks, Soft, Box of 12 Sticks</p><p>$10.56</p><a href="https://www.amazon.com/dp/B0021IK626?tag=eloabder-20&linkCode=osi&th=1&psc=1">View Product</a></div>
<div class="product"><a href="https://www.amazon.com/dp/B0CHF9KZSW?tag=eloabder-20&linkCode=osi&th=1&psc=1"><img src="https://m.media-amazon.com/images/I/61lm2iV1gGL._SL500_.jpg" alt="Product Image"></a><p>KALOUR Professional Charcoal Pencils Drawing Set -12 Pieces Soft, Medium and Hard Charcoal Pencils for Drawing, Sketching, Shading, Artist Pencils for Beginners & Artists</p><p>$5.99</p><a href="https://www.amazon.com/dp/B0CHF9KZSW?tag=eloabder-20&linkCode=osi&th=1&psc=1">View Product</a></div><div class="product"><a href="https://www.amazon.com/dp/B0D41JG73W?tag=eloabder-20&linkCode=osi&th=1&psc=1"><img src="https://m.media-amazon.com/images/I/41K5KaeEE0L._SL500_.jpg" alt="Product Image"></a><p>Aenir White Charcoal Pencils, Pack of 12 Charcoal Drawing Pencils, Charcoal Pencils for Artists, Art Supplies for Drawing and Highlighting, Charcoal Pencils for Drawing, Sketching, Shading & Coloring.</p><p>$7.99</p><a href="https://www.amazon.com/dp/B0D41JG73W?tag=eloabder-20&linkCode=osi&th=1&psc=1">View Product</a></div><div class="product"><a href="https://www.amazon.com/dp/B004BPNUMA?tag=eloabder-20&linkCode=osi&th=1&psc=1"><img src="https://m.media-amazon.com/images/I/41EWfMXntlL._SL500_.jpg" alt="Product Image"></a><p>Peel & Sketch Charcoal Pencils 3/Pkg-</p><p>$6.96</p><a href="https://www.amazon.com/dp/B004BPNUMA?tag=eloabder-20&linkCode=osi&th=1&psc=1">View Product</a></div><div class="product"><a href="https://www.amazon.com/dp/B0C5V1QWPJ?tag=eloabder-20&linkCode=osi&th=1&psc=1"><img src="https://m.media-amazon.com/images/I/51bZBOoKtoL._SL500_.jpg" alt="Product Image"></a><p>Brusarth Charcoal Drawing Set -12 pc Black charcoal pencils, White Charcoal Pencils, Eraser Pencils, Blending Stumps for Drawing, Sketching, Shading, Artist Pencils for Beginners & Artists</p><p>$7.99</p><a href="https://www.amazon.com/dp/B0C5V1QWPJ?tag=eloabder-20&linkCode=osi&th=1&psc=1">View Product</a></div>
<div class="product"><a href="https://www.amazon.com/dp/B001BYK7RA?tag=eloabder-20&linkCode=osi&th=1&psc=1"><img src="https://m.media-amazon.com/images/I/316EZYjc1XL._SL500_.jpg" alt="Product Image"></a><p>Winsor & Newton Artist Vine Charcoal Sticks, Soft, Box of 3 Sticks</p><p>$4.09 ($1.36 / Count)</p><a href="https://www.amazon.com/dp/B001BYK7RA?tag=eloabder-20&linkCode=osi&th=1&psc=1">View Product</a></div>
<div class="product"><a href="https://www.amazon.com/dp/B08LR2TBPG?tag=eloabder-20&linkCode=osi&th=1&psc=1"><img src="https://m.media-amazon.com/images/I/31VBhMwmhTL._SL500_.jpg" alt="Product Image"></a><p>Chipboard Sheets 8.5" x 11" - 100 Sheets of 22 Point Chip Board for Crafts - This Kraft Board is a Great Alternative to MDF Board and Cardboard Sheets</p><p>$19.97</p><a href="https://www.amazon.com/dp/B08LR2TBPG?tag=eloabder-20&linkCode=osi&th=1&psc=1">View Product</a></div><div class="product"><a href="https://www.amazon.com/dp/B079F1FYG3?tag=eloabder-20&linkCode=osi&th=1&psc=1"><img src="https://m.media-amazon.com/images/I/41-kpBNtjSL._SL500_.jpg" alt="Product Image"></a><p>100 Thick Kraft Chipboard (30pt) - 8 1/2" x 11" - Perfect for Scrapbooking, Crafts & Product Backing…</p><p>$19.95</p><a href="https://www.amazon.com/dp/B079F1FYG3?tag=eloabder-20&linkCode=osi&th=1&psc=1">View Product</a></div><div class="product"><a href="https://www.amazon.com/dp/B07BYPGP5H?tag=eloabder-20&linkCode=osi&th=1&psc=1"><img src="https://m.media-amazon.com/images/I/31rUtsWIN5L._SL500_.jpg" alt="Product Image"></a><p>100 Chipboard Sheets 8 x 10 inch - 22pt (point) Light Weight Brown Kraft Cardboard for Scrapbooking & Picture Frame Backing (.022 Caliper Thick) Paper Board | MagicWater Supply</p><p>$21.99</p><a href="https://www.amazon.com/dp/B07BYPGP5H?tag=eloabder-20&linkCode=osi&th=1&psc=1">View Product</a></div><div class="product"><a href="https://www.amazon.com/dp/B07BYP99DJ?tag=eloabder-20&linkCode=osi&th=1&psc=1"><img src="https://m.media-amazon.com/images/I/31EMxvnjGrL._SL500_.jpg" alt="Product Image"></a><p>25 Chipboard Sheets 11 x 17 inch - 50pt (point) Heavy Weight Brown Kraft Cardboard for Scrapbooking & Picture Frame Backing (.050 Caliper Thick) Paper Board | MagicWater Supply</p><p>$26.99</p><a href="https://www.amazon.com/dp/B07BYP99DJ?tag=eloabder-20&linkCode=osi&th=1&psc=1">View Product</a></div><div class="product"><a href="https://www.amazon.com/dp/B07BYFXJDL?tag=eloabder-20&linkCode=osi&th=1&psc=1"><img src="https://m.media-amazon.com/images/I/310RbtxO26L._SL500_.jpg" alt="Product Image"></a><p>100 Chipboard Sheets 5 x 7 inch - 22pt (point) Light Weight Brown Kraft Cardboard for Scrapbooking & Picture Frame Backing (.022 Caliper Thick) Paper Board | MagicWater Supply</p><p>$14.99</p><a href="https://www.amazon.com/dp/B07BYFXJDL?tag=eloabder-20&linkCode=osi&th=1&psc=1">View Product</a></div><div class="product"><a href="https://www.amazon.com/dp/B0B6GK2MFD?tag=eloabder-20&linkCode=osi&th=1&psc=1"><img src="https://m.media-amazon.com/images/I/31-IEV+iYgL._SL500_.jpg" alt="Product Image"></a><p>10 EcoSwift 8.5x11 Chipboard Cardboard Craft Scrapbook Material Scrapbooking Packaging Sheets Shipping Pads Inserts 8 1/2 inch x 11 inch Chip Board</p><p>$4.99</p><a href="https://www.amazon.com/dp/B0B6GK2MFD?tag=eloabder-20&linkCode=osi&th=1&psc=1">View Product</a></div><div class="product"><a href="https://www.amazon.com/dp/B07BYKB2ZL?tag=eloabder-20&linkCode=osi&th=1&psc=1"><img src="https://m.media-amazon.com/images/I/31WIwma4xfL._SL500_.jpg" alt="Product Image"></a><p>Chipboard Sheets 8.5 x 11 inch - 50pt (Point) Heavy Weight Brown Kraft Cardboard for Scrapbooking & Picture Frame Backing (.050 Caliper Thick) Paper Board | MagicWater Supply (Kraft 100 Pack)</p><p>$38.99</p><a href="https://www.amazon.com/dp/B07BYKB2ZL?tag=eloabder-20&linkCode=osi&th=1&psc=1">View Product</a></div><div class="product"><a href="https://www.amazon.com/dp/B00161W6L8?tag=eloabder-20&linkCode=osi&th=1&psc=1"><img src="https://m.media-amazon.com/images/I/41MflHlo3JL._SL500_.jpg" alt="Product Image"></a><p>GRAFIX Natural Medium Weight Chipboard Sheets 8.5"X11" 25/Pkg, 8.5"x11"x0.057", Count</p><p>$15.14 ($0.61 / Count)</p><a href="https://www.amazon.com/dp/B00161W6L8?tag=eloabder-20&linkCode=osi&th=1&psc=1">View Product</a></div><div class="product"><a href="https://www.amazon.com/dp/B0013JRFUA?tag=eloabder-20&linkCode=osi&th=1&psc=1"><img src="https://m.media-amazon.com/images/I/41JzQAJkDoL._SL500_.jpg" alt="Product Image"></a><p>Grafix Medium Weight Acid-Free 0.057” Chipboard Sheets, Create Three-Dimensional Embellishments for Cards, Papercrafts, Mixed Media, Home Décor, and More, 12 x 12, Natural, 25 Count</p><p>$14.51 ($0.58 / Count)</p><a href="https://www.amazon.com/dp/B0013JRFUA?tag=eloabder-20&linkCode=osi&th=1&psc=1">View Product</a></div>








<div class="product"><a href="https://www.amazon.com/dp/B0C2YPJDFL?tag=eloabder-20&linkCode=osi&th=1&psc=1"><img src="https://m.media-amazon.com/images/I/51WB6B3vguL._SL500_.jpg" alt="Product Image"></a><p>Yagol Colored Pencils for Adult Coloring Books, 72 Colored Professional Drawing Pencils, Coloring Pencils for Adults Beginners kids & Pro.</p><p>$9.99</p><a href="https://www.amazon.com/dp/B0C2YPJDFL?tag=eloabder-20&linkCode=osi&th=1&psc=1">View Product</a></div><div class="product"><a href="https://www.amazon.com/dp/B01N09ZDEI?tag=eloabder-20&linkCode=osi&th=1&psc=1"><img src="https://m.media-amazon.com/images/I/51awfumPEiL._SL500_.jpg" alt="Product Image"></a><p>Soucolor 72-Color Colored Pencils for Adult Coloring Books, Back to School Supplies, Soft Core Artist Sketching Drawing Pencils Drawing Supplies, Art Supplies Kit for Adults Kids, Coloring Pencils Set</p><p>$9.99</p><a href="https://www.amazon.com/dp/B01N09ZDEI?tag=eloabder-20&linkCode=osi&th=1&psc=1">View Product</a></div><div class="product"><a href="https://www.amazon.com/dp/B0B772BZ4G?tag=eloabder-20&linkCode=osi&th=1&psc=1"><img src="https://m.media-amazon.com/images/I/41VSyVENyTL._SL500_.jpg" alt="Product Image"></a><p>FUNLAVIE Colored Pencils 48 Coloring Pencils Premium Professional Art Drawing Pencil for Adults Coloring Book</p><p>$9.99</p><a href="https://www.amazon.com/dp/B0B772BZ4G?tag=eloabder-20&linkCode=osi&th=1&psc=1">View Product</a></div><div class="product"><a href="https://www.amazon.com/dp/B0B8MFGW36?tag=eloabder-20&linkCode=osi&th=1&psc=1"><img src="https://m.media-amazon.com/images/I/51umBJsfZDL._SL500_.jpg" alt="Product Image"></a><p>KALOUR Premium Colored Pencils,Set of 120 Colors,Artists Soft Core with Vibrant Color,Ideal for Drawing Sketching Shading,Coloring Pencils for Adults Beginners kids</p><p>$24.99</p><a href="https://www.amazon.com/dp/B0B8MFGW36?tag=eloabder-20&linkCode=osi&th=1&psc=1">View Product</a></div><div class="product"><a href="https://www.amazon.com/dp/B0D5GSMGMG?tag=eloabder-20&linkCode=osi&th=1&psc=1"><img src="https://m.media-amazon.com/images/I/41aprDliB4L._SL500_.jpg" alt="Product Image"></a><p>Colored Pencils for Adult Coloring Books, Set of 72 Color Pencils, Oil-Based Core Drawing Pencils, 3.8mm Soft Leads with Adult Coloring Pencils, Professional Art Supplies for Adults, Beginner and Kids</p><p>$9.99</p><a href="https://www.amazon.com/dp/B0D5GSMGMG?tag=eloabder-20&linkCode=osi&th=1&psc=1">View Product</a></div><div class="product"><a href="https://www.amazon.com/dp/B0CZBPK6L5?tag=eloabder-20&linkCode=osi&th=1&psc=1"><img src="https://m.media-amazon.com/images/I/31Q1khczz5L._SL500_.jpg" alt="Product Image"></a><p>Colored Pencils for Adult Coloring Books, 72 Colors Drawing Pencils with Oil-Based Cores, Professional Art Supplies for Artists, Coloring Pencils for Adults, Color Pencils Set for Beginners and Teens.</p><p>$9.49</p><a href="https://www.amazon.com/dp/B0CZBPK6L5?tag=eloabder-20&linkCode=osi&th=1&psc=1">View Product</a></div>
<div class="product"><a href="https://www.amazon.com/dp/B0BTJRPJHJ?tag=eloabder-20&linkCode=osi&th=1&psc=1"><img src="https://m.media-amazon.com/images/I/61eh6iSlGRL._SL500_.jpg" alt="Product Image"></a><p>READY 2 LEARN Colored Sand - Turquoise - 2.2 lbs - Play Sand for Kids - Perfect for Arts and Crafts, Sensory Bins, Wedding Decorations and Vase Filler</p><p>$9.32</p><a href="https://www.amazon.com/dp/B0BTJRPJHJ?tag=eloabder-20&linkCode=osi&th=1&psc=1">View Product</a></div><div class="product"><a href="https://www.amazon.com/dp/B0BTJWH6L3?tag=eloabder-20&linkCode=osi&th=1&psc=1"><img src="https://m.media-amazon.com/images/I/61OHaobOoGL._SL500_.jpg" alt="Product Image"></a><p>READY 2 LEARN Colored Sand - Light Blue - 2.2 lbs - Play Sand for Kids - Perfect for Wedding Unity Ceremonies, Crafts, Sensory Bins and Vase Filler</p><p>$9.99</p><a href="https://www.amazon.com/dp/B0BTJWH6L3?tag=eloabder-20&linkCode=osi&th=1&psc=1">View Product</a></div><div class="product"><a href="https://www.amazon.com/dp/B00DZS4AA0?tag=eloabder-20&linkCode=osi&th=1&psc=1"><img src="https://m.media-amazon.com/images/I/41htpdoeWSL._SL500_.jpg" alt="Product Image"></a><p>Activa Pink Decorative Colored Sand in Resealable Bag, 5lb (2.27kg) | Fine Grain & Fade-Proof Sand For Arts & Crafts</p><p>$8.99</p><a href="https://www.amazon.com/dp/B00DZS4AA0?tag=eloabder-20&linkCode=osi&th=1&psc=1">View Product</a></div><div class="product"><a href="https://www.amazon.com/dp/B00GNED6YE?tag=eloabder-20&linkCode=osi&th=1&psc=1"><img src="https://m.media-amazon.com/images/I/41T-AKVqV5L._SL500_.jpg" alt="Product Image"></a><p>Sandsational Sparkle Champagne Unity Sand - 1.5 LB (22oz), Beige Colored Sand for Weddings, Vase Filler, Home Décor, Craft Sand, Aquarium Sand, and More</p><p>$15.99</p><a href="https://www.amazon.com/dp/B00GNED6YE?tag=eloabder-20&linkCode=osi&th=1&psc=1">View Product</a></div><div class="product"><a href="https://www.amazon.com/dp/B007VC4F6A?tag=eloabder-20&linkCode=osi&th=1&psc=1"><img src="https://m.media-amazon.com/images/I/51EtMIBeueL._SL500_.jpg" alt="Product Image"></a><p>Sandsational Sparkle Tropic Blue Unity Sand, 1 LB (16 oz), Colored Sand for Weddings, Vase Filler, Home Décor, Craft Sand, Aquarium Sand, and More</p><p>$9.99</p><a href="https://www.amazon.com/dp/B007VC4F6A?tag=eloabder-20&linkCode=osi&th=1&psc=1">View Product</a></div><div class="product"><a href="https://www.amazon.com/dp/B007VC497K?tag=eloabder-20&linkCode=osi&th=1&psc=1"><img src="https://m.media-amazon.com/images/I/51oZOs1VRDL._SL500_.jpg" alt="Product Image"></a><p>Sandsational Sparkle Burnt Orange Unity Sand, 1 LB (16 oz), Colored Sand for Weddings, Vase Filler, Home Décor, Craft Sand, Aquarium Sand, and More</p><p>$9.99</p><a href="https://www.amazon.com/dp/B007VC497K?tag=eloabder-20&linkCode=osi&th=1&psc=1">View Product</a></div><div class="product"><a href="https://www.amazon.com/dp/B004BN9WWY?tag=eloabder-20&linkCode=osi&th=1&psc=1"><img src="https://m.media-amazon.com/images/I/41Hehnr6HkL._SL500_.jpg" alt="Product Image"></a><p>Activa Turquoise Decorative Colored Sand in Resealable Bag, 5lb (2.27kg) | Fine Grain & Fade-Proof Sand For Arts & Crafts</p><p>$17.99 ($0.22 / Ounce)</p><a href="https://www.amazon.com/dp/B004BN9WWY?tag=eloabder-20&linkCode=osi&th=1&psc=1">View Product</a></div><div class="product"><a href="https://www.amazon.com/dp/B007VC4CMM?tag=eloabder-20&linkCode=osi&th=1&psc=1"><img src="https://m.media-amazon.com/images/I/51MDELk9-bL._SL500_.jpg" alt="Product Image"></a><p>Sandsational Sparkle Hazelnut Unity Sand, 1 LB (16 oz), Colored Sand for Weddings, Vase Filler, Home Décor, Craft Sand, Aquarium Sand, and More</p><p>$9.99</p><a href="https://www.amazon.com/dp/B007VC4CMM?tag=eloabder-20&linkCode=osi&th=1&psc=1">View Product</a></div>

<div class="product"><a href="https://www.amazon.com/dp/B0868M9MFP?tag=eloabder-20&linkCode=osi&th=1&psc=1"><img src="https://m.media-amazon.com/images/I/41MathwPKuL._SL500_.jpg" alt="Product Image"></a><p>SIMETUFY 360 Sheets 36 Multicolor Tissue Paper Bulk Gift Wrapping Tissue Paper Decorative Art Rainbow Tissue Paper 11.5in x 8in for Art Craft Floral Birthday Party Festival Tissue Paper Pom Pom</p><p>$6.98 ($0.02 / Count)</p><a href="https://www.amazon.com/dp/B0868M9MFP?tag=eloabder-20&linkCode=osi&th=1&psc=1">View Product</a></div><div class="product"><a href="https://www.amazon.com/dp/B0CZNYNJL3?tag=eloabder-20&linkCode=osi&th=1&psc=1"><img src="https://m.media-amazon.com/images/I/41ZspqqmKpL._SL500_.jpg" alt="Product Image"></a><p>160 Sheets Colored Tissue Paper, Tissue Paper Bulk 14 X 20 Inches Tissue Paper for Gift Bags Wrapping DIY Crafts Wedding Birthday</p><p>$7.99 ($0.03 / Sq Ft)</p><a href="https://www.amazon.com/dp/B0CZNYNJL3?tag=eloabder-20&linkCode=osi&th=1&psc=1">View Product</a></div><div class="product"><a href="https://www.amazon.com/dp/B07QY9FQN2?tag=eloabder-20&linkCode=osi&th=1&psc=1"><img src="https://m.media-amazon.com/images/I/51DR9nknn7L._SL500_.jpg" alt="Product Image"></a><p>120 Sheets Colored Tissue Paper Bulk Wrapping Craft Paper 20 x 26" for Art Gift Tissue Decoration (24 Colors)</p><p>$15.59 ($0.13 / Count)</p><a href="https://www.amazon.com/dp/B07QY9FQN2?tag=eloabder-20&linkCode=osi&th=1&psc=1">View Product</a></div><div class="product"><a href="https://www.amazon.com/dp/B0CWR5FKGQ?tag=eloabder-20&linkCode=osi&th=1&psc=1"><img src="https://m.media-amazon.com/images/I/31iRzSH4cbL._SL500_.jpg" alt="Product Image"></a><p>Hlonon 100 Sheets Colored Tissue Paper 12×20 Inch Tissue Paper Bulk Gift Wrapping for Gift Bags DIY Crafts Birthday Wedding Holidays Decor 10 Colors</p><p>$4.59</p><a href="https://www.amazon.com/dp/B0CWR5FKGQ?tag=eloabder-20&linkCode=osi&th=1&psc=1">View Product</a></div><div class="product"><a href="https://www.amazon.com/dp/B09RXR9SXB?tag=eloabder-20&linkCode=osi&th=1&psc=1"><img src="https://m.media-amazon.com/images/I/51xWE-5f2lL._SL500_.jpg" alt="Product Image"></a><p>120 Sheets Colored Tissue Paper for Gift Bags - 25 Assorted Colors Tissue Paper for Packaging Bulk Colored Tissue Paper for Gift Wrapping -Tissue Paper Bulk for Crafts Large 20 X 26 Sheets</p><p>$13.99 ($0.12 / Count)</p><a href="https://www.amazon.com/dp/B09RXR9SXB?tag=eloabder-20&linkCode=osi&th=1&psc=1">View Product</a></div><div class="product"><a href="https://www.amazon.com/dp/B0BWPNFLXM?tag=eloabder-20&linkCode=osi&th=1&psc=1"><img src="https://m.media-amazon.com/images/I/51KYkgeBLCL._SL500_.jpg" alt="Product Image"></a><p>Colored Tissue Paper for Gift Bags, Colored Tissue Paper for Crafts, Gift Wrapping Tissue Paper Bulk - 375 Sheets in 36 Assorted Colors (12 in x 8.4 in)</p><p>$12.99 ($0.03 / Count)</p><a href="https://www.amazon.com/dp/B0BWPNFLXM?tag=eloabder-20&linkCode=osi&th=1&psc=1">View Product</a></div><div class="product"><a href="https://www.amazon.com/dp/B0D1JYM64F?tag=eloabder-20&linkCode=osi&th=1&psc=1"><img src="https://m.media-amazon.com/images/I/41wvUKH9PbL._SL500_.jpg" alt="Product Image"></a><p>Phinus 6300 Pcs 1 Inch Tissue Paper Squares, Tissue Paper for Crafts, 42 Assorted Colored Tissue Paper, Colors Art Rainbow Tissue Paper Bulk for Crafts, Art Projects, Birthday Party</p><p>$5.99</p><a href="https://www.amazon.com/dp/B0D1JYM64F?tag=eloabder-20&linkCode=osi&th=1&psc=1">View Product</a></div>
<div class="product"><a href="https://www.amazon.com/dp/B085DP36VF?tag=eloabder-20&linkCode=osi&th=1&psc=1"><img src="https://m.media-amazon.com/images/I/516vaNkg0iL._SL500_.jpg" alt="Product Image"></a><p>Soucolor Art Brush Markers Pens for Adult Coloring Books, 34 Colors Numbered Dual Tip (Brush and Fine Point) Marker Pen for Kids Note taking Planner Lettering Calligraphy Drawing Preppy School Stuff</p><p>$9.99</p><a href="https://www.amazon.com/dp/B085DP36VF?tag=eloabder-20&linkCode=osi&th=1&psc=1">View Product</a></div><div class="product"><a href="https://www.amazon.com/dp/B075WQPKNK?tag=eloabder-20&linkCode=osi&th=1&psc=1"><img src="https://m.media-amazon.com/images/I/51EOXvmdwnL._SL500_.jpg" alt="Product Image"></a><p>Dual Brush Marker Pens for Coloring Books, Tanmit Fine Tip Coloring Marker & Brush Pen Set for Journaling Note Taking Writing Planning Art Project</p><p>$7.97</p><a href="https://www.amazon.com/dp/B075WQPKNK?tag=eloabder-20&linkCode=osi&th=1&psc=1">View Product</a></div>
<div class="product"><a href="https://www.amazon.com/dp/B0BWH7CWFW?tag=eloabder-20&linkCode=osi&th=1&psc=1"><img src="https://m.media-amazon.com/images/I/51jUg2AkDyL._SL500_.jpg" alt="Product Image"></a><p>AnyMark 60 Colors Alcohol Markers, Markers Set, Dual Tip Alcohol Based Art Markers for Kids Adults Coloring Drawing, Chisel & Fine</p><p>$19.99 ($0.33 / Count)</p><a href="https://www.amazon.com/dp/B0BWH7CWFW?tag=eloabder-20&linkCode=osi&th=1&psc=1">View Product</a></div><div class="product"><a href="https://www.amazon.com/dp/B07CJ8QXF8?tag=eloabder-20&linkCode=osi&th=1&psc=1"><img src="https://m.media-amazon.com/images/I/51bChi4-H4L._SL500_.jpg" alt="Product Image"></a><p>Dual Markers Brush Pens, 36 Fine Point Art Marker, Double Tip Colored Pen for Adult Coloring Hand Lettering, School Classroom Art Suppliers</p><p>$9.99</p><a href="https://www.amazon.com/dp/B07CJ8QXF8?tag=eloabder-20&linkCode=osi&th=1&psc=1">View Product</a></div><div class="product"><a href="https://www.amazon.com/dp/B0CMLFSJ32?tag=eloabder-20&linkCode=osi&th=1&psc=1"><img src="https://m.media-amazon.com/images/I/51tOlopoSsL._SL500_.jpg" alt="Product Image"></a><p>TOSHARE Double Brush Marker Pens, 72 Colors Art Markers Set with Fine Tip and Brush Tip for Kids Adult Coloring Book Hand Lettering Calligraphy Drawing Art Supplies Kit</p><p>$29.99</p><a href="https://www.amazon.com/dp/B0CMLFSJ32?tag=eloabder-20&linkCode=osi&th=1&psc=1">View Product</a></div><div class="product"><a href="https://www.amazon.com/dp/B0BYD5M7LQ?tag=eloabder-20&linkCode=osi&th=1&psc=1"><img src="https://m.media-amazon.com/images/I/51sfVuA2MJL._SL500_.jpg" alt="Product Image"></a><p>AnyMark 48 Colors Alcohol Markers, Markers Set, Dual Tip Alcohol Based Art Markers for Kids Adults Coloring Drawing, Chisel & Fine</p><p>$12.99 ($0.27 / Count)</p><a href="https://www.amazon.com/dp/B0BYD5M7LQ?tag=eloabder-20&linkCode=osi&th=1&psc=1">View Product</a></div><div class="product"><a href="https://www.amazon.com/dp/B078N2RFJ9?tag=eloabder-20&linkCode=osi&th=1&psc=1"><img src="https://m.media-amazon.com/images/I/415IZ1EQzEL._SL500_.jpg" alt="Product Image"></a><p>MemOffice 80 Colors Dual Tip Artist Alcohol Markers Set with Carrying Case - Perfect for Coloring, Drawing, Sketching, Card Making and Illustration - Perfect for Adults and Kids</p><p>$22.99</p><a href="https://www.amazon.com/dp/B078N2RFJ9?tag=eloabder-20&linkCode=osi&th=1&psc=1">View Product</a></div><div class="product"><a href="https://www.amazon.com/dp/B0891WKPN3?tag=eloabder-20&linkCode=osi&th=1&psc=1"><img src="https://m.media-amazon.com/images/I/51qPnBJt4QL._SL500_.jpg" alt="Product Image"></a><p>Caliart 34 Double Tip Brush Pens Art Markers, Aesthetic Cute Preppy Stuff School Supplies, Artist Fine & Brush Pen Coloring Markers for Kids Adult Book Cards Drawing Craft Kit Teacher Office Supplies</p><p>$9.99</p><a href="https://www.amazon.com/dp/B0891WKPN3?tag=eloabder-20&linkCode=osi&th=1&psc=1">View Product</a></div><div class="product"><a href="https://www.amazon.com/dp/B08GX1FXG5?tag=eloabder-20&linkCode=osi&th=1&psc=1"><img src="https://m.media-amazon.com/images/I/61VK97q6UUL._SL500_.jpg" alt="Product Image"></a><p>Mogyann Markers for Adult 100 Colors Dual Tip Pens with Fine and Brush Tip for Coloring and Calligraphy Drawing</p><p>$26.99</p><a href="https://www.amazon.com/dp/B08GX1FXG5?tag=eloabder-20&linkCode=osi&th=1&psc=1">View Product</a></div>
<div class="product"><a href="https://www.amazon.com/dp/B002LARR8A?tag=eloabder-20&linkCode=osi&th=1&psc=1"><img src="https://m.media-amazon.com/images/I/41G5vXNB91L._SL500_.jpg" alt="Product Image"></a><p>Prang (Formerly SunWorks) Construction Paper, 10 Assorted Colors, 12" x 18", 100 Sheets</p><p>$13.09</p><a href="https://www.amazon.com/dp/B002LARR8A?tag=eloabder-20&linkCode=osi&th=1&psc=1">View Product</a></div><div class="product"><a href="https://www.amazon.com/dp/B001AZ9S6G?tag=eloabder-20&linkCode=osi&th=1&psc=1"><img src="https://m.media-amazon.com/images/I/41kI6AxAEvL._SL500_.jpg" alt="Product Image"></a><p>Prang (Formerly SunWorks) Construction Paper, White, 12" x 18", 50 Sheets</p><p>$6.86</p><a href="https://www.amazon.com/dp/B001AZ9S6G?tag=eloabder-20&linkCode=osi&th=1&psc=1">View Product</a></div>

<div class="product"><a href="https://www.amazon.com/dp/B003JJIEKC?tag=eloabder-20&linkCode=osi&th=1&psc=1"><img src="https://m.media-amazon.com/images/I/51CnC6280iL._SL500_.jpg" alt="Product Image"></a><p>2 Rolls/Pack 7/32 Copper Foil (Copper Backed)</p><p>$24.21</p><a href="https://www.amazon.com/dp/B003JJIEKC?tag=eloabder-20&linkCode=osi&th=1&psc=1">View Product</a></div><div class="product"><a href="https://www.amazon.com/dp/B0CXXD14QS?tag=eloabder-20&linkCode=osi&th=1&psc=1"><img src="https://m.media-amazon.com/images/I/31MLEFbqdaL._SL500_.jpg" alt="Product Image"></a><p>YEZHET 7/32 Inch Black Backed Copper foil for Stained Glass (2Roll)</p><p>$16.99</p><a href="https://www.amazon.com/dp/B0CXXD14QS?tag=eloabder-20&linkCode=osi&th=1&psc=1">View Product</a></div><div class="product"><a href="https://www.amazon.com/dp/B00359QVPG?tag=eloabder-20&linkCode=osi&th=1&psc=1"><img src="https://m.media-amazon.com/images/I/41hRCFiP1dL._SL500_.jpg" alt="Product Image"></a><p>Edco 3/16 Black Backed Copper Foil</p><p>$14.75</p><a href="https://www.amazon.com/dp/B00359QVPG?tag=eloabder-20&linkCode=osi&th=1&psc=1">View Product</a></div><div class="product"><a href="https://www.amazon.com/dp/B004BNDZSG?tag=eloabder-20&linkCode=osi&th=1&psc=1"><img src="https://m.media-amazon.com/images/I/519NZ7L73gL._SL500_.jpg" alt="Product Image"></a><p>Studio Pro 1/4-Inch Black Lined Copper Foil</p><p>$10.90</p><a href="https://www.amazon.com/dp/B004BNDZSG?tag=eloabder-20&linkCode=osi&th=1&psc=1">View Product</a></div><div class="product"><a href="https://www.amazon.com/dp/B0C3Z37LZK?tag=eloabder-20&linkCode=osi&th=1&psc=1"><img src="https://m.media-amazon.com/images/I/41bhh73eatL._SL500_.jpg" alt="Product Image"></a><p>YEZHET Copper Foil Tape 2 Pack (7/32Inch) with Double-Sided Conductive, for Stained Glass, Electrical Repairs, DIY Handicrafts, Paper Circuits, Crafting</p><p>$7.99 ($0.53 / Foot)</p><a href="https://www.amazon.com/dp/B0C3Z37LZK?tag=eloabder-20&linkCode=osi&th=1&psc=1">View Product</a></div><div class="product"><a href="https://www.amazon.com/dp/B00WVKO1LG?tag=eloabder-20&linkCode=osi&th=1&psc=1"><img src="https://m.media-amazon.com/images/I/31J15yH0QGL._SL500_.jpg" alt="Product Image"></a><p>K&S 6020 Metallic Copper Crafting Foil, 0.005" Thick x 12" Width x 30" Long, 1 Piece, Made in The USA</p><p>$14.89</p><a href="https://www.amazon.com/dp/B00WVKO1LG?tag=eloabder-20&linkCode=osi&th=1&psc=1">View Product</a></div>
<div class="product"><a href="https://www.amazon.com/dp/B08YJBQ7WZ?tag=eloabder-20&linkCode=osi&th=1&psc=1"><img src="https://m.media-amazon.com/images/I/51MPyR+wDWL._SL500_.jpg" alt="Product Image"></a><p>45 Color Options Macrame Cord 2mm/3mm/4mm/5mm/6mmx109 Yards Cotton Cord, 4 Ply Twisted Yarn, Natural Perfect Supplies DIY Crafts (Natural White)</p><p>$4.98 ($0.02 / Foot)</p><a href="https://www.amazon.com/dp/B08YJBQ7WZ?tag=eloabder-20&linkCode=osi&th=1&psc=1">View Product</a></div><div class="product"><a href="https://www.amazon.com/dp/B07ZGD2G6B?tag=eloabder-20&linkCode=osi&th=1&psc=1"><img src="https://m.media-amazon.com/images/I/51pexzF494L._SL500_.jpg" alt="Product Image"></a><p>Tenn Well Leather String, 100 Yards 2.6mm Flat Suede Cord, Faux Leather Cord for Jewelry Making, Necklaces, Bracelets, Dream Catchers and DIY Crafts (Brown)</p><p>$9.99 ($0.03 / Foot)</p><a href="https://www.amazon.com/dp/B07ZGD2G6B?tag=eloabder-20&linkCode=osi&th=1&psc=1">View Product</a></div><div class="product"><a href="https://www.amazon.com/dp/B0CQF1LC2R?tag=eloabder-20&linkCode=osi&th=1&psc=1"><img src="https://m.media-amazon.com/images/I/51O0PgsjtpL._SL500_.jpg" alt="Product Image"></a><p>Anezus Rainbow Color Nylon Cord, Nylon Craft String, Silky Satin Rattail Cord Beading String for Braided Bracelets, Pendants Necklace, Macrame Keychains, Lanyards, Drawstring Bags, DIY Crafts, Sewing</p><p>$6.99 ($0.02 / Foot)</p><a href="https://www.amazon.com/dp/B0CQF1LC2R?tag=eloabder-20&linkCode=osi&th=1&psc=1">View Product</a></div><div class="product"><a href="https://www.amazon.com/dp/B0B7J9BZSN?tag=eloabder-20&linkCode=osi&th=1&psc=1"><img src="https://m.media-amazon.com/images/I/41Orf+Dg9FL._SL500_.jpg" alt="Product Image"></a><p>2 mm 330 Feet Satin Nylon Cord String for Jewelry Making Bracelet Necklaces Beading Thread Rattail Macrame Kumihimo Chinese Knot Craft</p><p>$7.99 ($0.02 / Foot)</p><a href="https://www.amazon.com/dp/B0B7J9BZSN?tag=eloabder-20&linkCode=osi&th=1&psc=1">View Product</a></div><div class="product"><a href="https://www.amazon.com/dp/B08PZ2VDPM?tag=eloabder-20&linkCode=osi&th=1&psc=1"><img src="https://m.media-amazon.com/images/I/51DQgq3cfXL._SL500_.jpg" alt="Product Image"></a><p>Tenn Well Nylon Satin Cord, 295 Feet 2mm Black Nylon String for Jewelry Making, Silky Rattail Cord for Bracelets, Necklaces, Macrame Keychains, Lanyards, Beading</p><p>$7.99 ($0.03 / Foot)</p><a href="https://www.amazon.com/dp/B08PZ2VDPM?tag=eloabder-20&linkCode=osi&th=1&psc=1">View Product</a></div><div class="product"><a href="https://www.amazon.com/dp/B07TW9PGGB?tag=eloabder-20&linkCode=osi&th=1&psc=1"><img src="https://m.media-amazon.com/images/I/41C73YuzTWL._SL500_.jpg" alt="Product Image"></a><p>Macrame Cord,3mm x109 Yards 100% Natural Macrame Cords Colored Cotton Macrame Rope Craft Cord for DIY Crafts Knitting Plant Hangers Christmas Wedding Decor(Natural Color/Beige)</p><p>$4.98 ($0.02 / Foot)</p><a href="https://www.amazon.com/dp/B07TW9PGGB?tag=eloabder-20&linkCode=osi&th=1&psc=1">View Product</a></div><div class="product"><a href="https://www.amazon.com/dp/B0CS27R34B?tag=eloabder-20&linkCode=osi&th=1&psc=1"><img src="https://m.media-amazon.com/images/I/31hxjVrOTnL._SL500_.jpg" alt="Product Image"></a><p>2 mm x 330 Feet Satin Nylon Cord, Silky Smooth Nylon String for Jewelry Making Bracelet Necklaces Beading Thread Rattail Macrame Kumihimo Chinese Knot Craft</p><p>$7.99 ($0.02 / Foot)</p><a href="https://www.amazon.com/dp/B0CS27R34B?tag=eloabder-20&linkCode=osi&th=1&psc=1">View Product</a></div><div class="product"><a href="https://www.amazon.com/dp/B07GX8B3PC?tag=eloabder-20&linkCode=osi&th=1&psc=1"><img src="https://m.media-amazon.com/images/I/416oClGC4ZL._SL500_.jpg" alt="Product Image"></a><p>Tenn Well 5mm Macrame Cord, 165Feet Braided Cotton Rope Thick Craft Twine for Macrame Plant Hangers, Wall Hangings, Drawstrings, Clothes Lines, DIY Crafts (Beige)</p><p>$8.99 ($0.05 / Foot)</p><a href="https://www.amazon.com/dp/B07GX8B3PC?tag=eloabder-20&linkCode=osi&th=1&psc=1">View Product</a></div>
<div class="product"><a href="https://www.amazon.com/dp/B08LV18F93?tag=eloabder-20&linkCode=osi&th=1&psc=1"><img src="https://m.media-amazon.com/images/I/51XMGht9fSL._SL500_.jpg" alt="Product Image"></a><p>uxcell 20pcs Corrugated Cardboard Paper Sheets,Colorful,7.87-inch x 11.82-inch,for Craft and DIY Projects</p><p>$12.49 ($0.62 / Count)</p><a href="https://www.amazon.com/dp/B08LV18F93?tag=eloabder-20&linkCode=osi&th=1&psc=1">View Product</a></div><div class="product"><a href="https://www.amazon.com/dp/B009MRH3R0?tag=eloabder-20&linkCode=osi&th=1&psc=1"><img src="https://m.media-amazon.com/images/I/51KvHbQ47aL._SL500_.jpg" alt="Product Image"></a><p>Hygloss Corrugated Cardboard Sheets, 8-Pack, 8 Pieces</p><p>$10.13 ($1.27 / Count)</p><a href="https://www.amazon.com/dp/B009MRH3R0?tag=eloabder-20&linkCode=osi&th=1&psc=1">View Product</a></div><div class="product"><a href="https://www.amazon.com/dp/B08LV1DHM7?tag=eloabder-20&linkCode=osi&th=1&psc=1"><img src="https://m.media-amazon.com/images/I/41CqXQkVMyL._SL500_.jpg" alt="Product Image"></a><p>uxcell 10pcs Corrugated Cardboard Paper Sheets,Black,7.87-inch x 11.84-inch,for Craft and DIY Projects</p><p>$8.09 ($0.81 / Count)</p><a href="https://www.amazon.com/dp/B08LV1DHM7?tag=eloabder-20&linkCode=osi&th=1&psc=1">View Product</a></div><div class="product"><a href="https://www.amazon.com/dp/B07RNHX8GZ?tag=eloabder-20&linkCode=osi&th=1&psc=1"><img src="https://m.media-amazon.com/images/I/51LdlT0J20L._SL500_.jpg" alt="Product Image"></a><p>Bright Creations Corrugated Cardboard Paper Sheets (8.5 x 11 in, Black, 48-Pack)</p><p>$16.99 ($0.35 / Count)</p><a href="https://www.amazon.com/dp/B07RNHX8GZ?tag=eloabder-20&linkCode=osi&th=1&psc=1">View Product</a></div><div class="product"><a href="https://www.amazon.com/dp/B07GZHK7KC?tag=eloabder-20&linkCode=osi&th=1&psc=1"><img src="https://m.media-amazon.com/images/I/51LbINh9qtL._SL500_.jpg" alt="Product Image"></a><p>64 Pack Colored Corrugated Cardboard Sheets for Crafts, Art Projects, DIY Signs, 8 Bright Colors (8.3 x 11.8 in)</p><p>$19.99 ($0.31 / Count)</p><a href="https://www.amazon.com/dp/B07GZHK7KC?tag=eloabder-20&linkCode=osi&th=1&psc=1">View Product</a></div><div class="product"><a href="https://www.amazon.com/dp/B08LV1FW8M?tag=eloabder-20&linkCode=osi&th=1&psc=1"><img src="https://m.media-amazon.com/images/I/41glvw8zT3L._SL500_.jpg" alt="Product Image"></a><p>uxcell 10pcs Corrugated Cardboard Paper Sheets,White,7.87-inch x 11.86-inch,for Craft and DIY Projects</p><p>$9.49 ($0.95 / Count)</p><a href="https://www.amazon.com/dp/B08LV1FW8M?tag=eloabder-20&linkCode=osi&th=1&psc=1">View Product</a></div><div class="product"><a href="https://www.amazon.com/dp/B071KP3K72?tag=eloabder-20&linkCode=osi&th=1&psc=1"><img src="https://m.media-amazon.com/images/I/41Dr9t+PB8L._SL500_.jpg" alt="Product Image"></a><p>Corobuff Corrugated Paper, Brite Blue, 48" x 25', 1 Roll</p><p>$38.52</p><a href="https://www.amazon.com/dp/B071KP3K72?tag=eloabder-20&linkCode=osi&th=1&psc=1">View Product</a></div><div class="product"><a href="https://www.amazon.com/dp/B09TB1LKLG?tag=eloabder-20&linkCode=osi&th=1&psc=1"><img src="https://m.media-amazon.com/images/I/31ttSeubU9L._SL500_.jpg" alt="Product Image"></a><p>MECCANIXITY Corrugated Paper Sheets 25pcs 11.8-inch x 7.87-inch White Cardboard for DIY Craft</p><p>$13.99</p><a href="https://www.amazon.com/dp/B09TB1LKLG?tag=eloabder-20&linkCode=osi&th=1&psc=1">View Product</a></div><div class="product"><a href="https://www.amazon.com/dp/B0C372CGHG?tag=eloabder-20&linkCode=osi&th=1&psc=1"><img src="https://m.media-amazon.com/images/I/41EDnL7EWDL._SL500_.jpg" alt="Product Image"></a><p>DMiotech 5 Pack 7.87x11.81 Inch Corrugated Cardboard Paper Sheets DIY Projects Black for Box Making, Cards, Scrapbooks</p><p>$6.99 ($1.40 / Count)</p><a href="https://www.amazon.com/dp/B0C372CGHG?tag=eloabder-20&linkCode=osi&th=1&psc=1">View Product</a></div>
<div class="product"><a href="https://www.amazon.com/dp/B08PBJSDSH?tag=eloabder-20&linkCode=osi&th=1&psc=1"><img src="https://m.media-amazon.com/images/I/41pj8xbkfyL._SL500_.jpg" alt="Product Image"></a><p>100 Pieces Cotton Spun Paper Balls White Natural Spun Cotton Paper Balls Coloring Paper Balls for Making Paper Flowers DIY Crafts Decorations</p><p>$9.49</p><a href="https://www.amazon.com/dp/B08PBJSDSH?tag=eloabder-20&linkCode=osi&th=1&psc=1">View Product</a></div><div class="product"><a href="https://www.amazon.com/dp/B083W75XRT?tag=eloabder-20&linkCode=osi&th=1&psc=1"><img src="https://m.media-amazon.com/images/I/41C8TlFRJvL._SL500_.jpg" alt="Product Image"></a><p>Lia Griffith Cotton Spun Paper Balls, White, 20mm, 24 Count</p><p>$11.30 ($0.47 / Count)</p><a href="https://www.amazon.com/dp/B083W75XRT?tag=eloabder-20&linkCode=osi&th=1&psc=1">View Product</a></div>
<div class="product"><a href="https://www.amazon.com/dp/B0B1J8TYT1?tag=eloabder-20&linkCode=osi&th=1&psc=1"><img src="https://m.media-amazon.com/images/I/41NdyrANVlL._SL500_.jpg" alt="Product Image"></a><p>HOTGODEN Medium Weight 100% Cotton Muslin Fabric: 63 inch x 2,5,10 Yards Unbleached Muslin Linen Fabric Material for Sewing Material Apparel Cloth</p><p>$12.99</p><a href="https://www.amazon.com/dp/B0B1J8TYT1?tag=eloabder-20&linkCode=osi&th=1&psc=1">View Product</a></div><div class="product"><a href="https://www.amazon.com/dp/B0B9HHD1QM?tag=eloabder-20&linkCode=osi&th=1&psc=1"><img src="https://m.media-amazon.com/images/I/313O1FHX2vL._SL500_.jpg" alt="Product Image"></a><p>Craftido-19 Options-100% Cotton Fabric by The yard in Solid Color 44”Wide by 3yd (9 ft) -Medium Weight 5.2 oz- for Quilting, Sewing, Crafts, Binding, Backing and Lining - White</p><p>$22.99</p><a href="https://www.amazon.com/dp/B0B9HHD1QM?tag=eloabder-20&linkCode=osi&th=1&psc=1">View Product</a></div><div class="product"><a href="https://www.amazon.com/dp/B0BHVMLTWV?tag=eloabder-20&linkCode=osi&th=1&psc=1"><img src="https://m.media-amazon.com/images/I/21vOg9h0nXL._SL500_.jpg" alt="Product Image"></a><p>HOTGODEN Light Weight 100% Cotton Muslin Fabric: 63 inch x 2,5,10 Yards Unbleached Muslin Linen Fabric Material for Sewing Material Apparel Cloth</p><p>$12.99</p><a href="https://www.amazon.com/dp/B0BHVMLTWV?tag=eloabder-20&linkCode=osi&th=1&psc=1">View Product</a></div><div class="product"><a href="https://www.amazon.com/dp/B093BQ3GMM?tag=eloabder-20&linkCode=osi&th=1&psc=1"><img src="https://m.media-amazon.com/images/I/61UmpTb+DVS._SL500_.jpg" alt="Product Image"></a><p>42Pcs 10"x10" Quilting Cotton Fabric Squares Sheets Pre-Cut Multi-Color Design Printed Floral Craft Fabric for DIY Sewing Scrapbooking Quilting Craft Patchwork (Red/Pink/Yellow/Green/Blue/Purple)</p><p>$12.88</p><a href="https://www.amazon.com/dp/B093BQ3GMM?tag=eloabder-20&linkCode=osi&th=1&psc=1">View Product</a></div><div class="product"><a href="https://www.amazon.com/dp/B08DTBZTFC?tag=eloabder-20&linkCode=osi&th=1&psc=1"><img src="https://m.media-amazon.com/images/I/41NKhg34TpL._SL500_.jpg" alt="Product Image"></a><p>Master FAB -Black 100% Cotton Fabric by The Yard for Sewing DIY Crafting Fashion Design Washable Cloth Bundles Voile;Full Width cuttable39 x 55inches (100x140cm) (Black Solid)</p><p>$9.99</p><a href="https://www.amazon.com/dp/B08DTBZTFC?tag=eloabder-20&linkCode=osi&th=1&psc=1">View Product</a></div>
<div class="product"><a href="https://www.amazon.com/dp/B08TZZ7F3P?tag=eloabder-20&linkCode=osi&th=1&psc=1"><img src="https://m.media-amazon.com/images/I/41J8e8Zfz1S._SL500_.jpg" alt="Product Image"></a><p>Hdviai Macrame Cord - Natural Unbleached Macrame Rope - 4 Strand Twisted Cotton Rope for Wall Hanging，DIY Craft Making，Plant Hangers，Knotting Decorative Projects (White, 8mm x 20 Yards)</p><p>$9.99 ($0.17 / Foot)</p><a href="https://www.amazon.com/dp/B08TZZ7F3P?tag=eloabder-20&linkCode=osi&th=1&psc=1">View Product</a></div><div class="product"><a href="https://www.amazon.com/dp/B094Y2M3G5?tag=eloabder-20&linkCode=osi&th=1&psc=1"><img src="https://m.media-amazon.com/images/I/51C-4p5OSsS._SL500_.jpg" alt="Product Image"></a><p>SEMINI 100% Natural Cotton Cord,5mm x40 Yard Mixed Color Twine String Cord Colored Cotton Rope Craft Cord for DIY Crafts Knitting Plant Hangers Christmas Wedding Decorate (Mix Color)</p><p>$12.99</p><a href="https://www.amazon.com/dp/B094Y2M3G5?tag=eloabder-20&linkCode=osi&th=1&psc=1">View Product</a></div><div class="product"><a href="https://www.amazon.com/dp/B07NTT82FH?tag=eloabder-20&linkCode=osi&th=1&psc=1"><img src="https://m.media-amazon.com/images/I/41aw9F3nkmL._SL500_.jpg" alt="Product Image"></a><p>Feelmate 6mm x 164 Feet Cotton Rope Macrame Cord for Crafts Jewelry Making Home Decoration Gift Wrapping</p><p>$14.99 ($0.09 / Foot)</p><a href="https://www.amazon.com/dp/B07NTT82FH?tag=eloabder-20&linkCode=osi&th=1&psc=1">View Product</a></div><div class="product"><a href="https://www.amazon.com/dp/B09KRYCT3B?tag=eloabder-20&linkCode=osi&th=1&psc=1"><img src="https://m.media-amazon.com/images/I/41H918apC-L._SL500_.jpg" alt="Product Image"></a><p>Natural Cotton Rope, JEUIHAU 328 Feet 1/4 Inch Cotton Clothesline Rope, All-Purpose Braided Cotton Rope Utility Cord for Clothes Hanging, Crafting, Macrame, Basket Making, and DIY Art Projects</p><p>$25.99 ($0.08 / Foot)</p><a href="https://www.amazon.com/dp/B09KRYCT3B?tag=eloabder-20&linkCode=osi&th=1&psc=1">View Product</a></div>
<div class="product"><a href="https://www.amazon.com/dp/B07RRD6TBN?tag=eloabder-20&linkCode=osi&th=1&psc=1"><img src="https://m.media-amazon.com/images/I/31YqtfxjDuL._SL500_.jpg" alt="Product Image"></a><p>Connecting Threads 100% Cotton Thread - 1200 Yard Spool (White)</p><p>$8.99</p><a href="https://www.amazon.com/dp/B07RRD6TBN?tag=eloabder-20&linkCode=osi&th=1&psc=1">View Product</a></div><div class="product"><a href="https://www.amazon.com/dp/B07G4N3HCZ?tag=eloabder-20&linkCode=osi&th=1&psc=1"><img src="https://m.media-amazon.com/images/I/413UnNketKL._SL500_.jpg" alt="Product Image"></a><p>2-Pack - Gutermann Natural Cotton Thread Solids 876 Yards Each - White (800C 5709)</p><p>$16.17 ($8.08 / Count)</p><a href="https://www.amazon.com/dp/B07G4N3HCZ?tag=eloabder-20&linkCode=osi&th=1&psc=1">View Product</a></div><div class="product"><a href="https://www.amazon.com/dp/B07RSFSYLY?tag=eloabder-20&linkCode=osi&th=1&psc=1"><img src="https://m.media-amazon.com/images/I/31dM1Mx2uIL._SL500_.jpg" alt="Product Image"></a><p>Connecting Threads 100% Cotton Essential Thread 5000 Yard Cone (White)</p><p>$16.99</p><a href="https://www.amazon.com/dp/B07RSFSYLY?tag=eloabder-20&linkCode=osi&th=1&psc=1">View Product</a></div><div class="product"><a href="https://www.amazon.com/dp/B074H1JTPK?tag=eloabder-20&linkCode=osi&th=1&psc=1"><img src="https://m.media-amazon.com/images/I/41tOL4rkfFL._SL500_.jpg" alt="Product Image"></a><p>Simthread 12 Multi Colors 100% Cotton Sewing Thread 50s/3 Thread for Quilting etc - 550 Yards Each 12C02</p><p>$21.99 ($0.00 / Foot)</p><a href="https://www.amazon.com/dp/B074H1JTPK?tag=eloabder-20&linkCode=osi&th=1&psc=1">View Product</a></div><div class="product"><a href="https://www.amazon.com/dp/B07RPCNYXW?tag=eloabder-20&linkCode=osi&th=1&psc=1"><img src="https://m.media-amazon.com/images/I/41iUqMPb-gL._SL500_.jpg" alt="Product Image"></a><p>Connecting Threads 100% Cotton Thread - 1200 Yard Spool (Red)</p><p>$8.99</p><a href="https://www.amazon.com/dp/B07RPCNYXW?tag=eloabder-20&linkCode=osi&th=1&psc=1">View Product</a></div>
<div class="product"><a href="https://www.amazon.com/dp/B09SL5LT8W?tag=eloabder-20&linkCode=osi&th=1&psc=1"><img src="https://m.media-amazon.com/images/I/512Dhz0oTrL._SL500_.jpg" alt="Product Image"></a><p>B-7000 Glue Clear for Rhinestone Crafts, Jewelry and Bead Adhesive B7000 Semi Fluid High Viscosity Glues for Clothes Shoes Fabric Cell Phones Screen Repair Metal Stone Nail Art Glass (4x15 ml/0.5 oz)</p><p>$5.45</p><a href="https://www.amazon.com/dp/B09SL5LT8W?tag=eloabder-20&linkCode=osi&th=1&psc=1">View Product</a></div><div class="product"><a href="https://www.amazon.com/dp/B00178KLEY?tag=eloabder-20&linkCode=osi&th=1&psc=1"><img src="https://m.media-amazon.com/images/I/31wcgL5xRkL._SL500_.jpg" alt="Product Image"></a><p>Aleene's All Purpose Tacky Glue, 8-Ounce</p><p>$2.44 ($0.30 / Fl Oz)</p><a href="https://www.amazon.com/dp/B00178KLEY?tag=eloabder-20&linkCode=osi&th=1&psc=1">View Product</a></div><div class="product"><a href="https://www.amazon.com/dp/B088NN5GD8?tag=eloabder-20&linkCode=osi&th=1&psc=1"><img src="https://m.media-amazon.com/images/I/417dgxV3dfL._SL500_.jpg" alt="Product Image"></a><p>Bearly Art Precision Craft Glue - The Mini - 2fl oz with Tip Kit - Acid Free Archival - Strong Hold Adhesive - Ideal for Fine Paper Crafting Scrapbooking and Card Making - Made in USA</p><p>$12.99</p><a href="https://www.amazon.com/dp/B088NN5GD8?tag=eloabder-20&linkCode=osi&th=1&psc=1">View Product</a></div><div class="product"><a href="https://www.amazon.com/dp/B000BY6THS?tag=eloabder-20&linkCode=osi&th=1&psc=1"><img src="https://m.media-amazon.com/images/I/41WhjtET6sL._SL500_.jpg" alt="Product Image"></a><p>Aleene's Clear Gel Tacky Glue 4oz</p><p>$2.33</p><a href="https://www.amazon.com/dp/B000BY6THS?tag=eloabder-20&linkCode=osi&th=1&psc=1">View Product</a></div><div class="product"><a href="https://www.amazon.com/dp/B00KD6ZHA4?tag=eloabder-20&linkCode=osi&th=1&psc=1"><img src="https://m.media-amazon.com/images/I/31oecXt0Q+L._SL500_.jpg" alt="Product Image"></a><p>Aleene's Gel Glue, 8-Ounce, Clear</p><p>$4.44 ($0.56 / Fl Oz)</p><a href="https://www.amazon.com/dp/B00KD6ZHA4?tag=eloabder-20&linkCode=osi&th=1&psc=1">View Product</a></div><div class="product"><a href="https://www.amazon.com/dp/B07Y6RWHP1?tag=eloabder-20&linkCode=osi&th=1&psc=1"><img src="https://m.media-amazon.com/images/I/41B6C8VaOWL._SL500_.jpg" alt="Product Image"></a><p>Bearly Art Precision Craft Glue - The Original - 4fl oz - Tip Kit Included - Dries Clear - Metal Tip - Wrinkle Resistant - Flexible and Crack Resistant - Strong Hold Adhesive - Made in USA</p><p>$19.99 ($5.00 / Fl Oz)</p><a href="https://www.amazon.com/dp/B07Y6RWHP1?tag=eloabder-20&linkCode=osi&th=1&psc=1">View Product</a></div><div class="product"><a href="https://www.amazon.com/dp/B0D1BYTYWD?tag=eloabder-20&linkCode=osi&th=1&psc=1"><img src="https://m.media-amazon.com/images/I/41P6pr3DnTL._SL500_.jpg" alt="Product Image"></a><p>Joez Wonderful 6 Sheets Foam Adhesive Squares, 990pcs Total Double Sided Self Adhesive Dots, Precut Squares Strips Foam Tape for DIY Arts & Crafts, 2 Sizes (0.47in/12mm, 0.24in/6mm)</p><p>$5.59</p><a href="https://www.amazon.com/dp/B0D1BYTYWD?tag=eloabder-20&linkCode=osi&th=1&psc=1">View Product</a></div><div class="product"><a href="https://www.amazon.com/dp/B001683NAO?tag=eloabder-20&linkCode=osi&th=1&psc=1"><img src="https://m.media-amazon.com/images/I/31cwr-m138L._SL500_.jpg" alt="Product Image"></a><p>BEACON 3-in-1 Advanced Craft Glue - Fast-Drying, Crystal Clear Adhesive for Wood, Ceramics, Fabrics, and More, 4-Ounce</p><p>$8.99 ($2.25 / Fl Oz)</p><a href="https://www.amazon.com/dp/B001683NAO?tag=eloabder-20&linkCode=osi&th=1&psc=1">View Product</a></div><div class="product"><a href="https://www.amazon.com/dp/B0C5CB2KCT?tag=eloabder-20&linkCode=osi&th=1&psc=1"><img src="https://m.media-amazon.com/images/I/51GvFpuq9BL._SL500_.jpg" alt="Product Image"></a><p>B-7000 Craft Glue for Jewelry Making - 15ml/0.5oz (2 Pack) - Multi-Function B-7000 Super Adhesive Glues Liquid Fusion Glue for Rhinestones Crafts, Clothes Shoes, Fabric, Jewelry Making, Cell Phones</p><p>$5.99</p><a href="https://www.amazon.com/dp/B0C5CB2KCT?tag=eloabder-20&linkCode=osi&th=1&psc=1">View Product</a></div><div class="product"><a href="https://www.amazon.com/dp/B0011N832C?tag=eloabder-20&linkCode=osi&th=1&psc=1"><img src="https://m.media-amazon.com/images/I/41VYA3-u1QL._SL500_.jpg" alt="Product Image"></a><p>Glue Dots, Craft Dots, Double-Sided, 1/2", .5 Inch, 200 Dots, DIY Craft Glue Tape, Sticky Adhesive Glue Points, Liquid Hot Glue Alternative, Clear</p><p>$4.88 ($0.02 / Count)</p><a href="https://www.amazon.com/dp/B0011N832C?tag=eloabder-20&linkCode=osi&th=1&psc=1">View Product</a></div>
<div class="product"><a href="https://www.amazon.com/dp/B07V3HLBVF?tag=eloabder-20&linkCode=osi&th=1&psc=1"><img src="https://m.media-amazon.com/images/I/41siDRjPEoL._SL500_.jpg" alt="Product Image"></a><p>bagmad 100 Pack 8x4.75x10 inch Plain Medium Paper Bags with Handles Bulk, Brown Kraft Bags, Craft Gift Bags, Grocery Shopping Retail Bags, Birthday Party Favors Wedding Bags Sacks (Brown, 100pcs)</p><p>$26.46 ($0.26 / Count)</p><a href="https://www.amazon.com/dp/B07V3HLBVF?tag=eloabder-20&linkCode=osi&th=1&psc=1">View Product</a></div><div class="product"><a href="https://www.amazon.com/dp/B07MLM81VG?tag=eloabder-20&linkCode=osi&th=1&psc=1"><img src="https://m.media-amazon.com/images/I/31j9z9qZ3mL._SL500_.jpg" alt="Product Image"></a><p>Qutuus Kraft Paper Bags with Handles Bulk 8x4.5x10 100 pcs Brown Paper Gift Bags Bulk Medium Size Kraft Bags, Brown Bags, Shopping Bags, Retail Bags, Craft Bags for Small Business</p><p>$25.99</p><a href="https://www.amazon.com/dp/B07MLM81VG?tag=eloabder-20&linkCode=osi&th=1&psc=1">View Product</a></div><div class="product"><a href="https://www.amazon.com/dp/B0CJ8PHN2Z?tag=eloabder-20&linkCode=osi&th=1&psc=1"><img src="https://m.media-amazon.com/images/I/41e7VEiBNIL._SL500_.jpg" alt="Product Image"></a><p>100 Pack 5.8x3.2x8.25 Inch Brown Kraft Paper Gift Bags with Handles - Bulk Small Plain Natural Bags for Birthday Party Favors, Grocery, Retail Shopping, Wedding, Craft, Goody, Takeouts, and Business</p><p>$18.99</p><a href="https://www.amazon.com/dp/B0CJ8PHN2Z?tag=eloabder-20&linkCode=osi&th=1&psc=1">View Product</a></div><div class="product"><a href="https://www.amazon.com/dp/B0BWMY43TD?tag=eloabder-20&linkCode=osi&th=1&psc=1"><img src="https://m.media-amazon.com/images/I/41FVul0hWRL._SL500_.jpg" alt="Product Image"></a><p>Brothersbox Brown Paper Bags with Handles Bulk 100PCS Kraft Paper Bags, 8 * 4.76 * 10 Inch Medium Craft Paper Gift Bags for Birthday Party Grocery Retail Shopping Business</p><p>$24.99</p><a href="https://www.amazon.com/dp/B0BWMY43TD?tag=eloabder-20&linkCode=osi&th=1&psc=1">View Product</a></div><div class="product"><a href="https://www.amazon.com/dp/B0C13GRG4D?tag=eloabder-20&linkCode=osi&th=1&psc=1"><img src="https://m.media-amazon.com/images/I/41L33B24HtL._SL500_.jpg" alt="Product Image"></a><p>Toovip 90 Pack Plain Brown Kraft Paper Bags with Handles Bulk, Multiple 3 Assorted Sizes Gift Bags for Favors Grocery Retail Party Birthday Shopping Business Goody Craft Merchandise Take Out Sacks</p><p>$26.99 ($0.30 / Count)</p><a href="https://www.amazon.com/dp/B0C13GRG4D?tag=eloabder-20&linkCode=osi&th=1&psc=1">View Product</a></div><div class="product"><a href="https://www.amazon.com/dp/B09Z2N3QKT?tag=eloabder-20&linkCode=osi&th=1&psc=1"><img src="https://m.media-amazon.com/images/I/416VQ3Ke3PL._SL500_.jpg" alt="Product Image"></a><p>Moretoes 40pcs Brown Paper Bags with Handles Assorted Size Gift Bags, Kraft Paper Bags, Paper Shopping Bags, Craft Bags, Merchandise Bags</p><p>$20.99</p><a href="https://www.amazon.com/dp/B09Z2N3QKT?tag=eloabder-20&linkCode=osi&th=1&psc=1">View Product</a></div><div class="product"><a href="https://www.amazon.com/dp/B0CHMTKBWS?tag=eloabder-20&linkCode=osi&th=1&psc=1"><img src="https://m.media-amazon.com/images/I/31QBYQW7LOL._SL500_.jpg" alt="Product Image"></a><p>Oikss 100 Pack 10x5x13 Plain Natural Brown Kraft Paper Bags with Handles Bulk for Birthday Party Favors Grocery Retail Shopping Business Goody Recycled Craft Gift Bags (Large Size, 100 Count)</p><p>$30.99</p><a href="https://www.amazon.com/dp/B0CHMTKBWS?tag=eloabder-20&linkCode=osi&th=1&psc=1">View Product</a></div><div class="product"><a href="https://www.amazon.com/dp/B0CRD6RXP3?tag=eloabder-20&linkCode=osi&th=1&psc=1"><img src="https://m.media-amazon.com/images/I/51lEnA2mgNL._SL500_.jpg" alt="Product Image"></a><p>XPCARE 100Pack Brown Paper Bags 8x4.5x10 Inch, Plain Medium Paper Bags with Handles Bulk, Kraft Paper Gift Bags, Retail Bags, Party Bags, Shopping Bags, Favor Bags</p><p>$19.99</p><a href="https://www.amazon.com/dp/B0CRD6RXP3?tag=eloabder-20&linkCode=osi&th=1&psc=1">View Product</a></div><div class="product"><a href="https://www.amazon.com/dp/B07V3J3Y5V?tag=eloabder-20&linkCode=osi&th=1&psc=1"><img src="https://m.media-amazon.com/images/I/41wn1f3QStL._SL500_.jpg" alt="Product Image"></a><p>bagmad 100 Pack 5.25x3.25x8 inch Brown Small Paper Bags with Handles Bulk, Gift Paper Bags, Kraft Birthday Party Favors Grocery Retail Shopping Craft Bags Takeouts Business (Plain Natural 100pcs)</p><p>$20.99 ($0.21 / Count)</p><a href="https://www.amazon.com/dp/B07V3J3Y5V?tag=eloabder-20&linkCode=osi&th=1&psc=1">View Product</a></div><div class="product"><a href="https://www.amazon.com/dp/B09HBN5248?tag=eloabder-20&linkCode=osi&th=1&psc=1"><img src="https://m.media-amazon.com/images/I/41iWymlepRL._SL500_.jpg" alt="Product Image"></a><p>Oikss 100 Pack 5.25x3.25x8.25 Inch Small Plain Natural Paper Kraft Gift Bags with Handles Bulk for Birthday Party Favors Grocery Retail Shopping Business Goody Craft Bags Cub (Brown 100 Count)</p><p>$20.99 ($0.21 / Count)</p><a href="https://www.amazon.com/dp/B09HBN5248?tag=eloabder-20&linkCode=osi&th=1&psc=1">View Product</a></div>
<div class="product"><a href="https://www.amazon.com/dp/B09C1YL7RQ?tag=eloabder-20&linkCode=osi&th=1&psc=1"><img src="https://m.media-amazon.com/images/I/615lFU8obCL._SL500_.jpg" alt="Product Image"></a><p>1000+ pcs Pony Beads, Multi-Colored Bracelet Beads for Hair Braids, Crafts, Plastic Beads (Medium Pack, Classic)…</p><p>$6.99 ($0.01 / Count)</p><a href="https://www.amazon.com/dp/B09C1YL7RQ?tag=eloabder-20&linkCode=osi&th=1&psc=1">View Product</a></div>
<div class="product"><a href="https://www.amazon.com/dp/B0C1RC5Y7F?tag=eloabder-20&linkCode=osi&th=1&psc=1"><img src="https://m.media-amazon.com/images/I/41Sf-YEnE+L._SL500_.jpg" alt="Product Image"></a><p>PerkHomy Brown Kraft Paper Roll 17.5" x 1,200" (100') for Gift Wrapping Bulletin Board Kids Craft Art Bouquet Flower Packing Moving Shipping Floor Covering Table 70GSM 50LB (Brown, 17.5" x 100')</p><p>$5.98</p><a href="https://www.amazon.com/dp/B0C1RC5Y7F?tag=eloabder-20&linkCode=osi&th=1&psc=1">View Product</a></div>
<div class="product"><a href="https://www.amazon.com/dp/B0044SA67G?tag=eloabder-20&linkCode=osi&th=1&psc=1"><img src="https://m.media-amazon.com/images/I/51UEqn6-w3L._SL500_.jpg" alt="Product Image"></a><p>Hygloss Products - 77640 Colorful Blank Books – Books for Journaling, Sketching, Writing & More – Great for Arts & Crafts - 10 Assorted Bright, Fun Colors - Pocket-Size - 4.25 x 5.5 Inches - 10 Pack</p><p>$8.18 ($0.82 / Count)</p><a href="https://www.amazon.com/dp/B0044SA67G?tag=eloabder-20&linkCode=osi&th=1&psc=1">View Product</a></div><div class="product"><a href="https://www.amazon.com/dp/B09WQCHK3M?tag=eloabder-20&linkCode=osi&th=1&psc=1"><img src="https://m.media-amazon.com/images/I/61JMYPiYGRL._SL500_.jpg" alt="Product Image"></a><p>Aigybobo Origami Paper Set, 308PCS Kids Craft Paper Kit with Instructional Book for Girls Age 6,7,8,9,10,11,12, Art Projects Supplies for School Class Craft Lessons- Christmas Gifts for Boys&Girls</p><p>$12.99</p><a href="https://www.amazon.com/dp/B09WQCHK3M?tag=eloabder-20&linkCode=osi&th=1&psc=1">View Product</a></div><div class="product"><a href="https://www.amazon.com/dp/B00I7E56NC?tag=eloabder-20&linkCode=osi&th=1&psc=1"><img src="https://m.media-amazon.com/images/I/21cxSReF5yL._SL500_.jpg" alt="Product Image"></a><p>Hygloss Products White Blank Books – Great Books for Journaling, Sketching, Writing & More – Fun for Arts & Crafts - Pocket-size - 4.25 x 5.5 Inches - 10 Pack</p><p>$13.00</p><a href="https://www.amazon.com/dp/B00I7E56NC?tag=eloabder-20&linkCode=osi&th=1&psc=1">View Product</a></div><div class="product"><a href="https://www.amazon.com/dp/B07YGRCXVT?tag=eloabder-20&linkCode=osi&th=1&psc=1"><img src="https://m.media-amazon.com/images/I/51Oxy0SqbES._SL500_.jpg" alt="Product Image"></a><p>Origami Paper | 350 Origami Paper Kit | Set Includes - 300 Sheets 20 Colors 6x6 | 50 Traditional Japanese Patterns | Origami Book 25 Easy Colored Projects | Kids Crafts | Christmas Gifts for boys 8-12</p><p>$17.99</p><a href="https://www.amazon.com/dp/B07YGRCXVT?tag=eloabder-20&linkCode=osi&th=1&psc=1">View Product</a></div><div class="product"><a href="https://www.amazon.com/dp/B07VDCVN3T?tag=eloabder-20&linkCode=osi&th=1&psc=1"><img src="https://m.media-amazon.com/images/I/516u8vopNML._SL500_.jpg" alt="Product Image"></a><p>Gamenote Colorful Origami Kit for Kids 54 Projects 120 Double Sided Origami Paper 12 Sheets Practice Papers Instructional Origami Book Origami Gift for 4+ Girls Boys Adult Beginners Training Craft</p><p>$11.99</p><a href="https://www.amazon.com/dp/B07VDCVN3T?tag=eloabder-20&linkCode=osi&th=1&psc=1">View Product</a></div>



<div class="product"><a href="https://www.amazon.com/dp/B01GCLS32M?tag=eloabder-20&linkCode=osi&th=1&psc=1"><img src="https://m.media-amazon.com/images/I/51xf1ALKGyL._SL500_.jpg" alt="Product Image"></a><p>42pcs Felt Fabric Sheet 4"x4" Assorted Color DIY Craft Squares Nonwoven 1mm Thick</p><p>$6.68</p><a href="https://www.amazon.com/dp/B01GCLS32M?tag=eloabder-20&linkCode=osi&th=1&psc=1">View Product</a></div><div class="product"><a href="https://www.amazon.com/dp/B0CY56NFL7?tag=eloabder-20&linkCode=osi&th=1&psc=1"><img src="https://m.media-amazon.com/images/I/51jZtTDxNCL._SL500_.jpg" alt="Product Image"></a><p>XSEINO 12 Rolls 8"x35"(20.5x90cm) 1.4mm Thick Soft Felt Fabric Sheet 12 Assorted Colors Felt Pack for DIY Craft Sewing Squares Nonwoven Patchwork</p><p>$11.99</p><a href="https://www.amazon.com/dp/B0CY56NFL7?tag=eloabder-20&linkCode=osi&th=1&psc=1">View Product</a></div><div class="product"><a href="https://www.amazon.com/dp/B07VHMT14L?tag=eloabder-20&linkCode=osi&th=1&psc=1"><img src="https://m.media-amazon.com/images/I/61DSrnEAvjL._SL500_.jpg" alt="Product Image"></a><p>150Pcs 4" x 4" (10cm x 10cm) Cotton Craft Fabric Bundle Squares,Squares Sheets Patchwork,Pre-Cut Quilt Squares,DIY Sewing Quarters Bundle,Quilting Fabric Bundles</p><p>$9.99</p><a href="https://www.amazon.com/dp/B07VHMT14L?tag=eloabder-20&linkCode=osi&th=1&psc=1">View Product</a></div><div class="product"><a href="https://www.amazon.com/dp/B08GJHYMGN?tag=eloabder-20&linkCode=osi&th=1&psc=1"><img src="https://m.media-amazon.com/images/I/51wD1FT1eeL._SL500_.jpg" alt="Product Image"></a><p>50pcs 8 x 8 inches Multicolor Cotton Fabric Bundle Squares for Quilting Sewing, Precut Fabric Squares for Craft Patchwork</p><p>$13.77</p><a href="https://www.amazon.com/dp/B08GJHYMGN?tag=eloabder-20&linkCode=osi&th=1&psc=1">View Product</a></div><div class="product"><a href="https://www.amazon.com/dp/B0C6K98T96?tag=eloabder-20&linkCode=osi&th=1&psc=1"><img src="https://m.media-amazon.com/images/I/51M-+hitpAL._SL500_.jpg" alt="Product Image"></a><p>42pcs 6 x 6 inches Felt Fabric Sheets - Fabrics DIY Craftwork Sewing Patchwork, Felt Crafts Assorted Colour Polyester Felt Sheet for Art and Craft</p><p>$4.99</p><a href="https://www.amazon.com/dp/B0C6K98T96?tag=eloabder-20&linkCode=osi&th=1&psc=1">View Product</a></div><div class="product"><a href="https://www.amazon.com/dp/B0C9BYD9ND?tag=eloabder-20&linkCode=osi&th=1&psc=1"><img src="https://m.media-amazon.com/images/I/418r7XqmEKL._SL500_.jpg" alt="Product Image"></a><p>40Pcs Felt Fabric Sheets - 4x4 inch DIY Craft Felt, 1mm Thick Non-Woven Patchwork Material for School Projects & Decoration - 40 Assorted Colors (10 x 10cm)</p><p>$4.99</p><a href="https://www.amazon.com/dp/B0C9BYD9ND?tag=eloabder-20&linkCode=osi&th=1&psc=1">View Product</a></div><div class="product"><a href="https://www.amazon.com/dp/B0BWRN4RHP?tag=eloabder-20&linkCode=osi&th=1&psc=1"><img src="https://m.media-amazon.com/images/I/51HHQcV3njL._SL500_.jpg" alt="Product Image"></a><p>Large Stiff Felt Sheets Bundle: LOTOFUN 10pcs 8x35Inch Assorted Rainbow Color Felts Sheet for Kids Crafts Squares Nonwoven Patchwork DIY Sewing</p><p>$11.99</p><a href="https://www.amazon.com/dp/B0BWRN4RHP?tag=eloabder-20&linkCode=osi&th=1&psc=1">View Product</a></div>
<div class="product"><a href="https://www.amazon.com/dp/B003U6QIUC?tag=eloabder-20&linkCode=osi&th=1&psc=1"><img src="https://m.media-amazon.com/images/I/51PyPJgIPlL._SL500_.jpg" alt="Product Image"></a><p>School Smart 85836 Maribu Feathers - 1/2 Ounce - Set of 150 - Assorted Colors</p><p>$3.52</p><a href="https://www.amazon.com/dp/B003U6QIUC?tag=eloabder-20&linkCode=osi&th=1&psc=1">View Product</a></div>
<div class="product"><a href="https://www.amazon.com/dp/B089DPDYKV?tag=eloabder-20&linkCode=osi&th=1&psc=1"><img src="https://m.media-amazon.com/images/I/51L58by1dXL._SL500_.jpg" alt="Product Image"></a><p>Better Office Products 100 Pack EVA Foam Sheets, 5.5 x 8.5 Inch, Assorted Colors (20 Colors), 2mm Thick, for Arts and Crafts, 100 Sheets</p><p>$13.99 ($0.14 / Count)</p><a href="https://www.amazon.com/dp/B089DPDYKV?tag=eloabder-20&linkCode=osi&th=1&psc=1">View Product</a></div><div class="product"><a href="https://www.amazon.com/dp/B08YXYN327?tag=eloabder-20&linkCode=osi&th=1&psc=1"><img src="https://m.media-amazon.com/images/I/41VfV+-ZFTL._SL500_.jpg" alt="Product Image"></a><p>EVA Foam Cosplay - 2mm (1mm to 10mm) - Black or White - 14" x 39" Sheet - Ultra High Density Craft Foam 85 kg/m3 - by The Foamory</p><p>$14.99</p><a href="https://www.amazon.com/dp/B08YXYN327?tag=eloabder-20&linkCode=osi&th=1&psc=1">View Product</a></div><div class="product"><a href="https://www.amazon.com/dp/B0CMTJDYRN?tag=eloabder-20&linkCode=osi&th=1&psc=1"><img src="https://m.media-amazon.com/images/I/310JuSzt+mL._SL500_.jpg" alt="Product Image"></a><p>Do²ping White Foam Sheets Crafts, 8.5x5.5 Inch Eva Craft Foam Paper for Crafts Project Classroom Scrapbook DIY Cosplay (White-10 Sheets)</p><p>$4.89 ($0.49 / Count)</p><a href="https://www.amazon.com/dp/B0CMTJDYRN?tag=eloabder-20&linkCode=osi&th=1&psc=1">View Product</a></div><div class="product"><a href="https://www.amazon.com/dp/B0C8B6N9TG?tag=eloabder-20&linkCode=osi&th=1&psc=1"><img src="https://m.media-amazon.com/images/I/51j0TiXHCTL._SL500_.jpg" alt="Product Image"></a><p>120 Pack EVA Foam Sheets, 8 x 6 Inch, 1mm Thick, Assorted 15 Colors Craft Foam Paper for School Supply and DIY Handcraft Projects</p><p>$15.99 ($0.13 / Count)</p><a href="https://www.amazon.com/dp/B0C8B6N9TG?tag=eloabder-20&linkCode=osi&th=1&psc=1">View Product</a></div>
<div class="product"><a href="https://www.amazon.com/dp/B01EK7LGH4?tag=eloabder-20&linkCode=osi&th=1&psc=1"><img src="https://m.media-amazon.com/images/I/41Xx+D+j6XL._SL500_.jpg" alt="Product Image"></a><p>Aleene's 3 Pack, 8 oz Tacky Glue, 8 FL OZ, Original Version 3 Count</p><p>$11.17 ($0.47 / Fl Oz)</p><a href="https://www.amazon.com/dp/B01EK7LGH4?tag=eloabder-20&linkCode=osi&th=1&psc=1">View Product</a></div><div class="product"><a href="https://www.amazon.com/dp/B0D59G56SG?tag=eloabder-20&linkCode=osi&th=1&psc=1"><img src="https://m.media-amazon.com/images/I/41BsDwUSwdL._SL500_.jpg" alt="Product Image"></a><p>4oz Craft Glue & Precision Tips, Strong Tacky Glue, Craft Glue Bottles with Fine Tip, Craft Glue Dry Clear, Fabric Glue Permanent for Paper Crafting Scrapbooking/Card Making/Etc</p><p>$8.58</p><a href="https://www.amazon.com/dp/B0D59G56SG?tag=eloabder-20&linkCode=osi&th=1&psc=1">View Product</a></div><div class="product"><a href="https://www.amazon.com/dp/B004DNX6EW?tag=eloabder-20&linkCode=osi&th=1&psc=1"><img src="https://m.media-amazon.com/images/I/51RkAeJv5hL._SL500_.jpg" alt="Product Image"></a><p>ELMERS CraftBond Extra Strength Glue Sticks, 6 Grams, 4 Count</p><p>$9.89 ($2.47 / Count)</p><a href="https://www.amazon.com/dp/B004DNX6EW?tag=eloabder-20&linkCode=osi&th=1&psc=1">View Product</a></div>
<div class="product"><a href="https://www.amazon.com/dp/B01ELWWX98?tag=eloabder-20&linkCode=osi&th=1&psc=1"><img src="https://m.media-amazon.com/images/I/51g67GhksOL._SL500_.jpg" alt="Product Image"></a><p>Maybe Swearing Will Help Adult Coloring Book Set - for Adults Relaxation with Markers in a Case - Motivational Swear Word Anxiety Relief - Color Cuss & Laugh Your Way to Less Stress</p><p>$24.99</p><a href="https://www.amazon.com/dp/B01ELWWX98?tag=eloabder-20&linkCode=osi&th=1&psc=1">View Product</a></div><div class="product"><a href="https://www.amazon.com/dp/B09X1YX59W?tag=eloabder-20&linkCode=osi&th=1&psc=1"><img src="https://m.media-amazon.com/images/I/61Cr68venIL._SL500_.jpg" alt="Product Image"></a><p>Hula Home Stained Glass Mandala Art Kit - DIY Window Clings with Markers, 10 Suncatchers - Perfect Hobby for Adults, Kids, Teens & Seniors - Ideal Gift for Beginners, Women & Elderly</p><p>$15.99</p><a href="https://www.amazon.com/dp/B09X1YX59W?tag=eloabder-20&linkCode=osi&th=1&psc=1">View Product</a></div><div class="product"><a href="https://www.amazon.com/dp/B0CGD74KX7?tag=eloabder-20&linkCode=osi&th=1&psc=1"><img src="https://m.media-amazon.com/images/I/51rNpMlv3wL._SL500_.jpg" alt="Product Image"></a><p>Shimmer Markers Outline Double Line: 12 Colors Metallic Glitter Pens Set Sparkle Kid Age 4 8 10 14 16 Year Old Gift Doodle Drawing Supplies Art Craft Teen Girl Cute Stuff Mother's Day Basket Ideas</p><p>$9.99</p><a href="https://www.amazon.com/dp/B0CGD74KX7?tag=eloabder-20&linkCode=osi&th=1&psc=1">View Product</a></div>

<div class="product"><a href="https://www.amazon.com/dp/B08395C5GC?tag=eloabder-20&linkCode=osi&th=1&psc=1"><img src="https://m.media-amazon.com/images/I/61OgJOjMgQL._SL500_.jpg" alt="Product Image"></a><p>hapray Origami Kit 144 sheets Origami Paper for Kids 72 Patterns with Craft Guiding Book</p><p>$13.97</p><a href="https://www.amazon.com/dp/B08395C5GC?tag=eloabder-20&linkCode=osi&th=1&psc=1">View Product</a></div><div class="product"><a href="https://www.amazon.com/dp/B098WP659T?tag=eloabder-20&linkCode=osi&th=1&psc=1"><img src="https://m.media-amazon.com/images/I/61D4gTo+S1L._SL500_.jpg" alt="Product Image"></a><p>pigipigi Craft Origami Paper for Kids - 208 Sheets Vivid Colorful Folding Papers 54 Patterns Art Projects Kit for 5 6 7 8 9 10 11 12 Years Old Girl Boy Teen Birthday Gift Preschool Educational Toy</p><p>$11.99</p><a href="https://www.amazon.com/dp/B098WP659T?tag=eloabder-20&linkCode=osi&th=1&psc=1">View Product</a></div>
<div class="product"><a href="https://www.amazon.com/dp/B08TWGWRG4?tag=eloabder-20&linkCode=osi&th=1&psc=1"><img src="https://m.media-amazon.com/images/I/51KMwCTx2eL._SL500_.jpg" alt="Product Image"></a><p>Homum 200pcs Premium Gift Tags with 200 Root Natural Jute Twine, Double-Sided Available Kraft Paper Price Tags, Craft Tags Labels Jewelry Tags with String for Wedding Christmas Day Thanksgiving</p><p>$5.99</p><a href="https://www.amazon.com/dp/B08TWGWRG4?tag=eloabder-20&linkCode=osi&th=1&psc=1">View Product</a></div><div class="product"><a href="https://www.amazon.com/dp/B0BNG993ZV?tag=eloabder-20&linkCode=osi&th=1&psc=1"><img src="https://m.media-amazon.com/images/I/51xRPDQUVHL._SL500_.jpg" alt="Product Image"></a><p>200 Pack 2.2 Inch Wood Tags with Hole and Twine, Clipped Corner Rectangle Wooden Gifts Tag for Crafts Unfinished Labels (1.2x2.2 in)</p><p>$9.99 ($0.05 / Count)</p><a href="https://www.amazon.com/dp/B0BNG993ZV?tag=eloabder-20&linkCode=osi&th=1&psc=1">View Product</a></div><div class="product"><a href="https://www.amazon.com/dp/B07N1T58K9?tag=eloabder-20&linkCode=osi&th=1&psc=1"><img src="https://m.media-amazon.com/images/I/41dUfeOE8BL._SL500_.jpg" alt="Product Image"></a><p>2.5" x 3" Vintage Frame Brown Kraft Present Tag Sticker / 250 Present Labels/Canning Packaging Organization Label/Made in The USA</p><p>$15.99</p><a href="https://www.amazon.com/dp/B07N1T58K9?tag=eloabder-20&linkCode=osi&th=1&psc=1">View Product</a></div>
<div class="product"><a href="https://www.amazon.com/dp/B08Y8YRXVQ?tag=eloabder-20&linkCode=osi&th=1&psc=1"><img src="https://m.media-amazon.com/images/I/51DyT7Dd1BL._SL500_.jpg" alt="Product Image"></a><p>72 Pieces Craft Magnets Glass Ceramic Ferrite Magnet with Adhesive Backing and Transparent Clear Glass Cabochons for DIY Craft Fridge Refrigerator Magnets Pendants(Round,1 Inch)</p><p>$12.99 ($0.18 / Count)</p><a href="https://www.amazon.com/dp/B08Y8YRXVQ?tag=eloabder-20&linkCode=osi&th=1&psc=1">View Product</a></div><div class="product"><a href="https://www.amazon.com/dp/B07XDC7FP9?tag=eloabder-20&linkCode=osi&th=1&psc=1"><img src="https://m.media-amazon.com/images/I/41JKgogWT9L._SL500_.jpg" alt="Product Image"></a><p>Magnetic Dots - Self Adhesive Magnet Dots (0.8" x 0.8") - Classroom Must Have Peel & Stick Magnetic Circles - Flexible Sticky Magnets - Sheets is Alternative, Stickers, Strip, Magnetic Tape (120 Pcs)</p><p>$17.99</p><a href="https://www.amazon.com/dp/B07XDC7FP9?tag=eloabder-20&linkCode=osi&th=1&psc=1">View Product</a></div><div class="product"><a href="https://www.amazon.com/dp/B0CSS92G7H?tag=eloabder-20&linkCode=osi&th=1&psc=1"><img src="https://m.media-amazon.com/images/I/51HRyW91ivL._SL500_.jpg" alt="Product Image"></a><p>116pcs Craft Magnets Glass Ceramic Ferrite Magnet with Adhesive Backing and Clear Glass Cabochons for DIY Craft Fridge Refrigerator Magnets (Round,1 Inch,58 Sets)</p><p>$11.96</p><a href="https://www.amazon.com/dp/B0CSS92G7H?tag=eloabder-20&linkCode=osi&th=1&psc=1">View Product</a></div><div class="product"><a href="https://www.amazon.com/dp/B09WCXS3NV?tag=eloabder-20&linkCode=osi&th=1&psc=1"><img src="https://m.media-amazon.com/images/I/51jUQGCcMPL._SL500_.jpg" alt="Product Image"></a><p>DIYMAG Magnetic Adhesive Sheets, |4" x 6"|, 10 Pack Cuttable, Flexible magnet sheets with adhesive for Crafts, Photos, Easy Peel and Stick</p><p>$5.99 ($0.60 / Count)</p><a href="https://www.amazon.com/dp/B09WCXS3NV?tag=eloabder-20&linkCode=osi&th=1&psc=1">View Product</a></div><div class="product"><a href="https://www.amazon.com/dp/B08MVRBN2C?tag=eloabder-20&linkCode=osi&th=1&psc=1"><img src="https://m.media-amazon.com/images/I/51YQW8Hbf3S._SL500_.jpg" alt="Product Image"></a><p>Round Magnets with Adhesive Backing, 120 Pieces Magnet Circles (Diameter 0.8’” x 0.08”) on 4 Tape Sheets, with 3M Strong Adhesive Backing. Perfect for DIY, Art Projects, whiteboards & Fridge</p><p>$10.95</p><a href="https://www.amazon.com/dp/B08MVRBN2C?tag=eloabder-20&linkCode=osi&th=1&psc=1">View Product</a></div><div class="product"><a href="https://www.amazon.com/dp/B0CJHYN7K2?tag=eloabder-20&linkCode=osi&th=1&psc=1"><img src="https://m.media-amazon.com/images/I/51ZowdEZwbL._SL500_.jpg" alt="Product Image"></a><p>124pcs Craft Magnets Glass w Adhesive Backing and Transparent Clear Glass Cabochons DIY Craft Fridge Magnets Sticker for Refrigerator(62 Sets,1 Inch)</p><p>$13.99 ($0.23 / Count)</p><a href="https://www.amazon.com/dp/B0CJHYN7K2?tag=eloabder-20&linkCode=osi&th=1&psc=1">View Product</a></div><div class="product"><a href="https://www.amazon.com/dp/B09BBHBZMG?tag=eloabder-20&linkCode=osi&th=1&psc=1"><img src="https://m.media-amazon.com/images/I/51kT5DaZIPL._SL500_.jpg" alt="Product Image"></a><p>Mr. Pen- Adhesive Magnetic Sheets, 4" x 6", 10 Pack, with Adhesive Backing, Flexible Picture Magnets, Cuttable Magnetic Sheets.</p><p>$5.85</p><a href="https://www.amazon.com/dp/B09BBHBZMG?tag=eloabder-20&linkCode=osi&th=1&psc=1">View Product</a></div><div class="product"><a href="https://www.amazon.com/dp/B07V4STWPV?tag=eloabder-20&linkCode=osi&th=1&psc=1"><img src="https://m.media-amazon.com/images/I/51g56RBuH8L._SL500_.jpg" alt="Product Image"></a><p>Magnetic Sheets with Adhesive Backing - Each 4" x 6" - Flexible Magnetic Paper with Strong Self Adhesive - Sticky Magnet Sheets for Photo and Picture Magnets, Stickers and Other Craft Magnets</p><p>$5.99 ($0.60 / Count)</p><a href="https://www.amazon.com/dp/B07V4STWPV?tag=eloabder-20&linkCode=osi&th=1&psc=1">View Product</a></div>
<div class="product"><a href="https://www.amazon.com/dp/B09VCYS41G?tag=eloabder-20&linkCode=osi&th=1&psc=1"><img src="https://m.media-amazon.com/images/I/61bdWXYPddL._SL500_.jpg" alt="Product Image"></a><p>Betem 24 Colors Dual Tip Acrylic Paint Pens Markers, Premium Acrylic Paint Pens for Wood, Canvas, Stone, Rock Painting, Glass, Ceramic Surfaces, DIY Crafts Making Art Supplies</p><p>$11.99</p><a href="https://www.amazon.com/dp/B09VCYS41G?tag=eloabder-20&linkCode=osi&th=1&psc=1">View Product</a></div><div class="product"><a href="https://www.amazon.com/dp/B0BN7WJFPR?tag=eloabder-20&linkCode=osi&th=1&psc=1"><img src="https://m.media-amazon.com/images/I/51vvJ6c6MPL._SL500_.jpg" alt="Product Image"></a><p>24 Colors Acrylic Paint Pens, Dual Tip Acrylic Paint Markers with Brush Tip and Fine Tip, Acrylic Pens for Rock Painting, Wood, Canvas, Stone, Glass, Ceramic,DIY Crafts Making Art Supplies</p><p>$9.99</p><a href="https://www.amazon.com/dp/B0BN7WJFPR?tag=eloabder-20&linkCode=osi&th=1&psc=1">View Product</a></div><div class="product"><a href="https://www.amazon.com/dp/B0CX1BD86P?tag=eloabder-20&linkCode=osi&th=1&psc=1"><img src="https://m.media-amazon.com/images/I/51w2YBDoYfL._SL500_.jpg" alt="Product Image"></a><p>TBC The Best Crafts 24 Colors Dual Tip Acrylic Paint Markers,Waterproof, Non-Toxic, odorless, Suitable for Paper, Pottery, Stones, Backpacks, Glass</p><p>$9.99</p><a href="https://www.amazon.com/dp/B0CX1BD86P?tag=eloabder-20&linkCode=osi&th=1&psc=1">View Product</a></div><div class="product"><a href="https://www.amazon.com/dp/B09SWJRSSX?tag=eloabder-20&linkCode=osi&th=1&psc=1"><img src="https://m.media-amazon.com/images/I/61OthBr2r9L._SL500_.jpg" alt="Product Image"></a><p>Acrylic Paint Pens Paint Markers Set of 18: Fine Point for Rock Painting Glass Wood Ceramic Fabric Metal Canvas Easter Eggs Pumpkin Kit, Drawing Art Crafts for Adults Scrapbooking Supplies</p><p>$10.99</p><a href="https://www.amazon.com/dp/B09SWJRSSX?tag=eloabder-20&linkCode=osi&th=1&psc=1">View Product</a></div><div class="product"><a href="https://www.amazon.com/dp/B09H2JRV1Y?tag=eloabder-20&linkCode=osi&th=1&psc=1"><img src="https://m.media-amazon.com/images/I/511FMxcdCzL._SL500_.jpg" alt="Product Image"></a><p>IVSUN 24 Colors Premium Extra Fine Point Acrylic Paint Marker Pens for Wood, Canvas, Stone, Rock Painting, Glass, Ceramic Surfaces, DIY Crafts Making Art Supplies (24PCS (0.7mm))</p><p>$8.99</p><a href="https://www.amazon.com/dp/B09H2JRV1Y?tag=eloabder-20&linkCode=osi&th=1&psc=1">View Product</a></div><div class="product"><a href="https://www.amazon.com/dp/B0BN8CW9ZY?tag=eloabder-20&linkCode=osi&th=1&psc=1"><img src="https://m.media-amazon.com/images/I/51n2byYcjqL._SL500_.jpg" alt="Product Image"></a><p>Acrylic Paint Pens Markers, 24 Colors Dual Tip Acrylic Paint Pens for Rock Painting, Wood, Canvas, Stone, Glass, Ceramic Surfaces, DIY Crafts Making Art Supplies (Round Tip and Fine Tip)</p><p>$9.99</p><a href="https://www.amazon.com/dp/B0BN8CW9ZY?tag=eloabder-20&linkCode=osi&th=1&psc=1">View Product</a></div><div class="product"><a href="https://www.amazon.com/dp/B07DB1TVND?tag=eloabder-20&linkCode=osi&th=1&psc=1"><img src="https://m.media-amazon.com/images/I/51KvMUBvqRL._SL500_.jpg" alt="Product Image"></a><p>JR.WHITE Acrylic Paint Pens Paint Markers for Rock Painting, Canvas, Wood, Glass, Fabric, Metal, Plastic, Arts Crafts Easter Eggs, Pumpkin, Scrapbooking Supplies, Graffiti Markers for Adults Kids</p><p>$11.19 ($0.93 / Count )</p><a href="https://www.amazon.com/dp/B07DB1TVND?tag=eloabder-20&linkCode=osi&th=1&psc=1">View Product</a></div><div class="product"><a href="https://www.amazon.com/dp/B07M6Y4FXZ?tag=eloabder-20&linkCode=osi&th=1&psc=1"><img src="https://m.media-amazon.com/images/I/61wQ1qJutWL._SL500_.jpg" alt="Product Image"></a><p>AROIC Paint Pens Paint Markers, 16 colors Oil-Based Waterproof Paint Marker Pen Set On Rock, Wood, Fabric, Metal, Plastic, Glass, Canvas, Mugs, Waterproof, DIY Craft and More</p><p>$11.99</p><a href="https://www.amazon.com/dp/B07M6Y4FXZ?tag=eloabder-20&linkCode=osi&th=1&psc=1">View Product</a></div>

<div class="product"><a href="https://www.amazon.com/dp/B0BQTYYVZH?tag=eloabder-20&linkCode=osi&th=1&psc=1"><img src="https://m.media-amazon.com/images/I/31i9+BVpDCL._SL500_.jpg" alt="Product Image"></a><p>Vanhench Brown Wrapping Paper, Craft Paper, Kraft Paper 17.5"x 1200"(100'), Gift Wrapping Bulletin Board Arts & Crafts, Bouquet Flower Table Covering Poster Packing Shipping Moving Supplies 65GSM 45LB</p><p>$5.98</p><a href="https://www.amazon.com/dp/B0BQTYYVZH?tag=eloabder-20&linkCode=osi&th=1&psc=1">View Product</a></div><div class="product"><a href="https://www.amazon.com/dp/B0CQZ1TYX9?tag=eloabder-20&linkCode=osi&th=1&psc=1"><img src="https://m.media-amazon.com/images/I/41RknmvlWSL._SL500_.jpg" alt="Product Image"></a><p>PerkHomy 36" x 2,400" (200') Brown Kraft Paper Roll for Gift Wrapping Bulletin Board Bouquet Flower Kids Wall Art Craft Packing Moving Shipping Parcel Postal Floor Covering Table Runner 70GSM 50LB</p><p>$30.99 ($0.05 / Sq Ft)</p><a href="https://www.amazon.com/dp/B0CQZ1TYX9?tag=eloabder-20&linkCode=osi&th=1&psc=1">View Product</a></div><div class="product"><a href="https://www.amazon.com/dp/B0C743LQ3M?tag=eloabder-20&linkCode=osi&th=1&psc=1"><img src="https://m.media-amazon.com/images/I/21HvZSNwJML._SL500_.jpg" alt="Product Image"></a><p>White Wrapping Paper Craft Paper Kraft Paper Roll 15" x 450", Bulletin Board Paper Roll, Arts & Crafts, Gift Wrapping Moving Packing Painting Drawing Paint Easel Poster Chart Paper, Kids Art Supplies</p><p>$4.99 ($0.11 / Sq Ft)</p><a href="https://www.amazon.com/dp/B0C743LQ3M?tag=eloabder-20&linkCode=osi&th=1&psc=1">View Product</a></div><div class="product"><a href="https://www.amazon.com/dp/B0D14FL3DF?tag=eloabder-20&linkCode=osi&th=1&psc=1"><img src="https://m.media-amazon.com/images/I/31IQZPHBHfL._SL500_.jpg" alt="Product Image"></a><p>SMART&CASUAL 15" x 450" (37.5') Kraft Paper Roll for Art Craft Supplies Gift Wrapping Moving Packing Kids Painting Drawing Paint Easel Poster Chart Paper (White, 15"W x 450"L (37.5'))</p><p>$4.98</p><a href="https://www.amazon.com/dp/B0D14FL3DF?tag=eloabder-20&linkCode=osi&th=1&psc=1">View Product</a></div><div class="product"><a href="https://www.amazon.com/dp/B0CX5D7W62?tag=eloabder-20&linkCode=osi&th=1&psc=1"><img src="https://m.media-amazon.com/images/I/31+skUeyllL._SL500_.jpg" alt="Product Image"></a><p>SMART&CASUAL 17.8"×1,200"(100') Brown Kraft Wrapping Paper for Craft Gift Bulletin Board Bouquet Flower Table Covering Packing Shipping Moving 70GSM 50LB</p><p>$7.98</p><a href="https://www.amazon.com/dp/B0CX5D7W62?tag=eloabder-20&linkCode=osi&th=1&psc=1">View Product</a></div><div class="product"><a href="https://www.amazon.com/dp/B0C2P7FGFM?tag=eloabder-20&linkCode=osi&th=1&psc=1"><img src="https://m.media-amazon.com/images/I/31Mnush+a-L._SL500_.jpg" alt="Product Image"></a><p>Brown Packing Paper 15"×450"(38'), Brown Paper Roll, Art Craft Paper, Kraft Paper Roll for Moving Boxes Supplies, Gift Wrapping Bouquet Flower Paper, Poster Bulletin Board Paper, Arts and Crafts</p><p>$4.99</p><a href="https://www.amazon.com/dp/B0C2P7FGFM?tag=eloabder-20&linkCode=osi&th=1&psc=1">View Product</a></div><div class="product"><a href="https://www.amazon.com/dp/B0BNCBSZRR?tag=eloabder-20&linkCode=osi&th=1&psc=1"><img src="https://m.media-amazon.com/images/I/31NTgModxdL._SL500_.jpg" alt="Product Image"></a><p>Kraft Paper Sheets - 15 x 15 in. - 240 Sheets of Brown Wrapping Paper – Heavy Duty Craft Paper for Shipping - Light Brown Construction Paper - 80 GSM - 375 Square feet</p><p>$23.89 ($0.10 / Count)</p><a href="https://www.amazon.com/dp/B0BNCBSZRR?tag=eloabder-20&linkCode=osi&th=1&psc=1">View Product</a></div><div class="product"><a href="https://www.amazon.com/dp/B09J9ZGX8S?tag=eloabder-20&linkCode=osi&th=1&psc=1"><img src="https://m.media-amazon.com/images/I/31R819QZXxL._SL500_.jpg" alt="Product Image"></a><p>IDL Packaging 36" x 2160" (180 ft) Brown Kraft Paper Roll, 30 lbs - Quality Paper for Packing, Moving, Shipping, Crafts - 100% Recyclable Natural Kraft Wrapping Paper</p><p>$33.95 ($0.06 / Sq Ft)</p><a href="https://www.amazon.com/dp/B09J9ZGX8S?tag=eloabder-20&linkCode=osi&th=1&psc=1">View Product</a></div>
<div class="product"><a href="https://www.amazon.com/dp/B0BR9M5GT6?tag=eloabder-20&linkCode=osi&th=1&psc=1"><img src="https://m.media-amazon.com/images/I/61jKQSVpNKL._SL500_.jpg" alt="Product Image"></a><p>Drawdart 47 Pack Acrylic Paint Set, 36 Colors Art Painting Supplies for Canvas Wood Fabric Ceramic Crafts, Non Toxic & Rich Pigments for Artists & Hobby Painters, 2 fl oz / 60 ml Bottles</p><p>$24.99 ($0.35 / Fl Oz)</p><a href="https://www.amazon.com/dp/B0BR9M5GT6?tag=eloabder-20&linkCode=osi&th=1&psc=1">View Product</a></div><div class="product"><a href="https://www.amazon.com/dp/B006AT7P6M?tag=eloabder-20&linkCode=osi&th=1&psc=1"><img src="https://m.media-amazon.com/images/I/415ZwGErxOL._SL500_.jpg" alt="Product Image"></a><p>Apple Barrel Acrylic Paint in Assorted Colors (2 oz), 20501, Bright Red</p><p>$0.58 ($0.29 / Fl Oz)</p><a href="https://www.amazon.com/dp/B006AT7P6M?tag=eloabder-20&linkCode=osi&th=1&psc=1">View Product</a></div><div class="product"><a href="https://www.amazon.com/dp/B0BNV7BMN2?tag=eloabder-20&linkCode=osi&th=1&psc=1"><img src="https://m.media-amazon.com/images/I/51K4iYzckvL._SL500_.jpg" alt="Product Image"></a><p>Fantastory Acrylic Paint Set, 24 Classic Colors(2oz), Professional Craft Paint Kit,Canvas/Rock/Stone/Ceramic/Model/Wood Painting with 12 Brushes</p><p>$25.99 ($0.36 / Fl Oz)</p><a href="https://www.amazon.com/dp/B0BNV7BMN2?tag=eloabder-20&linkCode=osi&th=1&psc=1">View Product</a></div><div class="product"><a href="https://www.amazon.com/dp/B0728B4CLJ?tag=eloabder-20&linkCode=osi&th=1&psc=1"><img src="https://m.media-amazon.com/images/I/41aBzZtF9-L._SL500_.jpg" alt="Product Image"></a><p>FolkArt Acrylic Paint in Assorted Colors (2 oz), , Mossy Meadow</p><p>$1.17 ($0.58 / Fl Oz)</p><a href="https://www.amazon.com/dp/B0728B4CLJ?tag=eloabder-20&linkCode=osi&th=1&psc=1">View Product</a></div><div class="product"><a href="https://www.amazon.com/dp/B0BY3G2CXG?tag=eloabder-20&linkCode=osi&th=1&psc=1"><img src="https://m.media-amazon.com/images/I/51Cn6kY12wL._SL500_.jpg" alt="Product Image"></a><p>36 Assorted Acrylic Paint Set by Craft Smart - Non-Toxic Paint for Drawing, Painting, Art & Crafts Supplies - 1 Pack</p><p>$28.98</p><a href="https://www.amazon.com/dp/B0BY3G2CXG?tag=eloabder-20&linkCode=osi&th=1&psc=1">View Product</a></div>

<div class="product"><a href="https://www.amazon.com/dp/B08722TFPH?tag=eloabder-20&linkCode=osi&th=1&psc=1"><img src="https://m.media-amazon.com/images/I/51DqPIU5lcL._SL500_.jpg" alt="Product Image"></a><p>LIUYAXI 20 Colors 100 Yard Satin Ribbon Fabric Ribbon Silk Ribbon Assorted Colors Rolls, 2/5" Wide 5 Yard/Roll, Ribbons Perfect for Gift Wrapping,Crafts, Hair Bows, Wedding Party Decoration and More</p><p>$7.99 ($0.03 / Foot)</p><a href="https://www.amazon.com/dp/B08722TFPH?tag=eloabder-20&linkCode=osi&th=1&psc=1">View Product</a></div><div class="product"><a href="https://www.amazon.com/dp/B08M3BDRX3?tag=eloabder-20&linkCode=osi&th=1&psc=1"><img src="https://m.media-amazon.com/images/I/51qwMfv7kXL._SL500_.jpg" alt="Product Image"></a><p>Winlyn 36 Colors 900 Yards Fabric Ribbons Satin Ribbons Metallic Glitter Ribbons Rolls Craft Ribbons Embellish Decorative Ribbons 2/5" Wide for Floral Bouquet Gifts Crafts Bows Party Wedding</p><p>$13.99 ($0.01 / Foot)</p><a href="https://www.amazon.com/dp/B08M3BDRX3?tag=eloabder-20&linkCode=osi&th=1&psc=1">View Product</a></div><div class="product"><a href="https://www.amazon.com/dp/B08NXF43DB?tag=eloabder-20&linkCode=osi&th=1&psc=1"><img src="https://m.media-amazon.com/images/I/51fTtUVKi5L._SL500_.jpg" alt="Product Image"></a><p>MEEDEE Rainbow Ribbon Solid Color Assortment 10 Colors Double Face Satin Ribbon for Gift Wrapping Happy Birthday Party Decorations, 3/8" X 5 Yard Each Total 50 Yds Per Package</p><p>$7.99 ($0.05 / Foot)</p><a href="https://www.amazon.com/dp/B08NXF43DB?tag=eloabder-20&linkCode=osi&th=1&psc=1">View Product</a></div><div class="product"><a href="https://www.amazon.com/dp/B01N8W0Z45?tag=eloabder-20&linkCode=osi&th=1&psc=1"><img src="https://m.media-amazon.com/images/I/61OkEfd-1BL._SL500_.jpg" alt="Product Image"></a><p>QingHan Grosgrain Ribbons for Crafts Gifts Wrapping 3/8" Boutique Polka Dot Fabric Ribbon 40yd (20 x 2yd)</p><p>$5.99 ($0.05 / Foot)</p><a href="https://www.amazon.com/dp/B01N8W0Z45?tag=eloabder-20&linkCode=osi&th=1&psc=1">View Product</a></div><div class="product"><a href="https://www.amazon.com/dp/B0CS5G5PCX?tag=eloabder-20&linkCode=osi&th=1&psc=1"><img src="https://m.media-amazon.com/images/I/51xzSU+d8QL._SL500_.jpg" alt="Product Image"></a><p>Ribbli Rainbow Satin Ribbon 3/8 Inch x 12 Rolls Total 60 Yards- Colorful Ribbon for Gift Wrapping Craft Party Decoration Baby Shower Wedding</p><p>$7.99 ($0.04 / Foot)</p><a href="https://www.amazon.com/dp/B0CS5G5PCX?tag=eloabder-20&linkCode=osi&th=1&psc=1">View Product</a></div><div class="product"><a href="https://www.amazon.com/dp/B009V35YVC?tag=eloabder-20&linkCode=osi&th=1&psc=1"><img src="https://m.media-amazon.com/images/I/41OYxs2N6GL._SL500_.jpg" alt="Product Image"></a><p>LaRibbons 10 Color 50Yards Solid Satin Ribbon,3/8" X 5 Yard/Roll Colorful Double Face Rainbow Ribbon for Crafts,Flower Bouquet,Gift Wrapping,Hair Bows,Birthday,Wedding Party Decoration</p><p>$4.99</p><a href="https://www.amazon.com/dp/B009V35YVC?tag=eloabder-20&linkCode=osi&th=1&psc=1">View Product</a></div><div class="product"><a href="https://www.amazon.com/dp/B07BDG8KXB?tag=eloabder-20&linkCode=osi&th=1&psc=1"><img src="https://m.media-amazon.com/images/I/61zpTp+xLjL._SL500_.jpg" alt="Product Image"></a><p>Supla 16 Colors 400 Yard Fabric Ribbon Silk Satin Roll Satin Ribbon Rolls in 2/5" Wide, 25 Yard/roll,16 Rolls,Satin Ribbon Fabric Ribbon Embellish Ribbon Ribbon for Bows Crafts Gifts Party Wedding</p><p>$8.99 ($0.01 / Foot)</p><a href="https://www.amazon.com/dp/B07BDG8KXB?tag=eloabder-20&linkCode=osi&th=1&psc=1">View Product</a></div><div class="product"><a href="https://www.amazon.com/dp/B0CRD7S24X?tag=eloabder-20&linkCode=osi&th=1&psc=1"><img src="https://m.media-amazon.com/images/I/51Xe-SI-ZHL._SL500_.jpg" alt="Product Image"></a><p>LIUYAXI 100 Yards Solid Grosgrain Ribbon, 3/8" X 5 Yard/Roll, 20 Colors Rainbow Multicolor Fabric Ribbons Roll Perfect for Crafts Gifts Wrapping Flower Bouquet Hair Bows & Other Projects</p><p>$7.99 ($0.03 / Foot)</p><a href="https://www.amazon.com/dp/B0CRD7S24X?tag=eloabder-20&linkCode=osi&th=1&psc=1">View Product</a></div>


<div class="product"><a href="https://www.amazon.com/dp/B08MZ6MQZM?tag=eloabder-20&linkCode=osi&th=1&psc=1"><img src="https://m.media-amazon.com/images/I/51rVPzuNy4L._SL500_.jpg" alt="Product Image"></a><p>Basic Shapes 1: Circles, Triangles, Squares, Ovals, 676 Pieces US Made Card Stock Punch Out Geometric Shapes in 3 Sizes and 4 PRIMARY Colors for Math, Pattern Play and DIY Crafting</p><p>$11.99</p><a href="https://www.amazon.com/dp/B08MZ6MQZM?tag=eloabder-20&linkCode=osi&th=1&psc=1">View Product</a></div><div class="product"><a href="https://www.amazon.com/dp/B072JW6NQT?tag=eloabder-20&linkCode=osi&th=1&psc=1"><img src="https://m.media-amazon.com/images/I/61uY6781clL._SL500_.jpg" alt="Product Image"></a><p>260 Pieces Colorful Glitter Foam Stickers Self Adhesive Stars Mini Heart Shapes Glitter Stickers, Kid's Arts Craft Supplies Greeting Cards Home Decoration Stars&Heart Shapes</p><p>$6.74 ($0.03 / Count)</p><a href="https://www.amazon.com/dp/B072JW6NQT?tag=eloabder-20&linkCode=osi&th=1&psc=1">View Product</a></div>


<div class="product"><a href="https://www.amazon.com/dp/B07KD1WKXY?tag=eloabder-20&linkCode=osi&th=1&psc=1"><img src="https://m.media-amazon.com/images/I/51y9zQOd9XL._SL500_.jpg" alt="Product Image"></a><p>(109 Yards/1.5mm/35 Colors Optional) Cotton Baker Twine DIY Craft Macramé Natural Cotton Rope Craft Making Knitting String Rope DIY Wedding Decor Supply Christmas Wrapping(deep green)</p><p>$4.98 ($0.02 / Foot)</p><a href="https://www.amazon.com/dp/B07KD1WKXY?tag=eloabder-20&linkCode=osi&th=1&psc=1">View Product</a></div><div class="product"><a href="https://www.amazon.com/dp/B0C7G868WP?tag=eloabder-20&linkCode=osi&th=1&psc=1"><img src="https://m.media-amazon.com/images/I/51YFxbYrxGL._SL500_.jpg" alt="Product Image"></a><p>Ohtomber Bracelet String Elastic Cord - 2 Rolls 1MM Stretchy String for Bracelet Making, Rainbow Elastic Bracelets String Thread for Clay Beads, Bracelets, Jewelry Making, Necklaces, Sewing and Crafts</p><p>$5.99 ($0.01 / Foot)</p><a href="https://www.amazon.com/dp/B0C7G868WP?tag=eloabder-20&linkCode=osi&th=1&psc=1">View Product</a></div>
<div class="product"><a href="https://www.amazon.com/dp/B0CHTZD63Q?tag=eloabder-20&linkCode=osi&th=1&psc=1"><img src="https://m.media-amazon.com/images/I/511hgeOlnkL._SL500_.jpg" alt="Product Image"></a><p>Secopad Scrapbook Tape, 4 Pack Double Sided Tape Roller for Crafts, Sticky Glue Tape Runner Scrapbooking Supplies Journaling School Office for Kids and Adults, 0.3IN x 26FT</p><p>$6.63 ($1.66 / Count)</p><a href="https://www.amazon.com/dp/B0CHTZD63Q?tag=eloabder-20&linkCode=osi&th=1&psc=1">View Product</a></div><div class="product"><a href="https://www.amazon.com/dp/B0BKZ2WVFY?tag=eloabder-20&linkCode=osi&th=1&psc=1"><img src="https://m.media-amazon.com/images/I/519ga5fVbbL._SL500_.jpg" alt="Product Image"></a><p>Guirnd 12PCS Colored Masking Tape, Kids Art Supplies Colored Tape, DIY Craft Tape, Colored Tape Rolls, Colored Painters Tape 1.7cm x 12m (2/3In x 13Yards)</p><p>$5.99 ($0.50 / Count)</p><a href="https://www.amazon.com/dp/B0BKZ2WVFY?tag=eloabder-20&linkCode=osi&th=1&psc=1">View Product</a></div><div class="product"><a href="https://www.amazon.com/dp/B0B1ZYCJPG?tag=eloabder-20&linkCode=osi&th=1&psc=1"><img src="https://m.media-amazon.com/images/I/51zcGqodSPL._SL500_.jpg" alt="Product Image"></a><p>Simetufy 5400 Pcs 1 Inch Tissue Paper Squares, 36 Assorted Colored Tissue Paper for Crafts, Art Rainbow Tissue Paper Bulk for Art Projects, Collage, Suncatchers, Scrapbooking - Non Bleeding</p><p>$7.49</p><a href="https://www.amazon.com/dp/B0B1ZYCJPG?tag=eloabder-20&linkCode=osi&th=1&psc=1">View Product</a></div>

<div class="product"><a href="https://www.amazon.com/dp/B07RZFHS87?tag=eloabder-20&linkCode=osi&th=1&psc=1"><img src="https://m.media-amazon.com/images/I/418QZBtYWTL._SL500_.jpg" alt="Product Image"></a><p>Lazydrop Double-Sided Tape for Arts, Crafts, Photography, Scrapbooking, Tear-by-Hand, Paper Backing (6 Rolls) (Width: 6mm/ 9mm/ 12mm/ 15mm)</p><p>$7.99 ($0.01 / Foot)</p><a href="https://www.amazon.com/dp/B07RZFHS87?tag=eloabder-20&linkCode=osi&th=1&psc=1">View Product</a></div><div class="product"><a href="https://www.amazon.com/dp/B0BPS4V3TG?tag=eloabder-20&linkCode=osi&th=1&psc=1"><img src="https://m.media-amazon.com/images/I/41fTeS+RuRL._SL500_.jpg" alt="Product Image"></a><p>Double Sided Tape for Crafts, Double-Sided Tape for Arts, Scrapbook Supplies, Photography, Gifts Box, Scrapbooking, Card Making, Paper Backing, Tear-by-Hand, 6 Roll Heavy Duty Multi-Size Adhesive Tape</p><p>$6.29 ($0.02 / Foot)</p><a href="https://www.amazon.com/dp/B0BPS4V3TG?tag=eloabder-20&linkCode=osi&th=1&psc=1">View Product</a></div><div class="product"><a href="https://www.amazon.com/dp/B098FCBMQV?tag=eloabder-20&linkCode=osi&th=1&psc=1"><img src="https://m.media-amazon.com/images/I/41E1XYg1+gL._SL500_.jpg" alt="Product Image"></a><p>Craftzilla Colored Masking Tape – 7 Roll Multi Pack – 210 Feet x 1 Inch of Colorful Craft Tape – Vibrant Rainbow Masking Tape –Colored Tape Rolls for Arts & Crafts, Labeling and Color-Coding</p><p>$12.95 ($0.01 / Foot)</p><a href="https://www.amazon.com/dp/B098FCBMQV?tag=eloabder-20&linkCode=osi&th=1&psc=1">View Product</a></div><div class="product"><a href="https://www.amazon.com/dp/B0CBRTT4SY?tag=eloabder-20&linkCode=osi&th=1&psc=1"><img src="https://m.media-amazon.com/images/I/41Ne5OTMBHL._SL500_.jpg" alt="Product Image"></a><p>XEHAHOSH 3 Rolls Double Sided Tape for Crafts, Arts, Scrapbooking, Photography, Paper Backing, Tear-by-Hand. 0.6in by 43-FT</p><p>$5.29</p><a href="https://www.amazon.com/dp/B0CBRTT4SY?tag=eloabder-20&linkCode=osi&th=1&psc=1">View Product</a></div><div class="product"><a href="https://www.amazon.com/dp/B08ZJB4XBX?tag=eloabder-20&linkCode=osi&th=1&psc=1"><img src="https://m.media-amazon.com/images/I/41FzzlZNG0L._SL500_.jpg" alt="Product Image"></a><p>8 Rolls Colored Masking Tape Rainbow Colors Painters Tape Colorful Craft Art Paper Tape for Kids Labeling Arts Crafts DIY Decorative Coding Decoration Teaching Supplies, 0.6 Inch x 16 Yard, 8 Colors</p><p>$6.99 ($0.87 / Count)</p><a href="https://www.amazon.com/dp/B08ZJB4XBX?tag=eloabder-20&linkCode=osi&th=1&psc=1">View Product</a></div><div class="product"><a href="https://www.amazon.com/dp/B09GDZH5PV?tag=eloabder-20&linkCode=osi&th=1&psc=1"><img src="https://m.media-amazon.com/images/I/41cZAy06SiL._SL500_.jpg" alt="Product Image"></a><p>DGTANGYIN 1/4" 2 Rolls Double Sided Adhesive Sticky Tape for Arts, DIY, Crafts, Photography, Scrapbooking, Card Making, Gift Wrapping, Office School Stationery Supplies, Home Supplies(Width: 6mm)</p><p>$3.99 ($0.00 / Foot)</p><a href="https://www.amazon.com/dp/B09GDZH5PV?tag=eloabder-20&linkCode=osi&th=1&psc=1">View Product</a></div>
<div class="product"><a href="https://www.amazon.com/dp/B09XR1XBWG?tag=eloabder-20&linkCode=osi&th=1&psc=1"><img src="https://m.media-amazon.com/images/I/31h+RS-Nv6L._SL500_.jpg" alt="Product Image"></a><p>10PCS 7mil Blank Mylar Stencil Sheets,12X12 inch Milky Translucent PET Blank Stencils Sheets,Template Material for Cutting Machines, Laser Cutting, Food-Safe Craft Plastic</p><p>$8.99</p><a href="https://www.amazon.com/dp/B09XR1XBWG?tag=eloabder-20&linkCode=osi&th=1&psc=1">View Product</a></div>

<div class="product"><a href="https://www.amazon.com/dp/B09TSLYX33?tag=eloabder-20&linkCode=osi&th=1&psc=1"><img src="https://m.media-amazon.com/images/I/41xNrpMfOLL._SL500_.jpg" alt="Product Image"></a><p>18 Gauge Aluminum Craft Wire, 165 Feet 1mm Bendable Metal Wire for Jewelry Making, Sculpting, Floral Making, Wreath Making, Crafting, Wire Wrapping, Christmas Ornaments (Silver)</p><p>$6.99</p><a href="https://www.amazon.com/dp/B09TSLYX33?tag=eloabder-20&linkCode=osi&th=1&psc=1">View Product</a></div><div class="product"><a href="https://www.amazon.com/dp/B002HRAEOG?tag=eloabder-20&linkCode=osi&th=1&psc=1"><img src="https://m.media-amazon.com/images/I/41HimGENjYL._SL500_.jpg" alt="Product Image"></a><p>FloraCraft 26 Gauge Floral Wire 270 Feet Bright Silver</p><p>$4.29</p><a href="https://www.amazon.com/dp/B002HRAEOG?tag=eloabder-20&linkCode=osi&th=1&psc=1">View Product</a></div><div class="product"><a href="https://www.amazon.com/dp/B06ZXY1PXB?tag=eloabder-20&linkCode=osi&th=1&psc=1"><img src="https://m.media-amazon.com/images/I/41Nh+1dv7FL._SL500_.jpg" alt="Product Image"></a><p>Mandala Crafts Anodized Aluminum Wire for Sculpting, Armature, Jewelry Making, Gem Metal Wrap, Garden, Colored and Soft, 1 Roll(14 Gauge, Silver)</p><p>$10.19 ($0.17 / Foot)</p><a href="https://www.amazon.com/dp/B06ZXY1PXB?tag=eloabder-20&linkCode=osi&th=1&psc=1">View Product</a></div><div class="product"><a href="https://www.amazon.com/dp/B07ZYNTH7D?tag=eloabder-20&linkCode=osi&th=1&psc=1"><img src="https://m.media-amazon.com/images/I/51ku4vQDwXL._SL500_.jpg" alt="Product Image"></a><p>12 Gauge Aluminum Wire 100 Feet, Anezus Metal Armature Wire Bendable Sculpting Wire for Crafts Wreath Making Jewelry Making Beading Floral (Silver, 2mm)</p><p>$12.99 ($0.13 / Foot)</p><a href="https://www.amazon.com/dp/B07ZYNTH7D?tag=eloabder-20&linkCode=osi&th=1&psc=1">View Product</a></div><div class="product"><a href="https://www.amazon.com/dp/B07CQL7Y5B?tag=eloabder-20&linkCode=osi&th=1&psc=1"><img src="https://m.media-amazon.com/images/I/51mHjBYsT0L._SL500_.jpg" alt="Product Image"></a><p>TecUnite Aluminum Craft Wire for Sculpting Armature Bendable Craft Wire for DIY Jewelry Making (1 Roll,Silver,10 M X 3 mm)</p><p>$8.99 ($0.27 / Foot)</p><a href="https://www.amazon.com/dp/B07CQL7Y5B?tag=eloabder-20&linkCode=osi&th=1&psc=1">View Product</a></div><div class="product"><a href="https://www.amazon.com/dp/B095Y844QP?tag=eloabder-20&linkCode=osi&th=1&psc=1"><img src="https://m.media-amazon.com/images/I/51w+5umyhOS._SL500_.jpg" alt="Product Image"></a><p>Tenn Well 12 Gauge Aluminum Wire, 100 Feet 2mm Bendable Metal Craft Wire for Sculpting, Armature, Jewelry Making, Floral Making, Doll Making, Modelling, Crafting, Bonsai Training</p><p>$11.99 ($0.12 / Foot)</p><a href="https://www.amazon.com/dp/B095Y844QP?tag=eloabder-20&linkCode=osi&th=1&psc=1">View Product</a></div>
<div class="product"><a href="https://www.amazon.com/dp/B0CYPH4FLQ?tag=eloabder-20&linkCode=osi&th=1&psc=1"><img src="https://m.media-amazon.com/images/I/41u786i6oZL._SL500_.jpg" alt="Product Image"></a><p>DIYDEC 24 Pack Basswood Sheets 4 x 6 x 1/16 Inch Thin Plywood Wood Sheets Unfinished Wood Squares Boards Balsa Wood Sheets for Crafts Architectural Models Laser Cutting Wood Burning and Drawing</p><p>$6.99</p><a href="https://www.amazon.com/dp/B0CYPH4FLQ?tag=eloabder-20&linkCode=osi&th=1&psc=1">View Product</a></div><div class="product"><a href="https://www.amazon.com/dp/B082HR4RV3?tag=eloabder-20&linkCode=osi&th=1&psc=1"><img src="https://m.media-amazon.com/images/I/51kfms0w39L._SL500_.jpg" alt="Product Image"></a><p>5ARTH Natural Wood Slices - 30 Pcs 3.5-4 inches Craft Unfinished Wood kit Predrilled with Hole Wooden Circles for Arts Wood Slices Christmas Ornaments DIY Crafts</p><p>$21.99</p><a href="https://www.amazon.com/dp/B082HR4RV3?tag=eloabder-20&linkCode=osi&th=1&psc=1">View Product</a></div>
<div class="product"><a href="https://www.amazon.com/dp/B089T7PX27?tag=eloabder-20&linkCode=osi&th=1&psc=1"><img src="https://m.media-amazon.com/images/I/41aDJyks7kL._SL500_.jpg" alt="Product Image"></a><p>Crayola Air Dry Clay (5lbs), Natural White Modeling Clay for Kids, Sculpting Material, Bulk Craft Supplies for School Classrooms [Amazon Exclusive]</p><p>$17.41</p><a href="https://www.amazon.com/dp/B089T7PX27?tag=eloabder-20&linkCode=osi&th=1&psc=1">View Product</a></div><div class="product"><a href="https://www.amazon.com/dp/B0BDM5WLQX?tag=eloabder-20&linkCode=osi&th=1&psc=1"><img src="https://m.media-amazon.com/images/I/41oBPm5+PkL._SL500_.jpg" alt="Product Image"></a><p>ifergoo White Air Dry Clay, Modeling Clay for School Art & Craft Project. Refill White Clay for Kids Age 3-12, Boys and Girls Gift</p><p>$6.99 ($1.65 / Ounce)</p><a href="https://www.amazon.com/dp/B0BDM5WLQX?tag=eloabder-20&linkCode=osi&th=1&psc=1">View Product</a></div><div class="product"><a href="https://www.amazon.com/dp/B0B8TLRRKM?tag=eloabder-20&linkCode=osi&th=1&psc=1"><img src="https://m.media-amazon.com/images/I/418ijOdZBzL._SL500_.jpg" alt="Product Image"></a><p>Pepy Premium European Air Dry Modeling Clay White 2.2 lb Bar, Easy to Use Air-Hardening Clay for Classroom and Montessori Sculpting and Crafts Projects</p><p>$9.97 ($0.28 / Ounce)</p><a href="https://www.amazon.com/dp/B0B8TLRRKM?tag=eloabder-20&linkCode=osi&th=1&psc=1">View Product</a></div>

<div class="product"><a href="https://www.amazon.com/dp/B0D3HPD7WP?tag=eloabder-20&linkCode=osi&th=1&psc=1"><img src="https://m.media-amazon.com/images/I/31KSmmAWUWL._SL500_.jpg" alt="Product Image"></a><p>50 Sheets Grey Cardstock Paper, Colored Printer Paper 8.5 x 11, Thick Construction Paper for Cards Making, Scrapbook，Office Printing, Invitations, Certificates，DIY Crafting 92 lb/250gsm</p><p>$9.99</p><a href="https://www.amazon.com/dp/B0D3HPD7WP?tag=eloabder-20&linkCode=osi&th=1&psc=1">View Product</a></div>
<div class="product"><a href="https://www.amazon.com/dp/B076CP6F36?tag=eloabder-20&linkCode=osi&th=1&psc=1"><img src="https://m.media-amazon.com/images/I/51rfEIvgI+L._SL500_.jpg" alt="Product Image"></a><p>Apple Barrel, Vibrant Spectrum Collection Acrylic Craft Paint, PROMOABIII, 2 fl oz each, 16 assorted matte colors, 16 count</p><p>$15.97 ($0.50 / Fl Oz)</p><a href="https://www.amazon.com/dp/B076CP6F36?tag=eloabder-20&linkCode=osi&th=1&psc=1">View Product</a></div><div class="product"><a href="https://www.amazon.com/dp/B0BKFLSYQF?tag=eloabder-20&linkCode=osi&th=1&psc=1"><img src="https://m.media-amazon.com/images/I/51a0PmPRknL._SL500_.jpg" alt="Product Image"></a><p>72 Pack Acrylic Paint Set, Shuttle Art 60 Colors Acrylic Paint Including Extra White Black & 12 Brushes, 2oz/60ml, Rich Pigmented, Water Proof, Ideal for Artists, Beginners on Canvas Rock Wood Ceramic</p><p>$45.99 ($23.00 / Fl Oz)</p><a href="https://www.amazon.com/dp/B0BKFLSYQF?tag=eloabder-20&linkCode=osi&th=1&psc=1">View Product</a></div><div class="product"><a href="https://www.amazon.com/dp/B08CB3JH79?tag=eloabder-20&linkCode=osi&th=1&psc=1"><img src="https://m.media-amazon.com/images/I/51OUZsFdnTL._SL500_.jpg" alt="Product Image"></a><p>Acrylic Paint Set of 36 Colors 2fl oz 60ml Bottles,Non Toxic 36 Colors Acrylic Paint No Fading Rich Pigment for Kids Adults Artists Canvas Crafts Wood Painting</p><p>$32.99 ($0.46 / Fl Oz)</p><a href="https://www.amazon.com/dp/B08CB3JH79?tag=eloabder-20&linkCode=osi&th=1&psc=1">View Product</a></div><div class="product"><a href="https://www.amazon.com/dp/B0018NBVKQ?tag=eloabder-20&linkCode=osi&th=1&psc=1"><img src="https://m.media-amazon.com/images/I/31YlSvZMTCL._SL500_.jpg" alt="Product Image"></a><p>Apple Barrel Acrylic Paint in Assorted Colors (8 Ounce), 20403 White</p><p>$2.67 ($0.33 / Fl Oz)</p><a href="https://www.amazon.com/dp/B0018NBVKQ?tag=eloabder-20&linkCode=osi&th=1&psc=1">View Product</a></div><div class="product"><a href="https://www.amazon.com/dp/B077WSBLZ1?tag=eloabder-20&linkCode=osi&th=1&psc=1"><img src="https://m.media-amazon.com/images/I/51KPkXpLn1L._SL500_.jpg" alt="Product Image"></a><p>Shuttle Art Acrylic Paint Set, 30 x12ml Tubes Artist Quality Non Toxic Rich Pigments Colors Great for Kids Adults Professional Painting on Rocks Canvas Wood Clay Fabric Ceramic Crafts</p><p>$12.99 ($1.08 / Fl Oz)</p><a href="https://www.amazon.com/dp/B077WSBLZ1?tag=eloabder-20&linkCode=osi&th=1&psc=1">View Product</a></div><div class="product"><a href="https://www.amazon.com/dp/B00889Z5Y6?tag=eloabder-20&linkCode=osi&th=1&psc=1"><img src="https://m.media-amazon.com/images/I/41MQjsyDbSL._SL500_.jpg" alt="Product Image"></a><p>Apple Barrel Acrylic Paint in Assorted Colors (2 oz), 20764, Apricot</p><p>$0.58 ($0.29 / Fl Oz)</p><a href="https://www.amazon.com/dp/B00889Z5Y6?tag=eloabder-20&linkCode=osi&th=1&psc=1">View Product</a></div><div class="product"><a href="https://www.amazon.com/dp/B09TWQD5ZL?tag=eloabder-20&linkCode=osi&th=1&psc=1"><img src="https://m.media-amazon.com/images/I/41B0L003QXL._SL500_.jpg" alt="Product Image"></a><p>Artkey Acrylic Paint Set - 24 colors 2 oz/59 ml Acrylic Paints Professional Artists Painting Kit for Canvases Fabric Rock Leather Easter Egg Wood Ceramic Glass Art Craft Painting</p><p>$19.99 ($0.42 / Fl Oz)</p><a href="https://www.amazon.com/dp/B09TWQD5ZL?tag=eloabder-20&linkCode=osi&th=1&psc=1">View Product</a></div><div class="product"><a href="https://www.amazon.com/dp/B07Z93LQDB?tag=eloabder-20&linkCode=osi&th=1&psc=1"><img src="https://m.media-amazon.com/images/I/51veoN6zK0L._SL500_.jpg" alt="Product Image"></a><p>Shuttle Art Acrylic Paint Set, 36 Colors Acrylic Paint with Brushes & Palette, 2oz Bottles, Rich Pigments Non-toxic Paint for Artists Kids & Adults, Art Supplies for Canvas Rock Ceramic Wood Painting</p><p>$27.99</p><a href="https://www.amazon.com/dp/B07Z93LQDB?tag=eloabder-20&linkCode=osi&th=1&psc=1">View Product</a></div><div class="product"><a href="https://www.amazon.com/dp/B002665SYY?tag=eloabder-20&linkCode=osi&th=1&psc=1"><img src="https://m.media-amazon.com/images/I/31sJJeWK6OS._SL500_.jpg" alt="Product Image"></a><p>Liquitex BASICS Acrylic Paint, 250ml (8.5-oz) Tube, Titanium White</p><p>$9.99 ($1.18 / Fl Oz)</p><a href="https://www.amazon.com/dp/B002665SYY?tag=eloabder-20&linkCode=osi&th=1&psc=1">View Product</a></div>
<div class="product"><a href="https://www.amazon.com/dp/B0CC98XLGL?tag=eloabder-20&linkCode=osi&th=1&psc=1"><img src="https://m.media-amazon.com/images/I/51ZLw+nThiL._SL500_.jpg" alt="Product Image"></a><p>HUIRUSO 4 Pack Double Sided Tape Roller, Scrapbook Supplies, Glue Tape Roller for Crafts, Double-Sided Adhesive Tape Runner for Scrapbooking, School Office Journaling Supplies (0.31 in X 26.25 ft)</p><p>$6.99 ($1.75 / Count)</p><a href="https://www.amazon.com/dp/B0CC98XLGL?tag=eloabder-20&linkCode=osi&th=1&psc=1">View Product</a></div><div class="product"><a href="https://www.amazon.com/dp/B007XAAE6K?tag=eloabder-20&linkCode=osi&th=1&psc=1"><img src="https://m.media-amazon.com/images/I/414qxYVR0wL._SL500_.jpg" alt="Product Image"></a><p>Scotch Double Sided Tape Runner, 1-Pack, 0.27 in x 26 ft., Perfect for Holiday Crafts, Gifts, and More</p><p>$4.47</p><a href="https://www.amazon.com/dp/B007XAAE6K?tag=eloabder-20&linkCode=osi&th=1&psc=1">View Product</a></div><div class="product"><a href="https://www.amazon.com/dp/B0BZVGPFSK?tag=eloabder-20&linkCode=osi&th=1&psc=1"><img src="https://m.media-amazon.com/images/I/51-ue9+7JkL._SL500_.jpg" alt="Product Image"></a><p>Birllaid Double Sided Tape for Walls, Picture Hanging Strips Removable Mounting Dots Adhesive Heavy Duty, Removable for Art Craft, Decoration, Party Supplies, Multipurpose</p><p>$11.99</p><a href="https://www.amazon.com/dp/B0BZVGPFSK?tag=eloabder-20&linkCode=osi&th=1&psc=1">View Product</a></div><div class="product"><a href="https://www.amazon.com/dp/B0CGVN9SL1?tag=eloabder-20&linkCode=osi&th=1&psc=1"><img src="https://m.media-amazon.com/images/I/41Hy+i4CnoL._SL500_.jpg" alt="Product Image"></a><p>30Ft x 1 Inch Hook and Loop Strips with Adhesive,Double Rolls of Heavy Duty Self Adhesive Tape with Backing, Nylon Self Adhesive Tape for Home Office School and Crafting,White</p><p>$9.99</p><a href="https://www.amazon.com/dp/B0CGVN9SL1?tag=eloabder-20&linkCode=osi&th=1&psc=1">View Product</a></div><div class="product"><a href="https://www.amazon.com/dp/B07Y3VDPLF?tag=eloabder-20&linkCode=osi&th=1&psc=1"><img src="https://m.media-amazon.com/images/I/41cyKQ2OMuL._SL500_.jpg" alt="Product Image"></a><p>Melsan 1x4 inch Hook and Loop Strips with Adhesive - 15 Sets, Strong Back Adhesive Fasten Mounting Tape for Home or Office Use - Instead of Holes and Screws, Black</p><p>$7.82</p><a href="https://www.amazon.com/dp/B07Y3VDPLF?tag=eloabder-20&linkCode=osi&th=1&psc=1">View Product</a></div><div class="product"><a href="https://www.amazon.com/dp/B07V57VJT5?tag=eloabder-20&linkCode=osi&th=1&psc=1"><img src="https://m.media-amazon.com/images/I/514JO3bvl3L._SL500_.jpg" alt="Product Image"></a><p>XFasten Adhesive Roller for Scrapbooking, 8mm x 30ft 4-Pack Double Sided Glue Tape Roller, Scrapbook Supplies for Adults, Photo Tape for Scrapbooking</p><p>$9.99 ($2.50 / Count)</p><a href="https://www.amazon.com/dp/B07V57VJT5?tag=eloabder-20&linkCode=osi&th=1&psc=1">View Product</a></div><div class="product"><a href="https://www.amazon.com/dp/B07JLTGQHX?tag=eloabder-20&linkCode=osi&th=1&psc=1"><img src="https://m.media-amazon.com/images/I/51Eqfo7kUZL._SL500_.jpg" alt="Product Image"></a><p>UPINS 120 Pack Double Sided Foam Tape Square Self-Adhesive Foam Tape Black Strong Tape Pads for DIY Art Crafts Supplies</p><p>$9.99 ($0.08 / Count)</p><a href="https://www.amazon.com/dp/B07JLTGQHX?tag=eloabder-20&linkCode=osi&th=1&psc=1">View Product</a></div><div class="product"><a href="https://www.amazon.com/dp/B005FM6XF4?tag=eloabder-20&linkCode=osi&th=1&psc=1"><img src="https://m.media-amazon.com/images/I/51-vp1WJ89L._SL500_.jpg" alt="Product Image"></a><p>AdTech 5603 Permanent Crafter's Tape, 0.31" x 315", Pack of 4</p><p>$7.84 ($0.07 / Foot)</p><a href="https://www.amazon.com/dp/B005FM6XF4?tag=eloabder-20&linkCode=osi&th=1&psc=1">View Product</a></div><div class="product"><a href="https://www.amazon.com/dp/B0CJF1FLFJ?tag=eloabder-20&linkCode=osi&th=1&psc=1"><img src="https://m.media-amazon.com/images/I/51dig1RqzdL._SL500_.jpg" alt="Product Image"></a><p>UPINS 150Pack Double Sided Foam Tape Strong Sticky Double Sided Foam Pads for Crafts Self-Adhesive Mounting Foam Tape Heavy Duty for Home Wall Decor 40 * 40 * 2mm</p><p>$8.99 ($0.06 / Count)</p><a href="https://www.amazon.com/dp/B0CJF1FLFJ?tag=eloabder-20&linkCode=osi&th=1&psc=1">View Product</a></div><div class="product"><a href="https://www.amazon.com/dp/B0D4YWRGCL?tag=eloabder-20&linkCode=osi&th=1&psc=1"><img src="https://m.media-amazon.com/images/I/41EqJ553-KL._SL500_.jpg" alt="Product Image"></a><p>Amanbo Glue Tape for Scrapbooking, 6 Pack Scrapbook Tape, Double Sided Tape Roller for Crafts, Total 120 Ft x 0.24 in Tape Runner, Craft Supplies for Scrapbooking, Gift Wrapping and Photo Tape</p><p>$6.99</p><a href="https://www.amazon.com/dp/B0D4YWRGCL?tag=eloabder-20&linkCode=osi&th=1&psc=1">View Product</a></div>
<div class="product"><a href="https://www.amazon.com/dp/B0CC5HPPTN?tag=eloabder-20&linkCode=osi&th=1&psc=1"><img src="https://m.media-amazon.com/images/I/519M81S201L._SL500_.jpg" alt="Product Image"></a><p>Airbrush Paint - 30 Colors with 3 Thinner, Ready to Spray Airbrush Paint Set, Water-Based Acrylic Air brush Paints for Metal, Plastic Models, Canvas, Wood, 20ml/Bottle</p><p>$32.99 ($1.48 / Fl Oz)</p><a href="https://www.amazon.com/dp/B0CC5HPPTN?tag=eloabder-20&linkCode=osi&th=1&psc=1">View Product</a></div>
<div class="product"><a href="https://www.amazon.com/dp/B0CXPSGK36?tag=eloabder-20&linkCode=osi&th=1&psc=1"><img src="https://m.media-amazon.com/images/I/51dd2dYOtrL._SL500_.jpg" alt="Product Image"></a><p>Letter Stickers 30 Sheets 1500 PCS Large Alphabet Sticker 2 Inch Vinyl Self Adhesive Stick on Stickers for Water Bottles Cup Mailbox Number Address Craft Scrapbooking Bulletin Board Decor Multicolor</p><p>$9.99</p><a href="https://www.amazon.com/dp/B0CXPSGK36?tag=eloabder-20&linkCode=osi&th=1&psc=1">View Product</a></div><div class="product"><a href="https://www.amazon.com/dp/B07NNYFMGY?tag=eloabder-20&linkCode=osi&th=1&psc=1"><img src="https://m.media-amazon.com/images/I/51yDnU+gEXL._SL500_.jpg" alt="Product Image"></a><p>20 Sheets Alphabet Letter Stickers 10 Colors Self Adhesive Sticker Colorful PU Material Convex Feeling (Colored Letter Stickers 1)</p><p>$6.99 ($0.35 / Count)</p><a href="https://www.amazon.com/dp/B07NNYFMGY?tag=eloabder-20&linkCode=osi&th=1&psc=1">View Product</a></div>

<div class="product"><a href="https://www.amazon.com/dp/B01DDN8854?tag=eloabder-20&linkCode=osi&th=1&psc=1"><img src="https://m.media-amazon.com/images/I/61dPubDZBSL._SL500_.jpg" alt="Product Image"></a><p>Hugs 'n Kisses HNKHABY13 Applique Paper (20 Pack)</p><p>$19.72 ($0.99 / Count)</p><a href="https://www.amazon.com/dp/B01DDN8854?tag=eloabder-20&linkCode=osi&th=1&psc=1">View Product</a></div>
<div class="product"><a href="https://www.amazon.com/dp/B09KPNFJW1?tag=eloabder-20&linkCode=osi&th=1&psc=1"><img src="https://m.media-amazon.com/images/I/41abn5fELmL._SL500_.jpg" alt="Product Image"></a><p>UniPleased Disposable Aprons (50 Count), Plastic apron for Painting Party, Cooking, Housework, Picnic etc.</p><p>$5.69</p><a href="https://www.amazon.com/dp/B09KPNFJW1?tag=eloabder-20&linkCode=osi&th=1&psc=1">View Product</a></div>
<div class="product"><a href="https://www.amazon.com/dp/B087M21MM2?tag=eloabder-20&linkCode=osi&th=1&psc=1"><img src="https://m.media-amazon.com/images/I/41Xf-jehhLL._SL500_.jpg" alt="Product Image"></a><p>GOTIDEAL Stretched Canvas, Multi Pack 4x4, 5x7, 8x10,9x12, 11x14 Set of 10, Primed White - 100% Cotton Artist Canvas Boards for Painting, Acrylic Pouring, Oil Paint Dry & Wet Art Media</p><p>$24.99</p><a href="https://www.amazon.com/dp/B087M21MM2?tag=eloabder-20&linkCode=osi&th=1&psc=1">View Product</a></div><div class="product"><a href="https://www.amazon.com/dp/B00OQJYISG?tag=eloabder-20&linkCode=osi&th=1&psc=1"><img src="https://m.media-amazon.com/images/I/31fEDLPkkcL._SL500_.jpg" alt="Product Image"></a><p>6 Count 12” x 16” Super Value Canvas by Artist's Loft Necessities - Acid Free Cotton Canvas for Paint, Acrylic, & Oils - 1 Pack</p><p>$19.99</p><a href="https://www.amazon.com/dp/B00OQJYISG?tag=eloabder-20&linkCode=osi&th=1&psc=1">View Product</a></div><div class="product"><a href="https://www.amazon.com/dp/B09CDKB9HY?tag=eloabder-20&linkCode=osi&th=1&psc=1"><img src="https://m.media-amazon.com/images/I/51+p5xnClGL._SL500_.jpg" alt="Product Image"></a><p>DPDIAN Canvas Boards for Painting 40 Pack, 8 inch x 10 inch Super Value Pack, Artist Canvas Panels for Oil & Acrylic Painting</p><p>$29.99</p><a href="https://www.amazon.com/dp/B09CDKB9HY?tag=eloabder-20&linkCode=osi&th=1&psc=1">View Product</a></div><div class="product"><a href="https://www.amazon.com/dp/B0CFBGP29G?tag=eloabder-20&linkCode=osi&th=1&psc=1"><img src="https://m.media-amazon.com/images/I/3147Az5plbL._SL500_.jpg" alt="Product Image"></a><p>ArtSkills Stretched Canvases for Painting, 12x16 Canvas Painting Supplies for Artists, Blank Canvas Pack, 2-Pack</p><p>$16.99</p><a href="https://www.amazon.com/dp/B0CFBGP29G?tag=eloabder-20&linkCode=osi&th=1&psc=1">View Product</a></div><div class="product"><a href="https://www.amazon.com/dp/B07BNGQ1SS?tag=eloabder-20&linkCode=osi&th=1&psc=1"><img src="https://m.media-amazon.com/images/I/410ZVtygUwS._SL500_.jpg" alt="Product Image"></a><p>PHOENIX Stretched Canvas for Painting 8x10 Inch/10 Value Pack, 8 Oz Triple Primed 5/8 Inch Profile 100% Cotton White Blank Canvas, Artist Framed Canvas for Oil Acrylic & Pouring Art</p><p>$22.99</p><a href="https://www.amazon.com/dp/B07BNGQ1SS?tag=eloabder-20&linkCode=osi&th=1&psc=1">View Product</a></div><div class="product"><a href="https://www.amazon.com/dp/B0922JP1H4?tag=eloabder-20&linkCode=osi&th=1&psc=1"><img src="https://m.media-amazon.com/images/I/41BmiEND1KL._SL500_.jpg" alt="Product Image"></a><p>GOTIDEAL Canvases for Painting, 18 Pack Canvas Boards Multipack 4x4, 5x7, 8x10, 9x12,11x14,Primed White Blank Artist Canvas Variety Pack for Acrylic Paint, Oil Paint, Watercolor, Gouache</p><p>$19.99</p><a href="https://www.amazon.com/dp/B0922JP1H4?tag=eloabder-20&linkCode=osi&th=1&psc=1">View Product</a></div>


<div class="product"><a href="https://www.amazon.com/dp/B0872VFHBH?tag=eloabder-20&linkCode=osi&th=1&psc=1"><img src="https://m.media-amazon.com/images/I/51k3bekQheS._SL500_.jpg" alt="Product Image"></a><p>Bachmore Drawing Pad 9X12 Inch (110lb/180g), 60 Sheets, Top Spiral Bound Multi-Media for Artist Pro & Amateurs | Acrylic Art, Ink, Paint, Oil Pastels,Watercolor Mixed Media Sketch</p><p>$11.99</p><a href="https://www.amazon.com/dp/B0872VFHBH?tag=eloabder-20&linkCode=osi&th=1&psc=1">View Product</a></div><div class="product"><a href="https://www.amazon.com/dp/B0027A75A4?tag=eloabder-20&linkCode=osi&th=1&psc=1"><img src="https://m.media-amazon.com/images/I/51dyOxxcgYL._SL500_.jpg" alt="Product Image"></a><p>Strathmore 200 Series Sketch Pad, 9x12 inch, 100 Sheets, Tape Bound - Artist Sketchbook for Drawing, Illustration, Art Class Students</p><p>$6.99 ($0.07 / Count)</p><a href="https://www.amazon.com/dp/B0027A75A4?tag=eloabder-20&linkCode=osi&th=1&psc=1">View Product</a></div><div class="product"><a href="https://www.amazon.com/dp/B0BV13YQKX?tag=eloabder-20&linkCode=osi&th=1&psc=1"><img src="https://m.media-amazon.com/images/I/41VYfMpvXUL._SL500_.jpg" alt="Product Image"></a><p>Canson Graduate Watercolor Pad, Foldover, 9x12 inch, 20 Sheets | Artist Paper for Adults and Students - Painting, Gouache, Mixed Media and Ink</p><p>$4.97 ($0.41 / Count)</p><a href="https://www.amazon.com/dp/B0BV13YQKX?tag=eloabder-20&linkCode=osi&th=1&psc=1">View Product</a></div><div class="product"><a href="https://www.amazon.com/dp/B0024KMQ6K?tag=eloabder-20&linkCode=osi&th=1&psc=1"><img src="https://m.media-amazon.com/images/I/51sYdvPPUCL._SL500_.jpg" alt="Product Image"></a><p>Strathmore 400 Series Pastel Pad, Assorted Colors, 9"x12" Glue Bound, 24 Sheets</p><p>$9.11</p><a href="https://www.amazon.com/dp/B0024KMQ6K?tag=eloabder-20&linkCode=osi&th=1&psc=1">View Product</a></div><div class="product"><a href="https://www.amazon.com/dp/B00246O6PI?tag=eloabder-20&linkCode=osi&th=1&psc=1"><img src="https://m.media-amazon.com/images/I/517TUmckOIL._SL500_.jpg" alt="Product Image"></a><p>Strathmore 300 Series Drawing Paper Pad, Top Wire Bound, 11x14 inches, 50 Sheets (70lb/114g) - Artist Paper for Adults and Students - Charcoal, Colored Pencil, Ink, Pastel, Marker</p><p>$13.33</p><a href="https://www.amazon.com/dp/B00246O6PI?tag=eloabder-20&linkCode=osi&th=1&psc=1">View Product</a></div>
<div class="product"><a href="https://www.amazon.com/dp/B08ZMH7LJY?tag=eloabder-20&linkCode=osi&th=1&psc=1"><img src="https://m.media-amazon.com/images/I/51mJIsLJA-S._SL500_.jpg" alt="Product Image"></a><p>PANDAFLY Professional Drawing Sketching Pencil Set - 12 Pieces Graphite Pencils(14B - 2H), Ideal for Drawing Art, Sketching, Shading, Artist Pencils for Beginners & Pro Artists</p><p>$5.11</p><a href="https://www.amazon.com/dp/B08ZMH7LJY?tag=eloabder-20&linkCode=osi&th=1&psc=1">View Product</a></div><div class="product"><a href="https://www.amazon.com/dp/B088K1G5NL?tag=eloabder-20&linkCode=osi&th=1&psc=1"><img src="https://m.media-amazon.com/images/I/51F2bOMZWnL._SL500_.jpg" alt="Product Image"></a><p>MARKART Professional Drawing Sketching Pencil Set - 14 Pieces,Graphite,(12B - 4H), Ideal for Drawing Art, Sketching, Shading, Artist Pencils for Beginners & Pro Artists</p><p>$5.24</p><a href="https://www.amazon.com/dp/B088K1G5NL?tag=eloabder-20&linkCode=osi&th=1&psc=1">View Product</a></div><div class="product"><a href="https://www.amazon.com/dp/B08FHMRW4L?tag=eloabder-20&linkCode=osi&th=1&psc=1"><img src="https://m.media-amazon.com/images/I/51Pmn5gjyzL._SL500_.jpg" alt="Product Image"></a><p>Mr. Pen- Sketch Pencils for Drawing, 14 Pack, Drawing Pencils, Art Pencils, Graphite Pencils, Graphite Pencils for Drawing, Art Pencils for Drawing and Shading</p><p>$5.95</p><a href="https://www.amazon.com/dp/B08FHMRW4L?tag=eloabder-20&linkCode=osi&th=1&psc=1">View Product</a></div><div class="product"><a href="https://www.amazon.com/dp/B0BNQ58DC4?tag=eloabder-20&linkCode=osi&th=1&psc=1"><img src="https://m.media-amazon.com/images/I/51e-gQtCcCL._SL500_.jpg" alt="Product Image"></a><p>MARTCOLOR Drawing Sketching Pencils Set, 12 Pack Graphite Pencils(14B - 2H), Ideal for Drawing Art, Sketching, Shading, Artist Pencils for Beginners & Pro Artists</p><p>$5.99</p><a href="https://www.amazon.com/dp/B0BNQ58DC4?tag=eloabder-20&linkCode=osi&th=1&psc=1">View Product</a></div>

<div class="product"><a href="https://www.amazon.com/dp/B0851M3749?tag=eloabder-20&linkCode=osi&th=1&psc=1"><img src="https://m.media-amazon.com/images/I/41KKSGSDl5L._SL500_.jpg" alt="Product Image"></a><p>N NOROCME 12 PCS Blending Stumps and Tortillions Paper Art Blenders with Sandpaper Pencil Sharpener Pointer for Student Artist Charcoal Sketch Drawing Tools</p><p>$4.99</p><a href="https://www.amazon.com/dp/B0851M3749?tag=eloabder-20&linkCode=osi&th=1&psc=1">View Product</a></div><div class="product"><a href="https://www.amazon.com/dp/B09J3HKN8F?tag=eloabder-20&linkCode=osi&th=1&psc=1"><img src="https://m.media-amazon.com/images/I/51Qvx81eQLL._SL500_.jpg" alt="Product Image"></a><p>Eraser Pencils Set for Artists, Wooden Sketch Eraser Pen for Charcoal Drawings, Professional Highlight Painting Eraser for Sketching, Revise Erasing Details for Students Limner</p><p>$6.99</p><a href="https://www.amazon.com/dp/B09J3HKN8F?tag=eloabder-20&linkCode=osi&th=1&psc=1">View Product</a></div>
<div class="product"><a href="https://www.amazon.com/dp/B09WCQ89T8?tag=eloabder-20&linkCode=osi&th=1&psc=1"><img src="https://m.media-amazon.com/images/I/41gZz0qgBFL._SL500_.jpg" alt="Product Image"></a><p>Bernat BABY BLANKET BB Blue Dreams Yarn - 1 Pack of 10.5oz/300g - Polyester - #6 Super Bulky - 220 Yards - Knitting/Crochet</p><p>$6.97</p><a href="https://www.amazon.com/dp/B09WCQ89T8?tag=eloabder-20&linkCode=osi&th=1&psc=1">View Product</a></div><div class="product"><a href="https://www.amazon.com/dp/B07V5JVNFD?tag=eloabder-20&linkCode=osi&th=1&psc=1"><img src="https://m.media-amazon.com/images/I/41IS+HdtiOL._SL500_.jpg" alt="Product Image"></a><p>Lion Brand Yarn Basic Stitch Anti-Pilling Knitting Yarn, Yarn for Crocheting, 1-Pack, Baby Blue</p><p>$8.40 ($0.02 / Foot)</p><a href="https://www.amazon.com/dp/B07V5JVNFD?tag=eloabder-20&linkCode=osi&th=1&psc=1">View Product</a></div><div class="product"><a href="https://www.amazon.com/dp/B01M0AJID2?tag=eloabder-20&linkCode=osi&th=1&psc=1"><img src="https://m.media-amazon.com/images/I/41yVau0AUpL._SL500_.jpg" alt="Product Image"></a><p>Lion Brand Yarn (1 Skein) Lion Brand Yarn Babysoft Baby Yarn Yarn, Little Boy Blue Multicolor</p><p>$7.19 ($0.01 / Foot)</p><a href="https://www.amazon.com/dp/B01M0AJID2?tag=eloabder-20&linkCode=osi&th=1&psc=1">View Product</a></div><div class="product"><a href="https://www.amazon.com/dp/B09W1KHF42?tag=eloabder-20&linkCode=osi&th=1&psc=1"><img src="https://m.media-amazon.com/images/I/41maDlrio5L._SL500_.jpg" alt="Product Image"></a><p>Red Heart Super Saver Light Blue Yarn - 3 Pack of 198g/7oz - Acrylic - 4 Medium (Worsted) - 364 Yards - Knitting/Crochet</p><p>$13.29 ($4.43 / Count)</p><a href="https://www.amazon.com/dp/B09W1KHF42?tag=eloabder-20&linkCode=osi&th=1&psc=1">View Product</a></div><div class="product"><a href="https://www.amazon.com/dp/B08LKVZ3CX?tag=eloabder-20&linkCode=osi&th=1&psc=1"><img src="https://m.media-amazon.com/images/I/41GLizNx8UL._SL500_.jpg" alt="Product Image"></a><p>Bernat Baby Blanket Baby Blue Yarn - 3 Pack of 100g/3.5oz - Polyester - 6 Super Bulky - 72 Yards - Knitting/Crochet</p><p>$21.81</p><a href="https://www.amazon.com/dp/B08LKVZ3CX?tag=eloabder-20&linkCode=osi&th=1&psc=1">View Product</a></div><div class="product"><a href="https://www.amazon.com/dp/B0CHJ95WHJ?tag=eloabder-20&linkCode=osi&th=1&psc=1"><img src="https://m.media-amazon.com/images/I/314E1EQdihL._SL500_.jpg" alt="Product Image"></a><p>NORCIA Soft Velvet Yarn Chenille Yarn for Crocheting Baby Blanket Yarn for Knitting Amigurumi Yarn Fancy Yarn for Crochet Weaving Craft (Baby Blue, 1 Skein)</p><p>$9.99</p><a href="https://www.amazon.com/dp/B0CHJ95WHJ?tag=eloabder-20&linkCode=osi&th=1&psc=1">View Product</a></div>
<div class="product"><a href="https://www.amazon.com/dp/B0779F2TXJ?tag=eloabder-20&linkCode=osi&th=1&psc=1"><img src="https://m.media-amazon.com/images/I/31kqZr8DJzL._SL500_.jpg" alt="Product Image"></a><p>OPENDGO Feather Ballpoint Pen ，Black Ink Vintage Feather Quill Refined Plated Rod Quill Ballpoint Pen For School Writing ▏Wedding Gift Signature Pen (Black)</p><p>$6.97</p><a href="https://www.amazon.com/dp/B0779F2TXJ?tag=eloabder-20&linkCode=osi&th=1&psc=1">View Product</a></div><div class="product"><a href="https://www.amazon.com/dp/B0CQF3BJ3S?tag=eloabder-20&linkCode=osi&th=1&psc=1"><img src="https://m.media-amazon.com/images/I/41gs6AOiP6L._SL500_.jpg" alt="Product Image"></a><p>3 in 1 Retractable Ballpoint Pen with Light and Stylus, Nice Pens for Journaling Writing in The Dark - White/Red Light Tip- 0.7mm Black Ink</p><p>$12.99</p><a href="https://www.amazon.com/dp/B0CQF3BJ3S?tag=eloabder-20&linkCode=osi&th=1&psc=1">View Product</a></div><div class="product"><a href="https://www.amazon.com/dp/B08BBZ3B8G?tag=eloabder-20&linkCode=osi&th=1&psc=1"><img src="https://m.media-amazon.com/images/I/41cMHyw60wL._SL500_.jpg" alt="Product Image"></a><p>Mr. Pen- Pens, Black Pens, 12 Pack, Fast Dry, No Smear Pens, Bible Pens, Pens for Journaling, Pens No Bleed Through, Pens Fine Point, Journal Pens, Fine Tip, Planner Pens, Ball Point Journal Pens</p><p>$9.99</p><a href="https://www.amazon.com/dp/B08BBZ3B8G?tag=eloabder-20&linkCode=osi&th=1&psc=1">View Product</a></div><div class="product"><a href="https://www.amazon.com/dp/B0D4YWWGX6?tag=eloabder-20&linkCode=osi&th=1&psc=1"><img src="https://m.media-amazon.com/images/I/31xHBCCzJqL._SL500_.jpg" alt="Product Image"></a><p>PATIKIL 21cm/8" Feather Ballpoint Pen, 1Pcs Ink Vintage Quill Pen Refined Plated Dip Pen for Calligraphy Writing Signature Wedding Gift, Yellow</p><p>$7.49</p><a href="https://www.amazon.com/dp/B0D4YWWGX6?tag=eloabder-20&linkCode=osi&th=1&psc=1">View Product</a></div>

<div class="product"><a href="https://www.amazon.com/dp/B001TLDEVQ?tag=eloabder-20&linkCode=osi&th=1&psc=1"><img src="https://m.media-amazon.com/images/I/41jYF39F6lL._SL500_.jpg" alt="Product Image"></a><p>Beadalon SuppleMax Illusion Beading Cord, 0.40 mm / 0.016 in, Clear Monofilament, 50 m / 164 ft</p><p>$4.74</p><a href="https://www.amazon.com/dp/B001TLDEVQ?tag=eloabder-20&linkCode=osi&th=1&psc=1">View Product</a></div><div class="product"><a href="https://www.amazon.com/dp/B0D2HVFZ7Q?tag=eloabder-20&linkCode=osi&th=1&psc=1"><img src="https://m.media-amazon.com/images/I/41R66LMYz7L._SL500_.jpg" alt="Product Image"></a><p>Zxiixz 116Yards 0.5mm Bracelet String, Waxed String Cord for Bracelet Making, Beading Thread for Bracelet Beads, Friendship Bracelet String for Bracelet Making, Waxed Polyester Cord for Jewelry Making</p><p>$6.99</p><a href="https://www.amazon.com/dp/B0D2HVFZ7Q?tag=eloabder-20&linkCode=osi&th=1&psc=1">View Product</a></div><div class="product"><a href="https://www.amazon.com/dp/B07BNF8KH5?tag=eloabder-20&linkCode=osi&th=1&psc=1"><img src="https://m.media-amazon.com/images/I/51jVByheyVL._SL500_.jpg" alt="Product Image"></a><p>PH PandaHall 100 Yards 1mm Waxed Cotton Cord Thread Beading String for Bracelet Necklace Making Crafting Beading Macrame Vase Decor, Burlywood</p><p>$7.19 ($0.02 / Foot)</p><a href="https://www.amazon.com/dp/B07BNF8KH5?tag=eloabder-20&linkCode=osi&th=1&psc=1">View Product</a></div><div class="product"><a href="https://www.amazon.com/dp/B07HBPGXJG?tag=eloabder-20&linkCode=osi&th=1&psc=1"><img src="https://m.media-amazon.com/images/I/41xi8gO6kDL._SL500_.jpg" alt="Product Image"></a><p>Paxcoo 0.8mm Elastic String, Stretchy Bracelet String Crystal String Bead Cord for Bracelet, Beading and Jewelry Making (120m)</p><p>$6.99 ($0.02 / Foot)</p><a href="https://www.amazon.com/dp/B07HBPGXJG?tag=eloabder-20&linkCode=osi&th=1&psc=1">View Product</a></div><div class="product"><a href="https://www.amazon.com/dp/B0CNPST7D9?tag=eloabder-20&linkCode=osi&th=1&psc=1"><img src="https://m.media-amazon.com/images/I/41A9VISFC4L._SL500_.jpg" alt="Product Image"></a><p>Kblick Black Nylon String Cord - 1MM 100 Yards Black Twine, Bracelet String for Bracelet Making, Braided Ornament Lanyard Sting, Jewelry Thread Clay Bead String for Crafts, Macrame Satin Cord</p><p>$5.99 ($0.02 / Foot)</p><a href="https://www.amazon.com/dp/B0CNPST7D9?tag=eloabder-20&linkCode=osi&th=1&psc=1">View Product</a></div><div class="product"><a href="https://www.amazon.com/dp/B08GC3JF9X?tag=eloabder-20&linkCode=osi&th=1&psc=1"><img src="https://m.media-amazon.com/images/I/41FQZYhvQpL._SL500_.jpg" alt="Product Image"></a><p>Cheriswelry 100M 0.8mm Nylon Beading Cord Black Chinese Knotting Rattail Macrame Thread String Roll for Jewelry Making Kumihimo Wrapping Supplies DIY Crafts</p><p>$6.99 ($0.02 / Fl Oz)</p><a href="https://www.amazon.com/dp/B08GC3JF9X?tag=eloabder-20&linkCode=osi&th=1&psc=1">View Product</a></div><div class="product"><a href="https://www.amazon.com/dp/B0B3V9RWQC?tag=eloabder-20&linkCode=osi&th=1&psc=1"><img src="https://m.media-amazon.com/images/I/41F-OP+yCxL._SL500_.jpg" alt="Product Image"></a><p>Griffin Silk Bead Cord Perlseide – Black Color – Size 3 (0.50mm) – 2 Meters per Card – Stainless Steel Needle Attached – for Knotting Pearls, Gemstones, Crystals and Beads</p><p>$4.99 ($0.76 / Foot)</p><a href="https://www.amazon.com/dp/B0B3V9RWQC?tag=eloabder-20&linkCode=osi&th=1&psc=1">View Product</a></div><div class="product"><a href="https://www.amazon.com/dp/B08F49YVQP?tag=eloabder-20&linkCode=osi&th=1&psc=1"><img src="https://m.media-amazon.com/images/I/41yCMIpj0rS._SL500_.jpg" alt="Product Image"></a><p>1mm Stretchy Bracelet String, Sturdy Rainbow Elastic String Elastic Cord for Jewelry Making, Necklaces, Beading and Crafts</p><p>$6.99 ($0.04 / Foot)</p><a href="https://www.amazon.com/dp/B08F49YVQP?tag=eloabder-20&linkCode=osi&th=1&psc=1">View Product</a></div>

<div class="product"><a href="https://www.amazon.com/dp/B001GMUBJ6?tag=eloabder-20&linkCode=osi&th=1&psc=1"><img src="https://m.media-amazon.com/images/I/41V5qzn3H5L._SL500_.jpg" alt="Product Image"></a><p>The Beadsmith Fireline by Berkley – Micro-Fused Braided Thread – 6lb. Test, 006”/.15mm Diameter, 50 Yard Spool, Crystal Color – Super Strong Stringing Material for Jewelry Making and Bead Weaving</p><p>$12.59</p><a href="https://www.amazon.com/dp/B001GMUBJ6?tag=eloabder-20&linkCode=osi&th=1&psc=1">View Product</a></div><div class="product"><a href="https://www.amazon.com/dp/B001UAKK0Y?tag=eloabder-20&linkCode=osi&th=1&psc=1"><img src="https://m.media-amazon.com/images/I/41rY1D0wfuL._SL500_.jpg" alt="Product Image"></a><p>Beadalon Wildfire, 0.006 in, 0.15 mm, Break Strength 10 lb / 4.5 kg, Frost, 50 yd / 45 m</p><p>$8.85 ($0.06 / Foot)</p><a href="https://www.amazon.com/dp/B001UAKK0Y?tag=eloabder-20&linkCode=osi&th=1&psc=1">View Product</a></div><div class="product"><a href="https://www.amazon.com/dp/B095WY58F4?tag=eloabder-20&linkCode=osi&th=1&psc=1"><img src="https://m.media-amazon.com/images/I/41mXRfJqcjL._SL500_.jpg" alt="Product Image"></a><p>PH PandaHall 0.1mm Nylon Seed Bead Thread 100 Yards Black White Bracelet Cord Beading Thread Invisible Sewing Thread Nylon Braided Thread String for Leather Stitching Beading Jewelry Bracelets Making</p><p>$9.99 ($0.03 / Foot)</p><a href="https://www.amazon.com/dp/B095WY58F4?tag=eloabder-20&linkCode=osi&th=1&psc=1">View Product</a></div><div class="product"><a href="https://www.amazon.com/dp/B08RN2R2SZ?tag=eloabder-20&linkCode=osi&th=1&psc=1"><img src="https://m.media-amazon.com/images/I/41Tg2MMC++L._SL500_.jpg" alt="Product Image"></a><p>KO Nylon Beading Thread, White Color, Japanese Pre-Waxed 100% Nylon, 330TEX, Tangle Resistant Knotting Cords, 50m /55 yds Spool, Use for Seed Bead Projects, Loom Work & Bead Weaving</p><p>$7.06 ($0.04 / Foot)</p><a href="https://www.amazon.com/dp/B08RN2R2SZ?tag=eloabder-20&linkCode=osi&th=1&psc=1">View Product</a></div><div class="product"><a href="https://www.amazon.com/dp/B09J89ST79?tag=eloabder-20&linkCode=osi&th=1&psc=1"><img src="https://m.media-amazon.com/images/I/41hLuuOZeXL._SL500_.jpg" alt="Product Image"></a><p>2 Roll Polyester Thread, Heavy Duty Thread, 1500Yard/Reel 210D/3 nylon thread for sewing, Sewing Thread for Upholstery, Outdoor Market, Drapery, Leather, Beading, Crafts</p><p>$7.99 ($0.00 / Foot)</p><a href="https://www.amazon.com/dp/B09J89ST79?tag=eloabder-20&linkCode=osi&th=1&psc=1">View Product</a></div><div class="product"><a href="https://www.amazon.com/dp/B0C6MSY7QQ?tag=eloabder-20&linkCode=osi&th=1&psc=1"><img src="https://m.media-amazon.com/images/I/31Bn-MyA62L._SL500_.jpg" alt="Product Image"></a><p>PH PandaHall 0.1mm Nylon String 100 Yards Beading Thread White Nylon Seed Bead Thread Bracelet Beading Thread Sewing String for Leather Stitching Beading Jewelry Bracelets Making</p><p>$7.99 ($0.03 / Foot)</p><a href="https://www.amazon.com/dp/B0C6MSY7QQ?tag=eloabder-20&linkCode=osi&th=1&psc=1">View Product</a></div>

<div class="product"><a href="https://www.amazon.com/dp/B07NMNDT1W?tag=eloabder-20&linkCode=osi&th=1&psc=1"><img src="https://m.media-amazon.com/images/I/41-zwQIcVcL._SL500_.jpg" alt="Product Image"></a><p>Howemon White Beeswax Pellets 2LB 100% Pure and Natural Triple Filtered for Skin, Face, Body and Hair Care DIY Creams, Lotions, Lip Balm and Soap Making Supplies</p><p>$13.99 ($0.44 / Fl Oz)</p><a href="https://www.amazon.com/dp/B07NMNDT1W?tag=eloabder-20&linkCode=osi&th=1&psc=1">View Product</a></div><div class="product"><a href="https://www.amazon.com/dp/B00B3U0FW4?tag=eloabder-20&linkCode=osi&th=1&psc=1"><img src="https://m.media-amazon.com/images/I/51rWFCST+TL._SL500_.jpg" alt="Product Image"></a><p>Beesworks Yellow Beeswax Pellets (1 lb) | 100% Pure, Cosmetic Grade, Triple-Filtered Beeswax for DIY Skin care, Lip Balm, Lotion, and Candle Making</p><p>$13.99 ($0.87 / Ounce)</p><a href="https://www.amazon.com/dp/B00B3U0FW4?tag=eloabder-20&linkCode=osi&th=1&psc=1">View Product</a></div><div class="product"><a href="https://www.amazon.com/dp/B01LWX2IO1?tag=eloabder-20&linkCode=osi&th=1&psc=1"><img src="https://m.media-amazon.com/images/I/41MlNqhDyCL._SL500_.jpg" alt="Product Image"></a><p>Beesworks Yellow Beeswax Bars (6 oz) | 100% Pure, Cosmetic Grade, Triple-Filtered Beeswax for DIY Skin Care, Lip Balm, Lotion and Candle Making (1 oz Bars - Pack of 6)</p><p>$6.99</p><a href="https://www.amazon.com/dp/B01LWX2IO1?tag=eloabder-20&linkCode=osi&th=1&psc=1">View Product</a></div><div class="product"><a href="https://www.amazon.com/dp/B0BV77F19N?tag=eloabder-20&linkCode=osi&th=1&psc=1"><img src="https://m.media-amazon.com/images/I/41xzHaO1-EL._SL500_.jpg" alt="Product Image"></a><p>Beeswax Pellets 10LB Cosmetic Beeswax Triple Filtered Beeswax Pastilles for Candle Making Great for DIY Projects Creams Lotions Lip Balm and Soap Making Supplies(10LB)</p><p>$32.99</p><a href="https://www.amazon.com/dp/B0BV77F19N?tag=eloabder-20&linkCode=osi&th=1&psc=1">View Product</a></div><div class="product"><a href="https://www.amazon.com/dp/B0C9QSG3CY?tag=eloabder-20&linkCode=osi&th=1&psc=1"><img src="https://m.media-amazon.com/images/I/414XQcU6SRL._SL500_.jpg" alt="Product Image"></a><p>YASNAY White Beeswax Pellets 2LB, 100% Organic Beeswax, Beeswax for Candle Making, Body, Skin Care DIY, Lip Balm and Soap Making Supplies</p><p>$11.99</p><a href="https://www.amazon.com/dp/B0C9QSG3CY?tag=eloabder-20&linkCode=osi&th=1&psc=1">View Product</a></div><div class="product"><a href="https://www.amazon.com/dp/B097HTC4WN?tag=eloabder-20&linkCode=osi&th=1&psc=1"><img src="https://m.media-amazon.com/images/I/51pwMM7C6-L._SL500_.jpg" alt="Product Image"></a><p>Eco Lux 8 Yellow Beeswax Blocks 100% Pure Natural Organic Bees Wax 6.5oz</p><p>$8.49 ($1.35 / Ounce)</p><a href="https://www.amazon.com/dp/B097HTC4WN?tag=eloabder-20&linkCode=osi&th=1&psc=1">View Product</a></div><div class="product"><a href="https://www.amazon.com/dp/B00HDHQQCE?tag=eloabder-20&linkCode=osi&th=1&psc=1"><img src="https://m.media-amazon.com/images/I/41vF-7MwNhL._SL500_.jpg" alt="Product Image"></a><p>Murray's 100% Pure Beeswax 4 oz</p><p>$5.98 ($1.50 / Ounce)</p><a href="https://www.amazon.com/dp/B00HDHQQCE?tag=eloabder-20&linkCode=osi&th=1&psc=1">View Product</a></div><div class="product"><a href="https://www.amazon.com/dp/B09YM8JTLM?tag=eloabder-20&linkCode=osi&th=1&psc=1"><img src="https://m.media-amazon.com/images/I/41cjNuBnFEL._SL500_.jpg" alt="Product Image"></a><p>TRINIDa Beeswax Pellets 2LB(32 oz), 100% Organic Yellow Bees Wax for DIY Candles, Beeswax for Candle Making, Skin, Body, Face, and Hair Care, Lotions, DIY Creams, Lip Balm and Soap Making Supplies</p><p>$11.99</p><a href="https://www.amazon.com/dp/B09YM8JTLM?tag=eloabder-20&linkCode=osi&th=1&psc=1">View Product</a></div><div class="product"><a href="https://www.amazon.com/dp/B00F3CNMV4?tag=eloabder-20&linkCode=osi&th=1&psc=1"><img src="https://m.media-amazon.com/images/I/31pjrRAEa4L._SL500_.jpg" alt="Product Image"></a><p>Stakich Yellow Beeswax Block - Natural, Triple Filtered - 1 Pound, Honey Scent</p><p>$13.95 ($0.87 / Ounce)</p><a href="https://www.amazon.com/dp/B00F3CNMV4?tag=eloabder-20&linkCode=osi&th=1&psc=1">View Product</a></div><div class="product"><a href="https://www.amazon.com/dp/B0BXFZBZS9?tag=eloabder-20&linkCode=osi&th=1&psc=1"><img src="https://m.media-amazon.com/images/I/4178i9IB9KL._SL500_.jpg" alt="Product Image"></a><p>5LB Beeswax Pellets Beeswax for Candle Making Organic Beeswax Pellets for Skin Beeswax Beads Beeswax Bulk Beeswax for Lotion Making Organic for DIY and Craft Project</p><p>$22.99</p><a href="https://www.amazon.com/dp/B0BXFZBZS9?tag=eloabder-20&linkCode=osi&th=1&psc=1">View Product</a></div>
<div class="product"><a href="https://www.amazon.com/dp/B0052F1BVK?tag=eloabder-20&linkCode=osi&th=1&psc=1"><img src="https://m.media-amazon.com/images/I/41zE9eiGoLL._SL500_.jpg" alt="Product Image"></a><p>ACC Staples Large Binder Clips, 2" Width, 1" Capacity, Black, 12/Pk</p><p>$6.30</p><a href="https://www.amazon.com/dp/B0052F1BVK?tag=eloabder-20&linkCode=osi&th=1&psc=1">View Product</a></div><div class="product"><a href="https://www.amazon.com/dp/B07MLFR771?tag=eloabder-20&linkCode=osi&th=1&psc=1"><img src="https://m.media-amazon.com/images/I/51N2wxA7N0L._SL500_.jpg" alt="Product Image"></a><p>CooBigo 50 Pack Binder Ring, Metal Book Ring Paper Ring Holder 5/8-Inch Loose Leaf Binder Ring Clip for Index Card, Flash Card Ring, Card Calendar, Keychain Key Ring - Bronze</p><p>$6.99</p><a href="https://www.amazon.com/dp/B07MLFR771?tag=eloabder-20&linkCode=osi&th=1&psc=1">View Product</a></div><div class="product"><a href="https://www.amazon.com/dp/B01563NHGY?tag=eloabder-20&linkCode=osi&th=1&psc=1"><img src="https://m.media-amazon.com/images/I/41gj+0ZftqL._SL500_.jpg" alt="Product Image"></a><p>vanki Pack of 40 Cute Lovely Smiling Face Spring-Loaded File Organizer Paper Holder Metal Binder Clips, Assorted Color</p><p>$8.99</p><a href="https://www.amazon.com/dp/B01563NHGY?tag=eloabder-20&linkCode=osi&th=1&psc=1">View Product</a></div><div class="product"><a href="https://www.amazon.com/dp/B000GOUDSO?tag=eloabder-20&linkCode=osi&th=1&psc=1"><img src="https://m.media-amazon.com/images/I/41ZANISHgML._SL500_.jpg" alt="Product Image"></a><p>Small Binder Clips .75" 8/Pkg-Assorted Colors</p><p>$4.46</p><a href="https://www.amazon.com/dp/B000GOUDSO?tag=eloabder-20&linkCode=osi&th=1&psc=1">View Product</a></div>
<div class="product"><a href="https://www.amazon.com/dp/B07PRPX4VR?tag=eloabder-20&linkCode=osi&th=1&psc=1"><img src="https://m.media-amazon.com/images/I/41IMH12fdPL._SL500_.jpg" alt="Product Image"></a><p>Durable Sheet Lifters, Durable Easy Flow, 11" x 3", Lifts Sheets Over Rings and Protects Sheets from Tearing, Fit Standard 3-Ring Binders, Black (20 Pack)</p><p>$14.99</p><a href="https://www.amazon.com/dp/B07PRPX4VR?tag=eloabder-20&linkCode=osi&th=1&psc=1">View Product</a></div><div class="product"><a href="https://www.amazon.com/dp/B0CM8QJHFW?tag=eloabder-20&linkCode=osi&th=1&psc=1"><img src="https://m.media-amazon.com/images/I/31cJGS74oCL._SL500_.jpg" alt="Product Image"></a><p>Wantane D-Shaped Tape Storage Ring Tape Storage Ring 4" D-Shaped Washi Tape Storage Ring for DIY Decoration and Storage（Nickel）-2PCS</p><p>$7.99</p><a href="https://www.amazon.com/dp/B0CM8QJHFW?tag=eloabder-20&linkCode=osi&th=1&psc=1">View Product</a></div>
<div class="product"><a href="https://www.amazon.com/dp/B00006IAS3?tag=eloabder-20&linkCode=osi&th=1&psc=1"><img src="https://m.media-amazon.com/images/I/317DvSXhT1L._SL500_.jpg" alt="Product Image"></a><p>GBC Binding System, Manual, Desktop Binding Punch, 6 Sheet Punch Capacity, ProClick P50 (2515650)</p><p>$123.89</p><a href="https://www.amazon.com/dp/B00006IAS3?tag=eloabder-20&linkCode=osi&th=1&psc=1">View Product</a></div><div class="product"><a href="https://www.amazon.com/dp/B004BP81KQ?tag=eloabder-20&linkCode=osi&th=1&psc=1"><img src="https://m.media-amazon.com/images/I/51SqfeZ12KL._SL500_.jpg" alt="Product Image"></a><p>We R Memory Keepers Cinch Book Binding Wire (1-Inch, Silver (2 Pack))</p><p>$5.99</p><a href="https://www.amazon.com/dp/B004BP81KQ?tag=eloabder-20&linkCode=osi&th=1&psc=1">View Product</a></div>

<div class="product"><a href="https://www.amazon.com/dp/B0007ZJ8TM?tag=eloabder-20&linkCode=osi&th=1&psc=1"><img src="https://m.media-amazon.com/images/I/41i49sz3UAL._SL500_.jpg" alt="Product Image"></a><p>Speedball Super Black India Ink, 2-Ounce</p><p>$9.99 ($9.99 / Count)</p><a href="https://www.amazon.com/dp/B0007ZJ8TM?tag=eloabder-20&linkCode=osi&th=1&psc=1">View Product</a></div><div class="product"><a href="https://www.amazon.com/dp/B0026I10AI?tag=eloabder-20&linkCode=osi&th=1&psc=1"><img src="https://m.media-amazon.com/images/I/31vklP4uBsL._SL500_.jpg" alt="Product Image"></a><p>Dr. Ph. Martin's Bombay India (7BY) Ink Bottle, 1.0 oz, Black</p><p>$6.99</p><a href="https://www.amazon.com/dp/B0026I10AI?tag=eloabder-20&linkCode=osi&th=1&psc=1">View Product</a></div><div class="product"><a href="https://www.amazon.com/dp/B000KNP96C?tag=eloabder-20&linkCode=osi&th=1&psc=1"><img src="https://m.media-amazon.com/images/I/51e9srYtG0L._SL500_.jpg" alt="Product Image"></a><p>Winsor & Newton Drawing Ink, 14ml Bottle, Black Indian</p><p>$10.99</p><a href="https://www.amazon.com/dp/B000KNP96C?tag=eloabder-20&linkCode=osi&th=1&psc=1">View Product</a></div><div class="product"><a href="https://www.amazon.com/dp/B07BQG5QF4?tag=eloabder-20&linkCode=osi&th=1&psc=1"><img src="https://m.media-amazon.com/images/I/41nEMDYZaiL._SL500_.jpg" alt="Product Image"></a><p>Speedball Super Black India Ink, 16-Ounce</p><p>$19.99</p><a href="https://www.amazon.com/dp/B07BQG5QF4?tag=eloabder-20&linkCode=osi&th=1&psc=1">View Product</a></div><div class="product"><a href="https://www.amazon.com/dp/B001038NLY?tag=eloabder-20&linkCode=osi&th=1&psc=1"><img src="https://m.media-amazon.com/images/I/418i4sxJJ0L._SL500_.jpg" alt="Product Image"></a><p>Speedball Fabric Screen Printing Ink, 8-Ounce, Black for T-Shirt and Silkscreen Printmaking</p><p>$12.99 ($1.62 / Fl Oz)</p><a href="https://www.amazon.com/dp/B001038NLY?tag=eloabder-20&linkCode=osi&th=1&psc=1">View Product</a></div><div class="product"><a href="https://www.amazon.com/dp/B00161OPSA?tag=eloabder-20&linkCode=osi&th=1&psc=1"><img src="https://m.media-amazon.com/images/I/41C32y3CJAL._SL500_.jpg" alt="Product Image"></a><p>Tsukineko VersaFine inkpad, Full-Size, Onyx Black</p><p>$4.99 ($4.99 / Count)</p><a href="https://www.amazon.com/dp/B00161OPSA?tag=eloabder-20&linkCode=osi&th=1&psc=1">View Product</a></div>
<div class="product"><a href="https://www.amazon.com/dp/B07Q4TJCDJ?tag=eloabder-20&linkCode=osi&th=1&psc=1"><img src="https://m.media-amazon.com/images/I/315HYvYg-BL._SL500_.jpg" alt="Product Image"></a><p>Primbeeks 300pcs Blank Business Cards, Premium Blank White Cards, 3.5" x 2.2" Small Blank Cards, Blank Cardstock Cards, Small Note Cards, white blank cards, white business cards, kraft paper cards</p><p>$7.99</p><a href="https://www.amazon.com/dp/B07Q4TJCDJ?tag=eloabder-20&linkCode=osi&th=1&psc=1">View Product</a></div><div class="product"><a href="https://www.amazon.com/dp/B0CRGHFLT8?tag=eloabder-20&linkCode=osi&th=1&psc=1"><img src="https://m.media-amazon.com/images/I/41S1NLpb8hL._SL500_.jpg" alt="Product Image"></a><p>Watercolor Cards and Envelopes Set - 50 Folded 5x7 Inch Blank Heavyweight Paper Cards (140lb/300gsm) with Matching Envelopes for DIY Greeting Cards, Festivals, and Events</p><p>$17.99 ($0.36 / Count)</p><a href="https://www.amazon.com/dp/B0CRGHFLT8?tag=eloabder-20&linkCode=osi&th=1&psc=1">View Product</a></div><div class="product"><a href="https://www.amazon.com/dp/B08MX4TZ3H?tag=eloabder-20&linkCode=osi&th=1&psc=1"><img src="https://m.media-amazon.com/images/I/41D2u4vdLQL._SL500_.jpg" alt="Product Image"></a><p>50 Pack Blank Kraft Cards Cardstock Thick Paper Brown Greeting Cards for DIY Gift Card Menus, Baby Shower and Wedding Invitations (Multicolored, 5x7IN)</p><p>$8.99</p><a href="https://www.amazon.com/dp/B08MX4TZ3H?tag=eloabder-20&linkCode=osi&th=1&psc=1">View Product</a></div><div class="product"><a href="https://www.amazon.com/dp/B08BDGGVMK?tag=eloabder-20&linkCode=osi&th=1&psc=1"><img src="https://m.media-amazon.com/images/I/41W-dTUoBqL._SL500_.jpg" alt="Product Image"></a><p>100pcs 3.54"x2" Blank Kraft Paper Business Card, Words Message Notes paper Tags, Mini Craft Cardboard Festival gifts - 6 colors</p><p>$5.98</p><a href="https://www.amazon.com/dp/B08BDGGVMK?tag=eloabder-20&linkCode=osi&th=1&psc=1">View Product</a></div><div class="product"><a href="https://www.amazon.com/dp/B08BFDJJ78?tag=eloabder-20&linkCode=osi&th=1&psc=1"><img src="https://m.media-amazon.com/images/I/61LZ1Csb+dL._SL500_.jpg" alt="Product Image"></a><p>Nettbe 100pcs 3.54"x2" Blank Kraft Paper Business Card, Words Message Notes paper Tags, Mini Craft Cardboard Festival gifts</p><p>$5.99</p><a href="https://www.amazon.com/dp/B08BFDJJ78?tag=eloabder-20&linkCode=osi&th=1&psc=1">View Product</a></div><div class="product"><a href="https://www.amazon.com/dp/B07Q8YBJM3?tag=eloabder-20&linkCode=osi&th=1&psc=1"><img src="https://m.media-amazon.com/images/I/31w6U4cCqEL._SL500_.jpg" alt="Product Image"></a><p>Primbeeks 228pcs Blank Business Cards, Premium Blank White Cards, 3.5" x 2.2" Small Blank Cards, Blank Cardstock Cards, Small Note Cards, white blank cards, white business cards, kraft paper cards</p><p>$5.99</p><a href="https://www.amazon.com/dp/B07Q8YBJM3?tag=eloabder-20&linkCode=osi&th=1&psc=1">View Product</a></div><div class="product"><a href="https://www.amazon.com/dp/B08X4Z9TGN?tag=eloabder-20&linkCode=osi&th=1&psc=1"><img src="https://m.media-amazon.com/images/I/41Jqhe35tDL._SL500_.jpg" alt="Product Image"></a><p>321Done Blank Rustic Cards, Made in USA - 4x6 Thick, Heavy Cardstock - Make Invites, Greeting, Note, Thank You Cards - Plain Kraft for Writing, Stamping, Printing, Art - No Envelopes - Set of 50</p><p>$14.99</p><a href="https://www.amazon.com/dp/B08X4Z9TGN?tag=eloabder-20&linkCode=osi&th=1&psc=1">View Product</a></div><div class="product"><a href="https://www.amazon.com/dp/B0D2KDWBNM?tag=eloabder-20&linkCode=osi&th=1&psc=1"><img src="https://m.media-amazon.com/images/I/31dAhnBJ7aL._SL500_.jpg" alt="Product Image"></a><p>4x6 Blank White Cardstock (Set of 100) - Card Stock for Printer Postcards, Photo Paper Invitations, Greeting, Note, Thank You, DIY Making, Index Cards - Plain for Writing, Stamping, Printing, Art</p><p>$8.99</p><a href="https://www.amazon.com/dp/B0D2KDWBNM?tag=eloabder-20&linkCode=osi&th=1&psc=1">View Product</a></div><div class="product"><a href="https://www.amazon.com/dp/B0BB858RYN?tag=eloabder-20&linkCode=osi&th=1&psc=1"><img src="https://m.media-amazon.com/images/I/317zmriPKNL._SL500_.jpg" alt="Product Image"></a><p>WANDERINGS Handmade White Deckle Edge Blank Greeting Cards- Folded to 5x7” - Pack of 25 - Writers, Artists, Crafters - Thank Yous, Invitations, Menus, Greeting Cards, Notes - Thick 150 GSM</p><p>$21.99 ($0.88 / Count)</p><a href="https://www.amazon.com/dp/B0BB858RYN?tag=eloabder-20&linkCode=osi&th=1&psc=1">View Product</a></div><div class="product"><a href="https://www.amazon.com/dp/B0BZPPXRZW?tag=eloabder-20&linkCode=osi&th=1&psc=1"><img src="https://m.media-amazon.com/images/I/21Da-WQhrpL._SL500_.jpg" alt="Product Image"></a><p>100 Pack Thick Paper Cardstock Blank Heavy Cards Stock for Invitations, Greeting Cards Making, Postcards, Photos, 250GSM Thick Paper (White, 2x3.5 inches)</p><p>$5.99</p><a href="https://www.amazon.com/dp/B0BZPPXRZW?tag=eloabder-20&linkCode=osi&th=1&psc=1">View Product</a></div>
<div class="product"><a href="https://www.amazon.com/dp/B0BZRDQKH6?tag=eloabder-20&linkCode=osi&th=1&psc=1"><img src="https://m.media-amazon.com/images/I/41GYYRiusgL._SL500_.jpg" alt="Product Image"></a><p>feela 8 Pack Unlined Kraft Paper Notebooks, Blank Journal Note Pad for Drawing Writing, Small Sketchbook Travel Journal Bulk for Women Kids Students Office School Supplies, A5, 60 Pages, 8.3” X 5.5”</p><p>$9.99</p><a href="https://www.amazon.com/dp/B0BZRDQKH6?tag=eloabder-20&linkCode=osi&th=1&psc=1">View Product</a></div><div class="product"><a href="https://www.amazon.com/dp/B0BXLB74KK?tag=eloabder-20&linkCode=osi&th=1&psc=1"><img src="https://m.media-amazon.com/images/I/313vYzg7HpL._SL500_.jpg" alt="Product Image"></a><p>ZZTX 4 Pack Blank Kraft Notebooks, Blank Paper Sketchbooks for Drawing Doodling Writing,Travel Journal Set, A5, 36 Pages, 8.3” X 5.5”</p><p>$5.99</p><a href="https://www.amazon.com/dp/B0BXLB74KK?tag=eloabder-20&linkCode=osi&th=1&psc=1">View Product</a></div><div class="product"><a href="https://www.amazon.com/dp/B0BW5TNPXJ?tag=eloabder-20&linkCode=osi&th=1&psc=1"><img src="https://m.media-amazon.com/images/I/31Wu8UP78iL._SL500_.jpg" alt="Product Image"></a><p>EOOUT Kraft Notebooks, Blank Page Journals in Bulk, 16pcs A5, 8.3 X 5.5 Inches, 60 Pages, 80gsm, Travel Journal Set, for Art Camp, Travelers, Students and Office Supplies Sketchbooks Bulk for Kids</p><p>$15.99</p><a href="https://www.amazon.com/dp/B0BW5TNPXJ?tag=eloabder-20&linkCode=osi&th=1&psc=1">View Product</a></div><div class="product"><a href="https://www.amazon.com/dp/B08P3F46SD?tag=eloabder-20&linkCode=osi&th=1&psc=1"><img src="https://m.media-amazon.com/images/I/41jeBDcZJ1L._SL500_.jpg" alt="Product Image"></a><p>Krafty Soft Cover Blank Notebook Journal, Spiral Sketchbook Pad, Drawing Book, 60 Sheets/140gsm (A4)/120 Pages</p><p>$7.99</p><a href="https://www.amazon.com/dp/B08P3F46SD?tag=eloabder-20&linkCode=osi&th=1&psc=1">View Product</a></div><div class="product"><a href="https://www.amazon.com/dp/B0CWNPMC4T?tag=eloabder-20&linkCode=osi&th=1&psc=1"><img src="https://m.media-amazon.com/images/I/31BZeVGe6TL._SL500_.jpg" alt="Product Image"></a><p>zmybcpack 5 Pack Blank Journal Notebooks, Blank Paper Sketchbook for Drawing Writing, Travel Journal Notebook Kraft Paper Notebook for Travelers, Students, Office, A5, 8.26” x 5.5”, 60 Pages/30 Sheets</p><p>$8.99</p><a href="https://www.amazon.com/dp/B0CWNPMC4T?tag=eloabder-20&linkCode=osi&th=1&psc=1">View Product</a></div><div class="product"><a href="https://www.amazon.com/dp/B07WHYP9WN?tag=eloabder-20&linkCode=osi&th=1&psc=1"><img src="https://m.media-amazon.com/images/I/41ZhyCux1yL._SL500_.jpg" alt="Product Image"></a><p>Thick Blank Journal Notebook with Unlined / Unruled / Plain Pages | Deluxe 120gsm Ink Resistant Paper for Writing, Sketch Book, 160 Pages | Hardcover Sketchbook with Pen Holder, Pocket, Ribbon (Black)</p><p>$14.99</p><a href="https://www.amazon.com/dp/B07WHYP9WN?tag=eloabder-20&linkCode=osi&th=1&psc=1">View Product</a></div>
<div class="product"><a href="https://www.amazon.com/dp/B07MT7HKZW?tag=eloabder-20&linkCode=osi&th=1&psc=1"><img src="https://m.media-amazon.com/images/I/413JwH5JREL._SL500_.jpg" alt="Product Image"></a><p>Spiral Sketch Book Large Notebook（Built-in Drawing Board） Kraft Cover Blank Sketch Pad Wirebound Sketching for Drawing Painting 8.5x11-Inch (2 Pack) 200 Sheets, 100 Sheets, 200Pages Each</p><p>$17.99 ($9.00 / Count)</p><a href="https://www.amazon.com/dp/B07MT7HKZW?tag=eloabder-20&linkCode=osi&th=1&psc=1">View Product</a></div><div class="product"><a href="https://www.amazon.com/dp/B0BDQ82WB9?tag=eloabder-20&linkCode=osi&th=1&psc=1"><img src="https://m.media-amazon.com/images/I/51FoWr3GPwL._SL500_.jpg" alt="Product Image"></a><p>feela 170 Pack Blank Kraft Notebooks, Unlined Sketchbook Mini Cute Note Pad for Drawing Writing, Journal Bulk For Kids Students Office School Supplies, A6, 48 Pages, 4.25” X 5.5”, Black and Brown</p><p>$51.99</p><a href="https://www.amazon.com/dp/B0BDQ82WB9?tag=eloabder-20&linkCode=osi&th=1&psc=1">View Product</a></div><div class="product"><a href="https://www.amazon.com/dp/B0B3WWHWT2?tag=eloabder-20&linkCode=osi&th=1&psc=1"><img src="https://m.media-amazon.com/images/I/31m0FzXtPxL._SL500_.jpg" alt="Product Image"></a><p>Tamaki 6 Pack Colorful Blank Books for kids to Write, Drawing, Cute Sketchbook for Kid, 6 Colors (4.25 x 5.5 Inches)</p><p>$6.99</p><a href="https://www.amazon.com/dp/B0B3WWHWT2?tag=eloabder-20&linkCode=osi&th=1&psc=1">View Product</a></div>
<div class="product"><a href="https://www.amazon.com/dp/B0BGH2P9M6?tag=eloabder-20&linkCode=osi&th=1&psc=1"><img src="https://m.media-amazon.com/images/I/41ozOaYoHEL._SL500_.jpg" alt="Product Image"></a><p>EOOUT 100pcs A5 Kraft Notebooks, Blank Page Journals in Bulk, Sketchbooks Bulk for Kids, 60 Pages, 80GSM, 8.3 X 5.5 Inch, Travel Journal Set, for Art Camp, Travelers, Students and Office Supplies</p><p>$51.99</p><a href="https://www.amazon.com/dp/B0BGH2P9M6?tag=eloabder-20&linkCode=osi&th=1&psc=1">View Product</a></div><div class="product"><a href="https://www.amazon.com/dp/B07MT99F94?tag=eloabder-20&linkCode=osi&th=1&psc=1"><img src="https://m.media-amazon.com/images/I/41Ug7gpSWDL._SL500_.jpg" alt="Product Image"></a><p>Spiral Sketch Book Large Notebook（Built-in Drawing Board） Kraft Cover Blank Sketch Pad Wirebound Sketching for Drawing Painting 8.5x11-Inch (1 Pack) 200 Pages, 100 Sheets</p><p>$9.99</p><a href="https://www.amazon.com/dp/B07MT99F94?tag=eloabder-20&linkCode=osi&th=1&psc=1">View Product</a></div><div class="product"><a href="https://www.amazon.com/dp/B07CM32KLM?tag=eloabder-20&linkCode=osi&th=1&psc=1"><img src="https://m.media-amazon.com/images/I/41ENhBLE9DL._SL500_.jpg" alt="Product Image"></a><p>Kraft Cover Drawing Notebook & Sketchbook – Set of 2 Blank Plain Sketch Books – 125g Thick Paper A5 Size, 150x210mm Paper Ideal for Drawing & Sketching- 128 sheets/256 pages – 180 Degree Opening, 2pcs</p><p>$20.99 ($0.08 / Count)</p><a href="https://www.amazon.com/dp/B07CM32KLM?tag=eloabder-20&linkCode=osi&th=1&psc=1">View Product</a></div><div class="product"><a href="https://www.amazon.com/dp/B08ZLMLF7C?tag=eloabder-20&linkCode=osi&th=1&psc=1"><img src="https://m.media-amazon.com/images/I/41X-5yj83vL._SL500_.jpg" alt="Product Image"></a><p>BEECHMORE BOOKS Sketch Book, A4 8.5 x 11.5 inch Blank Sketchbook for Drawing, Paint and Draw, 156 Pages Thick Paper 160gsm, Hardcover Leather Art Notebook, Boxed for Gifts (Chestnut Brown)</p><p>$21.20</p><a href="https://www.amazon.com/dp/B08ZLMLF7C?tag=eloabder-20&linkCode=osi&th=1&psc=1">View Product</a></div>
<div class="product"><a href="https://www.amazon.com/dp/B075M9MSFH?tag=eloabder-20&linkCode=osi&th=1&psc=1"><img src="https://m.media-amazon.com/images/I/51x+szTX6TL._SL500_.jpg" alt="Product Image"></a><p>Bianyo Bleedproof Marker Paper Pad, A4(8.27"X11.69"), 50 Sheets, 18 LB / 70 GSM, Glue-Bound, 100% Cotton, White, Ideal for Use with Markers and Ink Mediums</p><p>$9.99</p><a href="https://www.amazon.com/dp/B075M9MSFH?tag=eloabder-20&linkCode=osi&th=1&psc=1">View Product</a></div><div class="product"><a href="https://www.amazon.com/dp/B08FX5S2NL?tag=eloabder-20&linkCode=osi&th=1&psc=1"><img src="https://m.media-amazon.com/images/I/41CA0ZfazKL._SL500_.jpg" alt="Product Image"></a><p>Marker Paper Sketchbook, Bleedproof Art Marker Pad, (8.27 X 11.69) Inch, White, 40 Sheets</p><p>$6.99</p><a href="https://www.amazon.com/dp/B08FX5S2NL?tag=eloabder-20&linkCode=osi&th=1&psc=1">View Product</a></div><div class="product"><a href="https://www.amazon.com/dp/B0CJRBFSJ8?tag=eloabder-20&linkCode=osi&th=1&psc=1"><img src="https://m.media-amazon.com/images/I/51DLA8TpwEL._SL500_.jpg" alt="Product Image"></a><p>Shuttle Art Marker Pad, 8.3”x8.9” Portable Square Sketchbook, 80 Sheets Marker Drawing Paper, 120LB/200GSM Bleedproof Art Paper, Spiral-Bound, Great for Professional Artist to Draw, Paint & Sketch</p><p>$16.99</p><a href="https://www.amazon.com/dp/B0CJRBFSJ8?tag=eloabder-20&linkCode=osi&th=1&psc=1">View Product</a></div><div class="product"><a href="https://www.amazon.com/dp/B09N7VX5Z5?tag=eloabder-20&linkCode=osi&th=1&psc=1"><img src="https://m.media-amazon.com/images/I/51xCPs9HZyL._SL500_.jpg" alt="Product Image"></a><p>Marker Paper Sketchbook - Marker Sketchbook with Bleedproof Smooth Coated Art Paper, 120 GSM 80 LBS - Marker Pad for Alcohol Markers, Sketching, Drawing - 8.11 x 8.5 Inch | 50 Sheets, 2 Pack</p><p>$15.99 ($8.00 / Count)</p><a href="https://www.amazon.com/dp/B09N7VX5Z5?tag=eloabder-20&linkCode=osi&th=1&psc=1">View Product</a></div><div class="product"><a href="https://www.amazon.com/dp/B07CK94W9T?tag=eloabder-20&linkCode=osi&th=1&psc=1"><img src="https://m.media-amazon.com/images/I/41ocoSNDjdL._SL500_.jpg" alt="Product Image"></a><p>BOXUN Premium 50 Sheets Sketch Marker Paper Pad, Bleedproof Artist Drawing Paper, 8.27 x 11.69 Inch</p><p>$8.29 ($0.17 / Count)</p><a href="https://www.amazon.com/dp/B07CK94W9T?tag=eloabder-20&linkCode=osi&th=1&psc=1">View Product</a></div><div class="product"><a href="https://www.amazon.com/dp/B0CPXWD11W?tag=eloabder-20&linkCode=osi&th=1&psc=1"><img src="https://m.media-amazon.com/images/I/51ApKzpDVNL._SL500_.jpg" alt="Product Image"></a><p>FEITAKE Marker Paper Pad Sketchbook Bleedproof for Alcohol Markers 120lb/200gsm Double Sided Thick Art Drawing Papers 60pages (30Sheets) / A4(8.3"x11.7") Gift for Artists Students Kids</p><p>$13.99 ($0.47 / Count)</p><a href="https://www.amazon.com/dp/B0CPXWD11W?tag=eloabder-20&linkCode=osi&th=1&psc=1">View Product</a></div><div class="product"><a href="https://www.amazon.com/dp/B0025TWYW6?tag=eloabder-20&linkCode=osi&th=1&psc=1"><img src="https://m.media-amazon.com/images/I/51t6UkUHCvL._SL500_.jpg" alt="Product Image"></a><p>Bee Paper Bleedproof Marker Pack, 8-1/2-Inch by 11-Inch, 50 Sheets per Pack</p><p>$17.09 ($0.34 / Count)</p><a href="https://www.amazon.com/dp/B0025TWYW6?tag=eloabder-20&linkCode=osi&th=1&psc=1">View Product</a></div><div class="product"><a href="https://www.amazon.com/dp/B0CJRBYYQB?tag=eloabder-20&linkCode=osi&th=1&psc=1"><img src="https://m.media-amazon.com/images/I/41knBnjZ25L._SL500_.jpg" alt="Product Image"></a><p>Shuttle Art Marker Pad, 8.3”x7.67” Portable Square Sketchbook, 50 Sheets Marker Drawing Paper, 60LB/90GSM Smooth Surface Bleedproof Art Paper, Glue-Bound, Great for Beginners to Draw, Paint & Sketch</p><p>$8.99 ($0.18 / Count)</p><a href="https://www.amazon.com/dp/B0CJRBYYQB?tag=eloabder-20&linkCode=osi&th=1&psc=1">View Product</a></div>
<div class="product"><a href="https://www.amazon.com/dp/B00881IU8M?tag=eloabder-20&linkCode=osi&th=1&psc=1"><img src="https://m.media-amazon.com/images/I/41hbSgdLBtL._SL500_.jpg" alt="Product Image"></a><p>Speedball Fabric & Paper Block Printing Ink 6-Color Set, 1.25-Ounce x 6</p><p>$28.99 ($28.99 / Count)</p><a href="https://www.amazon.com/dp/B00881IU8M?tag=eloabder-20&linkCode=osi&th=1&psc=1">View Product</a></div><div class="product"><a href="https://www.amazon.com/dp/B000J09PFM?tag=eloabder-20&linkCode=osi&th=1&psc=1"><img src="https://m.media-amazon.com/images/I/51yPRc4nvoL._SL500_.jpg" alt="Product Image"></a><p>Speedball Water-Soluble Block Printing Ink Starter Set, 6 Bold Colors with Satin Finish, 1.25-Ounce Tubes</p><p>$29.99 ($4.00 / Fl Oz)</p><a href="https://www.amazon.com/dp/B000J09PFM?tag=eloabder-20&linkCode=osi&th=1&psc=1">View Product</a></div><div class="product"><a href="https://www.amazon.com/dp/B000BYT24U?tag=eloabder-20&linkCode=osi&th=1&psc=1"><img src="https://m.media-amazon.com/images/I/51pDlo+LlKL._SL500_.jpg" alt="Product Image"></a><p>Speedball Water-Soluble Block Printing Ink, 8-Ounce Jar, Black</p><p>$14.49</p><a href="https://www.amazon.com/dp/B000BYT24U?tag=eloabder-20&linkCode=osi&th=1&psc=1">View Product</a></div><div class="product"><a href="https://www.amazon.com/dp/B00C1JUJWW?tag=eloabder-20&linkCode=osi&th=1&psc=1"><img src="https://m.media-amazon.com/images/I/41zDtJ6f5hL._SL500_.jpg" alt="Product Image"></a><p>Speedball Fabric Block Printing Ink, 2.5-Ounce, Black</p><p>$9.99 ($4.00 / Fl Oz)</p><a href="https://www.amazon.com/dp/B00C1JUJWW?tag=eloabder-20&linkCode=osi&th=1&psc=1">View Product</a></div><div class="product"><a href="https://www.amazon.com/dp/B004PZ1ZJG?tag=eloabder-20&linkCode=osi&th=1&psc=1"><img src="https://m.media-amazon.com/images/I/41+GkhhpR5L._SL500_.jpg" alt="Product Image"></a><p>Speedball Water-Soluble Block Printing Ink Starter Set, 4-Color Set, 1.25-Ounce Tubes</p><p>$20.99</p><a href="https://www.amazon.com/dp/B004PZ1ZJG?tag=eloabder-20&linkCode=osi&th=1&psc=1">View Product</a></div><div class="product"><a href="https://www.amazon.com/dp/B0017CZF3C?tag=eloabder-20&linkCode=osi&th=1&psc=1"><img src="https://m.media-amazon.com/images/I/41S17SYPAZL._SL500_.jpg" alt="Product Image"></a><p>Speedball Water Soluble Block Printing Ink, Black, 2-1/2 Ounces - 380663</p><p>$9.99</p><a href="https://www.amazon.com/dp/B0017CZF3C?tag=eloabder-20&linkCode=osi&th=1&psc=1">View Product</a></div><div class="product"><a href="https://www.amazon.com/dp/B0BXNX8FSH?tag=eloabder-20&linkCode=osi&th=1&psc=1"><img src="https://m.media-amazon.com/images/I/51JGm1VxVOL._SL500_.jpg" alt="Product Image"></a><p>Falling in Art Water-Soluble Block Printing Ink, 6-Color Printmaking Ink Set for Linoleum Block, 3.5 floz</p><p>$28.99</p><a href="https://www.amazon.com/dp/B0BXNX8FSH?tag=eloabder-20&linkCode=osi&th=1&psc=1">View Product</a></div><div class="product"><a href="https://www.amazon.com/dp/B0027ACJBO?tag=eloabder-20&linkCode=osi&th=1&psc=1"><img src="https://m.media-amazon.com/images/I/41OzayB9ojL._SL500_.jpg" alt="Product Image"></a><p>Speedball 3476 Oil-Based Block Printing Ink Starter Set for Professional, Permanent Prints AP Certified – 1.25 FL OZ Tubes</p><p>$33.99</p><a href="https://www.amazon.com/dp/B0027ACJBO?tag=eloabder-20&linkCode=osi&th=1&psc=1">View Product</a></div>
<div class="product"><a href="https://www.amazon.com/dp/B0027AGDWK?tag=eloabder-20&linkCode=osi&th=1&psc=1"><img src="https://m.media-amazon.com/images/I/515LDer6GPL._SL500_.jpg" alt="Product Image"></a><p>Speedball Deluxe Block Printing Kit - Includes Inks, Brayer, Bench Hook, Lino Handle and Cutters, Speedy-Carve Block, Mounted Linoleum Block</p><p>$59.99</p><a href="https://www.amazon.com/dp/B0027AGDWK?tag=eloabder-20&linkCode=osi&th=1&psc=1">View Product</a></div><div class="product"><a href="https://www.amazon.com/dp/B07ZJBZN5S?tag=eloabder-20&linkCode=osi&th=1&psc=1"><img src="https://m.media-amazon.com/images/I/41UbN58y9uS._SL500_.jpg" alt="Product Image"></a><p>SGHUO 12pcs 4"x6" Pink Rubber Carving Blocks Linoleum Block Stamp Making Kit</p><p>$22.99 ($1.92 / Count)</p><a href="https://www.amazon.com/dp/B07ZJBZN5S?tag=eloabder-20&linkCode=osi&th=1&psc=1">View Product</a></div>
<div class="product"><a href="https://www.amazon.com/dp/B00L2DYUM8?tag=eloabder-20&linkCode=osi&th=1&psc=1"><img src="https://m.media-amazon.com/images/I/51l5FZ0+5AL._SL500_.jpg" alt="Product Image"></a><p>Strathmore 300 Series Printmaking Paper Pad, Glue Bound, 5x7 inches, 40 Sheets (120g) - Artist Paper for Adults and Students - Block Printing, Linocut, Screen Printing, White</p><p>$7.26</p><a href="https://www.amazon.com/dp/B00L2DYUM8?tag=eloabder-20&linkCode=osi&th=1&psc=1">View Product</a></div><div class="product"><a href="https://www.amazon.com/dp/B07BSYS5XC?tag=eloabder-20&linkCode=osi&th=1&psc=1"><img src="https://m.media-amazon.com/images/I/51Uwfq0jv+L._SL500_.jpg" alt="Product Image"></a><p>Ucreate Printmaking Paper, 9"x12", White, 100 Sheet, P9001</p><p>$9.79</p><a href="https://www.amazon.com/dp/B07BSYS5XC?tag=eloabder-20&linkCode=osi&th=1&psc=1">View Product</a></div><div class="product"><a href="https://www.amazon.com/dp/B00K5562WA?tag=eloabder-20&linkCode=osi&th=1&psc=1"><img src="https://m.media-amazon.com/images/I/51Dm+TeJGdL._SL500_.jpg" alt="Product Image"></a><p>Strathmore Printmaking Paper Pad 8"X10"-20 Sheets -62433800, White</p><p>$10.19</p><a href="https://www.amazon.com/dp/B00K5562WA?tag=eloabder-20&linkCode=osi&th=1&psc=1">View Product</a></div><div class="product"><a href="https://www.amazon.com/dp/B001DNH8I0?tag=eloabder-20&linkCode=osi&th=1&psc=1"><img src="https://m.media-amazon.com/images/I/51UzoKdUojL._SL500_.jpg" alt="Product Image"></a><p>Black Ink 9-Inch by 12-Inch Bleached Mulberry Block Printing Paper, 25-Pack</p><p>$19.35 ($0.77 / Count)</p><a href="https://www.amazon.com/dp/B001DNH8I0?tag=eloabder-20&linkCode=osi&th=1&psc=1">View Product</a></div><div class="product"><a href="https://www.amazon.com/dp/B00C6G6L5Y?tag=eloabder-20&linkCode=osi&th=1&psc=1"><img src="https://m.media-amazon.com/images/I/5103h0Rm8sL._SL500_.jpg" alt="Product Image"></a><p>Black Ink Thai Mulberry Block Printing Paper Packs small assorted colors</p><p>$21.99</p><a href="https://www.amazon.com/dp/B00C6G6L5Y?tag=eloabder-20&linkCode=osi&th=1&psc=1">View Product</a></div>
<div class="product"><a href="https://www.amazon.com/dp/B003IG27OK?tag=eloabder-20&linkCode=osi&th=1&psc=1"><img src="https://m.media-amazon.com/images/I/416NUaYo1DL._SL500_.jpg" alt="Product Image"></a><p>Speedball Block Printing Baren - Comfortable Wooden Handle, Made in the USA - 4 Inches</p><p>$29.49</p><a href="https://www.amazon.com/dp/B003IG27OK?tag=eloabder-20&linkCode=osi&th=1&psc=1">View Product</a></div>
<div class="product"><a href="https://www.amazon.com/dp/B0CMZYY8CJ?tag=eloabder-20&linkCode=osi&th=1&psc=1"><img src="https://m.media-amazon.com/images/I/41TifSIP7SL._SL500_.jpg" alt="Product Image"></a><p>Ecoofor Blotting Paper for Flower Press, 20 Sheets Highly Absorbent and Reusable Blotter Paper for Flower Press Paper Craft 9 x 9 inch</p><p>$9.99</p><a href="https://www.amazon.com/dp/B0CMZYY8CJ?tag=eloabder-20&linkCode=osi&th=1&psc=1">View Product</a></div><div class="product"><a href="https://www.amazon.com/dp/B0CYRT3RM4?tag=eloabder-20&linkCode=osi&th=1&psc=1"><img src="https://m.media-amazon.com/images/I/31+qvVq3giL._SL500_.jpg" alt="Product Image"></a><p>Hygge & Sage Premium Natural Fiber Blotting Paper for Flower Press Art; 20 Large Sheets for a Press up to 8x11 Inches; Absorbent, Versatile, and Acid-Free Reusable Blotter Paper for Flower Pressing</p><p>$9.50 ($0.48 / Count)</p><a href="https://www.amazon.com/dp/B0CYRT3RM4?tag=eloabder-20&linkCode=osi&th=1&psc=1">View Product</a></div><div class="product"><a href="https://www.amazon.com/dp/B0D41GDLHM?tag=eloabder-20&linkCode=osi&th=1&psc=1"><img src="https://m.media-amazon.com/images/I/41LIF5dHXaL._SL500_.jpg" alt="Product Image"></a><p>Aboofx 20 Sheets Blotting Paper for Flower Press, 15" x 10" Extra Large Highly Absorbent Blotter Paper for Flower Press Reusable Herbarium Paper Craft Blotter Paper Sheets</p><p>$19.99</p><a href="https://www.amazon.com/dp/B0D41GDLHM?tag=eloabder-20&linkCode=osi&th=1&psc=1">View Product</a></div><div class="product"><a href="https://www.amazon.com/dp/B0CQMMYSBR?tag=eloabder-20&linkCode=osi&th=1&psc=1"><img src="https://m.media-amazon.com/images/I/413SlUi6IDL._SL500_.jpg" alt="Product Image"></a><p>Wisreach Blotting Paper for Flower Press, 20 Sheets Flower Press Paper Highly Absorbent and Reusable Blotter Paper for Flower Art A4 Size 8.26 x 11.4 inch</p><p>$9.99</p><a href="https://www.amazon.com/dp/B0CQMMYSBR?tag=eloabder-20&linkCode=osi&th=1&psc=1">View Product</a></div><div class="product"><a href="https://www.amazon.com/dp/B093FQ22PG?tag=eloabder-20&linkCode=osi&th=1&psc=1"><img src="https://m.media-amazon.com/images/I/41B2jXhe+QL._SL500_.jpg" alt="Product Image"></a><p>Blotting Paper for Flower Press by Berstuk® • Large A4 Flower Press Paper • Highly Absorbent and Reusable Herbarium Paper • Pack of 10 Blotter Paper Sheets</p><p>$6.99 ($69.90 / 100 Sheets)</p><a href="https://www.amazon.com/dp/B093FQ22PG?tag=eloabder-20&linkCode=osi&th=1&psc=1">View Product</a></div><div class="product"><a href="https://www.amazon.com/dp/B0C6PW4VGB?tag=eloabder-20&linkCode=osi&th=1&psc=1"><img src="https://m.media-amazon.com/images/I/21C64VB3iVL._SL500_.jpg" alt="Product Image"></a><p>PATIKIL 16"x12" Flower Press Paper, 1 Set/30 Sheet Refill Lining Blotter Paper Absorbent Reusable Blotting Paper for DIY Art Handicraft Scrapbook</p><p>$11.19</p><a href="https://www.amazon.com/dp/B0C6PW4VGB?tag=eloabder-20&linkCode=osi&th=1&psc=1">View Product</a></div><div class="product"><a href="https://www.amazon.com/dp/B0C6PTK915?tag=eloabder-20&linkCode=osi&th=1&psc=1"><img src="https://m.media-amazon.com/images/I/21UviFCGjtL._SL500_.jpg" alt="Product Image"></a><p>PATIKIL 12"x8" Flower Press Paper, 2 Set/60 Sheet Refill Lining Blotter Paper Absorbent Reusable Blotting Paper for DIY Art Handicraft Scrapbook</p><p>$13.69</p><a href="https://www.amazon.com/dp/B0C6PTK915?tag=eloabder-20&linkCode=osi&th=1&psc=1">View Product</a></div><div class="product"><a href="https://www.amazon.com/dp/B0CDJZ4MD7?tag=eloabder-20&linkCode=osi&th=1&psc=1"><img src="https://m.media-amazon.com/images/I/41iwkW+QQOL._SL500_.jpg" alt="Product Image"></a><p>30 PCS Blotting Paper for Flower Press Large A4 Flower Press Paper Highly Absorbent and Reusable Blotter Paper Refill Lining Paper for Flower Press Art Craft Scrapbook Making, 11.8 x 7.9 Inches Blue</p><p>$9.99</p><a href="https://www.amazon.com/dp/B0CDJZ4MD7?tag=eloabder-20&linkCode=osi&th=1&psc=1">View Product</a></div>

<div class="product"><a href="https://www.amazon.com/dp/B0D2T4F1DZ?tag=eloabder-20&linkCode=osi&th=1&psc=1"><img src="https://m.media-amazon.com/images/I/41KNcatyBWL._SL500_.jpg" alt="Product Image"></a><p>10pcs Book Cloth,14”x10”,Fabric Surface and Paper Backed, book cloth for book binding,book binding fabric,5 Colors Bookbinding Cloth for DIY fabric book cover,bookbinding paper (Style B)</p><p>$9.99</p><a href="https://www.amazon.com/dp/B0D2T4F1DZ?tag=eloabder-20&linkCode=osi&th=1&psc=1">View Product</a></div><div class="product"><a href="https://www.amazon.com/dp/B0CMD2LWR8?tag=eloabder-20&linkCode=osi&th=1&psc=1"><img src="https://m.media-amazon.com/images/I/31QVUZVSB+L._SL500_.jpg" alt="Product Image"></a><p>Mozeat Lens 33 ft Bookbinding Tape Book Tape Repair Book Binding Tape Cloth Book Repair Kit 2 Inch Wide Book Spine Tape Cloth Bookbinding Repair Tape White Book Tape for Reinforcing Book Spine Tape</p><p>$7.99</p><a href="https://www.amazon.com/dp/B0CMD2LWR8?tag=eloabder-20&linkCode=osi&th=1&psc=1">View Product</a></div><div class="product"><a href="https://www.amazon.com/dp/B0D1KC168C?tag=eloabder-20&linkCode=osi&th=1&psc=1"><img src="https://m.media-amazon.com/images/I/31wWgk-1V4L._SL500_.jpg" alt="Product Image"></a><p>AKONEGE Book Cloth for Book Binding 35 x 16 Inch Fabric Surface and Paper Backed, Strong, Easy to Use, Fabric Materials Bookbinding Supplies Bookcloth for Scrapbooking Album DIY Crafts, Black</p><p>$9.99</p><a href="https://www.amazon.com/dp/B0D1KC168C?tag=eloabder-20&linkCode=osi&th=1&psc=1">View Product</a></div><div class="product"><a href="https://www.amazon.com/dp/B0BC48CCWW?tag=eloabder-20&linkCode=osi&th=1&psc=1"><img src="https://m.media-amazon.com/images/I/41vTc+L-XyL._SL500_.jpg" alt="Product Image"></a><p>Wooqu Book Cloth, Fabric Surface and Paper Backed, Easy to Use, Strong, 17x29”, for Book Binding, Dark Green</p><p>$13.99</p><a href="https://www.amazon.com/dp/B0BC48CCWW?tag=eloabder-20&linkCode=osi&th=1&psc=1">View Product</a></div><div class="product"><a href="https://www.amazon.com/dp/B00W3S7LU4?tag=eloabder-20&linkCode=osi&th=1&psc=1"><img src="https://m.media-amazon.com/images/I/41mUL1LmSHS._SL500_.jpg" alt="Product Image"></a><p>BookGuard 2 inch Premium Bookbinding Repair Cloth Tape, 15 Yard Roll Burgundy</p><p>$14.95</p><a href="https://www.amazon.com/dp/B00W3S7LU4?tag=eloabder-20&linkCode=osi&th=1&psc=1">View Product</a></div>

<div class="product"><a href="https://www.amazon.com/dp/B08217DGL7?tag=eloabder-20&linkCode=osi&th=1&psc=1"><img src="https://m.media-amazon.com/images/I/51Gy-qfph7L._SL500_.jpg" alt="Product Image"></a><p>24 Colors Waxed Thread, Leather Sewing Thread,Hand Stitching Thread for Hand Sewing Leather and Bookbinding, 13Yards Per Color</p><p>$11.99 ($0.01 / Foot)</p><a href="https://www.amazon.com/dp/B08217DGL7?tag=eloabder-20&linkCode=osi&th=1&psc=1">View Product</a></div><div class="product"><a href="https://www.amazon.com/dp/B08GCHJ3FP?tag=eloabder-20&linkCode=osi&th=1&psc=1"><img src="https://m.media-amazon.com/images/I/41TK-XNxTFL._SL500_.jpg" alt="Product Image"></a><p>FANDOL 100% Natural Linen Thread Waxed thread for Bookbingding, Leather Sewing, Beading or Macrame (Natural)</p><p>$14.98</p><a href="https://www.amazon.com/dp/B08GCHJ3FP?tag=eloabder-20&linkCode=osi&th=1&psc=1">View Product</a></div><div class="product"><a href="https://www.amazon.com/dp/B0025U108E?tag=eloabder-20&linkCode=osi&th=1&psc=1"><img src="https://m.media-amazon.com/images/I/4172yrURiVL._SL500_.jpg" alt="Product Image"></a><p>Books by Hand Linen Thread, Archival Quality Natural Unbleached and Unwaxed, 50 Yards 35/3 Gauge, Ideal for Bookbinding and Sewing Signatures</p><p>$9.47</p><a href="https://www.amazon.com/dp/B0025U108E?tag=eloabder-20&linkCode=osi&th=1&psc=1">View Product</a></div><div class="product"><a href="https://www.amazon.com/dp/B08S78KLRN?tag=eloabder-20&linkCode=osi&th=1&psc=1"><img src="https://m.media-amazon.com/images/I/413NGMtJdrL._SL500_.jpg" alt="Product Image"></a><p>Jupean Waxed Thread, 150m /164Yards Beige Leather Waxed Thread, Leather Sewing Thread, Hand Stitching Thread for Hand Sewing Leather, Bookbinding, and Beginners Leather Craft DIY</p><p>$6.49 ($0.01 / Foot)</p><a href="https://www.amazon.com/dp/B08S78KLRN?tag=eloabder-20&linkCode=osi&th=1&psc=1">View Product</a></div><div class="product"><a href="https://www.amazon.com/dp/B015D9E6UM?tag=eloabder-20&linkCode=osi&th=1&psc=1"><img src="https://m.media-amazon.com/images/I/51VnWPI+Q5L._SL500_.jpg" alt="Product Image"></a><p>Lineco, Natural Waxed Linen Thread 20 Yards, Books by Hand Natural, Black, Brown Color for Sewing, Bookbinding (3/Pkg)</p><p>$13.77</p><a href="https://www.amazon.com/dp/B015D9E6UM?tag=eloabder-20&linkCode=osi&th=1&psc=1">View Product</a></div>
<div class="product"><a href="https://www.amazon.com/dp/B0CMD53C1C?tag=eloabder-20&linkCode=osi&th=1&psc=1"><img src="https://m.media-amazon.com/images/I/31dU4wqS0rL._SL500_.jpg" alt="Product Image"></a><p>5-in-1 Bookbinding Kit,Book Cover Guide, Bookbinding Cover Tool, Stainless Steel Book Binding Kit, Bookbinding Ruler, Scrapbooking Tools for Making Book Cover Chipboard Covers Album Planner</p><p>$7.88</p><a href="https://www.amazon.com/dp/B0CMD53C1C?tag=eloabder-20&linkCode=osi&th=1&psc=1">View Product</a></div>
<div class="product"><a href="https://www.amazon.com/dp/B007TIEG6U?tag=eloabder-20&linkCode=osi&th=1&psc=1"><img src="https://m.media-amazon.com/images/I/31d6r6R5lGL._SL500_.jpg" alt="Product Image"></a><p>Handy Art Empty 2 ounce Marker Bottle, Dauber Tip and Cap, 12-Each (900-003) , White</p><p>$23.12 ($1.93 / Count)</p><a href="https://www.amazon.com/dp/B007TIEG6U?tag=eloabder-20&linkCode=osi&th=1&psc=1">View Product</a></div>
<div class="product"><a href="https://www.amazon.com/dp/B07YDNKSH6?tag=eloabder-20&linkCode=osi&th=1&psc=1"><img src="https://m.media-amazon.com/images/I/41JGrHa7mSL._SL500_.jpg" alt="Product Image"></a><p>4-Inch Rubber Brayer Roller for Printmaking, Great for Gluing Application Also. (Original Version)</p><p>$6.99</p><a href="https://www.amazon.com/dp/B07YDNKSH6?tag=eloabder-20&linkCode=osi&th=1&psc=1">View Product</a></div>
<div class="product"><a href="https://www.amazon.com/dp/B005U7BNPE?tag=eloabder-20&linkCode=osi&th=1&psc=1"><img src="https://m.media-amazon.com/images/I/418YfTClSxL._SL500_.jpg" alt="Product Image"></a><p>Apple Barrel Acrylic Paint in Assorted Colors (2 oz), 20513, Bright Yellow</p><p>$0.58 ($0.29 / Fl Oz)</p><a href="https://www.amazon.com/dp/B005U7BNPE?tag=eloabder-20&linkCode=osi&th=1&psc=1">View Product</a></div><div class="product"><a href="https://www.amazon.com/dp/B099DWCRZ5?tag=eloabder-20&linkCode=osi&th=1&psc=1"><img src="https://m.media-amazon.com/images/I/41rr5hT-8TL._SL500_.jpg" alt="Product Image"></a><p>milo Fluorescent Acrylic Paint Set of 6 Colors | 4 oz Bottles | Student Neon Colors Acrylics Painting Pack | Made in the USA | Non-Toxic Art & Craft Paints for Artists, Kids, & Hobby Painters</p><p>$22.90 ($0.95 / Fl Oz)</p><a href="https://www.amazon.com/dp/B099DWCRZ5?tag=eloabder-20&linkCode=osi&th=1&psc=1">View Product</a></div><div class="product"><a href="https://www.amazon.com/dp/B07ZPPPWPL?tag=eloabder-20&linkCode=osi&th=1&psc=1"><img src="https://m.media-amazon.com/images/I/51Vqk2rrZwL._SL500_.jpg" alt="Product Image"></a><p>Apple Barrel, Pastel Dreams & Vivid Wonders Collection Acrylic Craft Paint, PROMOTCK, 2 fl oz each, 18 assorted matte colors, 18 count</p><p>$22.66 ($0.63 / Fl Oz)</p><a href="https://www.amazon.com/dp/B07ZPPPWPL?tag=eloabder-20&linkCode=osi&th=1&psc=1">View Product</a></div><div class="product"><a href="https://www.amazon.com/dp/B0CKQR52XC?tag=eloabder-20&linkCode=osi&th=1&psc=1"><img src="https://m.media-amazon.com/images/I/51WTPlhN2WL._SL500_.jpg" alt="Product Image"></a><p>ARTME Glow in The Dark Paint, 10 Bright Colors 60ml/2oz Blacklight Paint Set, Neon Craft Paint, Acrylic Glow Fluorescent Paint Perfect for Art Painting, DIY projects, Halloween and Christmas</p><p>$23.99 ($1.20 / Fl Oz)</p><a href="https://www.amazon.com/dp/B0CKQR52XC?tag=eloabder-20&linkCode=osi&th=1&psc=1">View Product</a></div><div class="product"><a href="https://www.amazon.com/dp/B09XXHBL3Y?tag=eloabder-20&linkCode=osi&th=1&psc=1"><img src="https://m.media-amazon.com/images/I/51taBeDdeIL._SL500_.jpg" alt="Product Image"></a><p>Fantastory Glow in the Dark Acrylic Paint, 10 Extra Bright Colors, 30ml/1oz Waterproof Glow in Dark Paint,Indoor Outdoor Blacklight Paint for Kids,Adults, Rocks,Walls,Halloween,Craft &Fabric</p><p>$9.99 ($1.00 / Fl Oz)</p><a href="https://www.amazon.com/dp/B09XXHBL3Y?tag=eloabder-20&linkCode=osi&th=1&psc=1">View Product</a></div><div class="product"><a href="https://www.amazon.com/dp/B0BS3JM8ZR?tag=eloabder-20&linkCode=osi&th=1&psc=1"><img src="https://m.media-amazon.com/images/I/51S8FteGgPL._SL500_.jpg" alt="Product Image"></a><p>Acrylic Paint, Shuttle Art 24 Colors Acrylic Paint Bottle Set, 250ml/8.45oz Each, Rich Pigments, High Viscosity, Bulk Paint for Artists, Beginners and Kids Painting on Rocks Crafts Canvas Wood Ceramic</p><p>$49.99 ($0.25 / Fl Oz)</p><a href="https://www.amazon.com/dp/B0BS3JM8ZR?tag=eloabder-20&linkCode=osi&th=1&psc=1">View Product</a></div><div class="product"><a href="https://www.amazon.com/dp/B00CIW3EDI?tag=eloabder-20&linkCode=osi&th=1&psc=1"><img src="https://m.media-amazon.com/images/I/41PMnxyBo5L._SL500_.jpg" alt="Product Image"></a><p>FolkArt Multi-Surface Acrylic Paint in Assorted Colors (2 oz), 2896, Bright Pink</p><p>$1.47 ($0.74 / Fl Oz)</p><a href="https://www.amazon.com/dp/B00CIW3EDI?tag=eloabder-20&linkCode=osi&th=1&psc=1">View Product</a></div><div class="product"><a href="https://www.amazon.com/dp/B085ZB5ZK9?tag=eloabder-20&linkCode=osi&th=1&psc=1"><img src="https://m.media-amazon.com/images/I/51nmRq1eicL._SL500_.jpg" alt="Product Image"></a><p>FolkArt 4 Bottle Multi-Surface Acrylic Paint Set, 2oz, Neon Blacklight Colors</p><p>$8.12 ($1.02 / Fl Oz)</p><a href="https://www.amazon.com/dp/B085ZB5ZK9?tag=eloabder-20&linkCode=osi&th=1&psc=1">View Product</a></div><div class="product"><a href="https://www.amazon.com/dp/B08N585VN5?tag=eloabder-20&linkCode=osi&th=1&psc=1"><img src="https://m.media-amazon.com/images/I/51nwFBdxwVL._SL500_.jpg" alt="Product Image"></a><p>Acrylic Paint Set Value Pack of 12 Colors | Craft Painting Kit with 2 oz Squeeze Bottles for Beginners, Artists, Professionals | Non-Toxic Water Based Paints for Canvas, Paper, Wood | Bright Hues</p><p>$11.99 ($0.50 / Fl Oz)</p><a href="https://www.amazon.com/dp/B08N585VN5?tag=eloabder-20&linkCode=osi&th=1&psc=1">View Product</a></div>
<div class="product"><a href="https://www.amazon.com/dp/B0009RRT9Y?tag=eloabder-20&linkCode=osi&th=1&psc=1"><img src="https://m.media-amazon.com/images/I/51ZhyYPOB5L._SL500_.jpg" alt="Product Image"></a><p>General Pencil Company The Masters Brush Cleaner & Preserver 2.5 0z.</p><p>$12.00</p><a href="https://www.amazon.com/dp/B0009RRT9Y?tag=eloabder-20&linkCode=osi&th=1&psc=1">View Product</a></div><div class="product"><a href="https://www.amazon.com/dp/B00F38YVQS?tag=eloabder-20&linkCode=osi&th=1&psc=1"><img src="https://m.media-amazon.com/images/I/51yjmSTzzML._SL500_.jpg" alt="Product Image"></a><p>B & J Original Brush Cleaner - 2.5 Oz/12ct Display</p><p>$12.77</p><a href="https://www.amazon.com/dp/B00F38YVQS?tag=eloabder-20&linkCode=osi&th=1&psc=1">View Product</a></div><div class="product"><a href="https://www.amazon.com/dp/B004BN7QQ8?tag=eloabder-20&linkCode=osi&th=1&psc=1"><img src="https://m.media-amazon.com/images/I/31fEWB-h4VL._SL500_.jpg" alt="Product Image"></a><p>Winsor & Newton Brush Cleaner & Restorer, 16.0-oz Bottle</p><p>$21.87 ($1.37 / Fl Oz)</p><a href="https://www.amazon.com/dp/B004BN7QQ8?tag=eloabder-20&linkCode=osi&th=1&psc=1">View Product</a></div><div class="product"><a href="https://www.amazon.com/dp/B09NCHL2LM?tag=eloabder-20&linkCode=osi&th=1&psc=1"><img src="https://m.media-amazon.com/images/I/31UzwasdL6L._SL500_.jpg" alt="Product Image"></a><p>U.S. Art Supply Brush Cleaner and Restorer, 4 Ounce Bottle - Quickly Cleans Paint Brushes, Airbrushes, Art Tools - Cleaning Solution to Remove Dried On Acrylic, Oil and Water-Based Paint Colors</p><p>$8.99 ($2.25 / Fl Oz)</p><a href="https://www.amazon.com/dp/B09NCHL2LM?tag=eloabder-20&linkCode=osi&th=1&psc=1">View Product</a></div><div class="product"><a href="https://www.amazon.com/dp/B09J8L55SK?tag=eloabder-20&linkCode=osi&th=1&psc=1"><img src="https://m.media-amazon.com/images/I/41qgWS2nSsL._SL500_.jpg" alt="Product Image"></a><p>Green Piece® Paint Brush Cleaner and Restorer for Art Paint Brushes - 100% Natural - Non-Toxic - Wet or Dry Paint - No Chemicals - Oil or Acrylic Paints, Wood and Metal - Amazing Power - 18 Oz</p><p>$19.88</p><a href="https://www.amazon.com/dp/B09J8L55SK?tag=eloabder-20&linkCode=osi&th=1&psc=1">View Product</a></div><div class="product"><a href="https://www.amazon.com/dp/B0027A79I2?tag=eloabder-20&linkCode=osi&th=1&psc=1"><img src="https://m.media-amazon.com/images/I/31J6S+mCjuL._SL500_.jpg" alt="Product Image"></a><p>Pink Soap 12-Ounce Paint Brush Cleaner and Conditioner, Solution Cleans and Restores, Removes Dried Paint on Airbrushes and Other Artist Tools & Supplies</p><p>$15.49 ($1.29 / Fl Oz)</p><a href="https://www.amazon.com/dp/B0027A79I2?tag=eloabder-20&linkCode=osi&th=1&psc=1">View Product</a></div><div class="product"><a href="https://www.amazon.com/dp/B0027AEANE?tag=eloabder-20&linkCode=osi&th=1&psc=1"><img src="https://m.media-amazon.com/images/I/51bHOLU1pVL._SL500_.jpg" alt="Product Image"></a><p>General Pencil General 105-BP Pencil Masters Brush Cleaner & Preserver, 1 Pack, Clear</p><p>$9.99 ($4.00 / Ounce)</p><a href="https://www.amazon.com/dp/B0027AEANE?tag=eloabder-20&linkCode=osi&th=1&psc=1">View Product</a></div>

<div class="product"><a href="https://www.amazon.com/dp/B00N9UUWLA?tag=eloabder-20&linkCode=osi&th=1&psc=1"><img src="https://m.media-amazon.com/images/I/41be4n09wZL._SL500_.jpg" alt="Product Image"></a><p>Pentel Arts Portable Pocket Brush Pen (Medium Point), 1Pen & 2Refills</p><p>$7.00</p><a href="https://www.amazon.com/dp/B00N9UUWLA?tag=eloabder-20&linkCode=osi&th=1&psc=1">View Product</a></div><div class="product"><a href="https://www.amazon.com/dp/B07DQ4292Y?tag=eloabder-20&linkCode=osi&th=1&psc=1"><img src="https://m.media-amazon.com/images/I/41-kgHpaPvL._SL500_.jpg" alt="Product Image"></a><p>Tombow 62039 Fudenosuke Brush Pens, 3-Pack. Soft, Hard, and Twin Tip Markers for Calligraphy and Art Drawings</p><p>$7.59 ($2.53 / Count)</p><a href="https://www.amazon.com/dp/B07DQ4292Y?tag=eloabder-20&linkCode=osi&th=1&psc=1">View Product</a></div><div class="product"><a href="https://www.amazon.com/dp/B0995FNMKW?tag=eloabder-20&linkCode=osi&th=1&psc=1"><img src="https://m.media-amazon.com/images/I/51kpGsTNvlL._SL500_.jpg" alt="Product Image"></a><p>WRITECH Arts Sign Brush Pen Brush Tip Marker Felt Tip Water Based Ink Color Pens 12 Assorted Vintage Colors Great for Lettering Journaling Calligraphy (Vintage)</p><p>$13.99 ($1.17 / Count)</p><a href="https://www.amazon.com/dp/B0995FNMKW?tag=eloabder-20&linkCode=osi&th=1&psc=1">View Product</a></div><div class="product"><a href="https://www.amazon.com/dp/B07H89R749?tag=eloabder-20&linkCode=osi&th=1&psc=1"><img src="https://m.media-amazon.com/images/I/51nTGZ-eAsL._SL500_.jpg" alt="Product Image"></a><p>Tombow Fudenosuke Brush Pen - Hard - 10 Colors Set (WS-BH10C)</p><p>$11.73</p><a href="https://www.amazon.com/dp/B07H89R749?tag=eloabder-20&linkCode=osi&th=1&psc=1">View Product</a></div><div class="product"><a href="https://www.amazon.com/dp/B002PIFTRE?tag=eloabder-20&linkCode=osi&th=1&psc=1"><img src="https://m.media-amazon.com/images/I/41IVnNPD1hL._SL500_.jpg" alt="Product Image"></a><p>Pentel Color Brush Pen, Black (GFLBP101)</p><p>$7.89</p><a href="https://www.amazon.com/dp/B002PIFTRE?tag=eloabder-20&linkCode=osi&th=1&psc=1">View Product</a></div>
<div class="product"><a href="https://www.amazon.com/dp/B0CLLSY2BT?tag=eloabder-20&linkCode=osi&th=1&psc=1"><img src="https://m.media-amazon.com/images/I/51sQM3lrN9L._SL500_.jpg" alt="Product Image"></a><p>CUGEBANNA Paint Brush Washer,Airtight Stainless Steel Brush Cleaner for Oil Painting Acrylic,Brush Washer with Cleaning Beads and Wringer</p><p>$22.99</p><a href="https://www.amazon.com/dp/B0CLLSY2BT?tag=eloabder-20&linkCode=osi&th=1&psc=1">View Product</a></div><div class="product"><a href="https://www.amazon.com/dp/B013PB35N4?tag=eloabder-20&linkCode=osi&th=1&psc=1"><img src="https://m.media-amazon.com/images/I/419miJHrhtL._SL500_.jpg" alt="Product Image"></a><p>US Art Supply Deluxe Brush Cleaner-Brush Washer with Wash Tank</p><p>$18.99</p><a href="https://www.amazon.com/dp/B013PB35N4?tag=eloabder-20&linkCode=osi&th=1&psc=1">View Product</a></div>
<div class="product"><a href="https://www.amazon.com/dp/B07GH7WGC3?tag=eloabder-20&linkCode=osi&th=1&psc=1"><img src="https://m.media-amazon.com/images/I/51vzX1OZI6L._SL500_.jpg" alt="Product Image"></a><p>BOSOBO Paint Brushes Set, 2 Pack 20 Pcs Round-Pointed Tip Paintbrushes Nylon Hair Artist Acrylic Paint Brushes for Acrylic Oil Watercolor, Face Nail Art, Miniature Detailing & Rock Painting, Blue</p><p>$7.49 ($0.37 / Count)</p><a href="https://www.amazon.com/dp/B07GH7WGC3?tag=eloabder-20&linkCode=osi&th=1&psc=1">View Product</a></div><div class="product"><a href="https://www.amazon.com/dp/B078XJ2DCJ?tag=eloabder-20&linkCode=osi&th=1&psc=1"><img src="https://m.media-amazon.com/images/I/616oHEXPN1S._SL500_.jpg" alt="Product Image"></a><p>Pro Grade - Chip Paint Brushes - 36-Pack - 2 Inch Chip Brush for Paints, Stains, Varnishes, Glues, & Gesso</p><p>$17.99</p><a href="https://www.amazon.com/dp/B078XJ2DCJ?tag=eloabder-20&linkCode=osi&th=1&psc=1">View Product</a></div>

<div class="product"><a href="https://www.amazon.com/dp/B000YQJVFA?tag=eloabder-20&linkCode=osi&th=1&psc=1"><img src="https://m.media-amazon.com/images/I/51so-OSRt+L._SL500_.jpg" alt="Product Image"></a><p>Winsor & Newton Calligraphy Ink, 30ml (1-oz) Bottle, Black</p><p>$10.07 ($10.07 / Count)</p><a href="https://www.amazon.com/dp/B000YQJVFA?tag=eloabder-20&linkCode=osi&th=1&psc=1">View Product</a></div><div class="product"><a href="https://www.amazon.com/dp/B0026SBYUE?tag=eloabder-20&linkCode=osi&th=1&psc=1"><img src="https://m.media-amazon.com/images/I/412Ga9k1q8L._SL500_.jpg" alt="Product Image"></a><p>Higgins Black Calligraphy Ink, 2.5 Ounce Bottle (44314)</p><p>$5.99</p><a href="https://www.amazon.com/dp/B0026SBYUE?tag=eloabder-20&linkCode=osi&th=1&psc=1">View Product</a></div><div class="product"><a href="https://www.amazon.com/dp/B0CXDBD77N?tag=eloabder-20&linkCode=osi&th=1&psc=1"><img src="https://m.media-amazon.com/images/I/41x1EZv3P3L._SL500_.jpg" alt="Product Image"></a><p>SEAMEW 250 ML/8.8 OZ Calligraphy and Sumi Liquid Ink - Versatile Elegance for Chinese Traditional Art Works and Japanese Brush Art</p><p>$11.49</p><a href="https://www.amazon.com/dp/B0CXDBD77N?tag=eloabder-20&linkCode=osi&th=1&psc=1">View Product</a></div><div class="product"><a href="https://www.amazon.com/dp/B0CR3ML8VS?tag=eloabder-20&linkCode=osi&th=1&psc=1"><img src="https://m.media-amazon.com/images/I/41fLIKySQZL._SL500_.jpg" alt="Product Image"></a><p>Hmayart Prepared Super Thick Liquid Black Ink for Japanese Brush Calligraphy & Chinese Traditional Artworks (MZ010 250g)</p><p>$11.99</p><a href="https://www.amazon.com/dp/B0CR3ML8VS?tag=eloabder-20&linkCode=osi&th=1&psc=1">View Product</a></div><div class="product"><a href="https://www.amazon.com/dp/B0039OQ0J4?tag=eloabder-20&linkCode=osi&th=1&psc=1"><img src="https://m.media-amazon.com/images/I/41RRlR55P9L._SL500_.jpg" alt="Product Image"></a><p>Daiso Sumi Calligraphy Liquid Ink in a 180ml Bottle (Japan Import)</p><p>$8.99</p><a href="https://www.amazon.com/dp/B0039OQ0J4?tag=eloabder-20&linkCode=osi&th=1&psc=1">View Product</a></div><div class="product"><a href="https://www.amazon.com/dp/B074KJ289G?tag=eloabder-20&linkCode=osi&th=1&psc=1"><img src="https://m.media-amazon.com/images/I/41FZT3aCChL._SL500_.jpg" alt="Product Image"></a><p>Easyou Redstar Liquid Ink for Professioanl Traditional Calligraphy and Brush Painting Chinese Ink Liquid (Black&1pcs*180ML)</p><p>$10.99</p><a href="https://www.amazon.com/dp/B074KJ289G?tag=eloabder-20&linkCode=osi&th=1&psc=1">View Product</a></div><div class="product"><a href="https://www.amazon.com/dp/B07JYJ6C1W?tag=eloabder-20&linkCode=osi&th=1&psc=1"><img src="https://m.media-amazon.com/images/I/51IAnrWkw6L._SL500_.jpg" alt="Product Image"></a><p>MZ001 HmayartBlack Sumi Liquid Ink for Japanese Brush Calligraphy & Chinese Traditional Artworks 250ml (black)</p><p>$13.99</p><a href="https://www.amazon.com/dp/B07JYJ6C1W?tag=eloabder-20&linkCode=osi&th=1&psc=1">View Product</a></div><div class="product"><a href="https://www.amazon.com/dp/B0894L9M2C?tag=eloabder-20&linkCode=osi&th=1&psc=1"><img src="https://m.media-amazon.com/images/I/51H5LBUAZcL._SL500_.jpg" alt="Product Image"></a><p>24 Colors Calligraphy Ink Set, Calligraphy Fountain Glass Dip Pen Color Ink Caligrapher Pen Ink Bottle Set, Gold Powder Drawing Writing Art Ink with Gift Box - 24 x 7ml</p><p>$21.98</p><a href="https://www.amazon.com/dp/B0894L9M2C?tag=eloabder-20&linkCode=osi&th=1&psc=1">View Product</a></div><div class="product"><a href="https://www.amazon.com/dp/B0C49WVM7L?tag=eloabder-20&linkCode=osi&th=1&psc=1"><img src="https://m.media-amazon.com/images/I/41zxtjGWS1L._SL500_.jpg" alt="Product Image"></a><p>AOKUY 24 Colors Calligraphy Ink Set,Calligraphy Inks,Colorful Dip Pen Ink Set,Gold Powder Drawing Writing Art Ink with Gift Box</p><p>$16.99</p><a href="https://www.amazon.com/dp/B0C49WVM7L?tag=eloabder-20&linkCode=osi&th=1&psc=1">View Product</a></div>
<div class="product"><a href="https://www.amazon.com/dp/B0007ZJ8QU?tag=eloabder-20&linkCode=osi&th=1&psc=1"><img src="https://m.media-amazon.com/images/I/41vTwN7L9NL._SL500_.jpg" alt="Product Image"></a><p>Speedball C-Series Lettering Pen Set - 1 Penholder w/ 6 Nibs</p><p>$11.99</p><a href="https://www.amazon.com/dp/B0007ZJ8QU?tag=eloabder-20&linkCode=osi&th=1&psc=1">View Product</a></div><div class="product"><a href="https://www.amazon.com/dp/B003IGNH30?tag=eloabder-20&linkCode=osi&th=1&psc=1"><img src="https://m.media-amazon.com/images/I/412WGB9WzGL._SL500_.jpg" alt="Product Image"></a><p>Speedball 30710 10 Pen Nib Assorted Set</p><p>$21.99</p><a href="https://www.amazon.com/dp/B003IGNH30?tag=eloabder-20&linkCode=osi&th=1&psc=1">View Product</a></div><div class="product"><a href="https://www.amazon.com/dp/B0CQTCZRYC?tag=eloabder-20&linkCode=osi&th=1&psc=1"><img src="https://m.media-amazon.com/images/I/41+d7oXaTvL._SL500_.jpg" alt="Product Image"></a><p>10PCS Oblique Calligraphy Dip Pen Set Comic Pen Nib Set Fluid Writer Pen, 2-in-1 Drawing Pen Holder with 8 Pieces Stainless Steel Pen Replacement Nibs Nib for Writing, Painting, Signing, Sketch</p><p>$6.49</p><a href="https://www.amazon.com/dp/B0CQTCZRYC?tag=eloabder-20&linkCode=osi&th=1&psc=1">View Product</a></div><div class="product"><a href="https://www.amazon.com/dp/B000BYQLT4?tag=eloabder-20&linkCode=osi&th=1&psc=1"><img src="https://m.media-amazon.com/images/I/41Tmn+y1-xL._SL500_.jpg" alt="Product Image"></a><p>Speedball Calligraphy Pen Set - 1 Penholder w/ 4 Nibs, 2 Pen Tips</p><p>$13.99</p><a href="https://www.amazon.com/dp/B000BYQLT4?tag=eloabder-20&linkCode=osi&th=1&psc=1">View Product</a></div><div class="product"><a href="https://www.amazon.com/dp/B0B3CVPWMF?tag=eloabder-20&linkCode=osi&th=1&psc=1"><img src="https://m.media-amazon.com/images/I/41Zw4tqW+HL._SL500_.jpg" alt="Product Image"></a><p>Mewutal 2Pcs/Set Comic Pen Nib Set Pen Nibs Replacements for Calligraphy Manga Writing Painting(Pumpkin Head Nib)</p><p>$7.99</p><a href="https://www.amazon.com/dp/B0B3CVPWMF?tag=eloabder-20&linkCode=osi&th=1&psc=1">View Product</a></div><div class="product"><a href="https://www.amazon.com/dp/B0BVR4M5X4?tag=eloabder-20&linkCode=osi&th=1&psc=1"><img src="https://m.media-amazon.com/images/I/515TyiGpQKL._SL500_.jpg" alt="Product Image"></a><p>Wonwood_direct Calligraphy set, 7 Calligraphy Pens with Different Nibs and 40 Ink Cartridges in 13 Colors for Beginner Writing Drawing for Greeting Card Signature Calligraphy (Type 1)</p><p>$15.99</p><a href="https://www.amazon.com/dp/B0BVR4M5X4?tag=eloabder-20&linkCode=osi&th=1&psc=1">View Product</a></div><div class="product"><a href="https://www.amazon.com/dp/B0BGRM97MF?tag=eloabder-20&linkCode=osi&th=1&psc=1"><img src="https://m.media-amazon.com/images/I/41vB7fs3VbL._SL500_.jpg" alt="Product Image"></a><p>Gullor A Bunch of Nibs for Comic Dip Pen, Assorted Calligraphy Dip Pen Nibs, Various Sizes and Shapes, 33 Nibs in Box</p><p>$9.99</p><a href="https://www.amazon.com/dp/B0BGRM97MF?tag=eloabder-20&linkCode=osi&th=1&psc=1">View Product</a></div>
<div class="product"><a href="https://www.amazon.com/dp/B000KNNVX0?tag=eloabder-20&linkCode=osi&th=1&psc=1"><img src="https://m.media-amazon.com/images/I/51RAGoN6UsL._SL500_.jpg" alt="Product Image"></a><p>Strathmore STR- 50 Sheet Tape Bound Calligraphy Pad, 8.5 by 11", White</p><p>$7.83</p><a href="https://www.amazon.com/dp/B000KNNVX0?tag=eloabder-20&linkCode=osi&th=1&psc=1">View Product</a></div><div class="product"><a href="https://www.amazon.com/dp/B00PGBVNM2?tag=eloabder-20&linkCode=osi&th=1&psc=1"><img src="https://m.media-amazon.com/images/I/51VvCXPD-QL._SL500_.jpg" alt="Product Image"></a><p>U.S. Art Supply (Pack of 2 Pads) - 9" x 12" Premium Calligraphic Practice Paper Pad, 19 Pound Bond (70gsm), Pad of 50-Sheets, Calligraphy Paper with Printed Practice Rule and Slanted Grid</p><p>$12.99</p><a href="https://www.amazon.com/dp/B00PGBVNM2?tag=eloabder-20&linkCode=osi&th=1&psc=1">View Product</a></div><div class="product"><a href="https://www.amazon.com/dp/B0CQ1VTM1R?tag=eloabder-20&linkCode=osi&th=1&psc=1"><img src="https://m.media-amazon.com/images/I/31pMzPI5pdL._SL500_.jpg" alt="Product Image"></a><p>50 Sheets Watercolor Paper 8 x 6inch Deckled Edge Paper 190 GSM Rough/Textured Handmade Paper Cotton Paper White Textured Paper for Watercolor, Writing Calligraphy, Invitations, Letters</p><p>$12.99 ($0.26 / Count)</p><a href="https://www.amazon.com/dp/B0CQ1VTM1R?tag=eloabder-20&linkCode=osi&th=1&psc=1">View Product</a></div><div class="product"><a href="https://www.amazon.com/dp/B0CGHVSX6W?tag=eloabder-20&linkCode=osi&th=1&psc=1"><img src="https://m.media-amazon.com/images/I/41pAexcoWlL._SL500_.jpg" alt="Product Image"></a><p>KYMY Chinese/Japanese Calligraphy Paper 100PCS, Sumi/Rice Paper for Writing Painting Drawing Practice, Chinese Brush Ink Xuan Paper, Half Sheng Shu (Half Raw Ripe) (34 x 34 cm (13.38 x 13.38 Inch))</p><p>$10.99 ($0.11 / Count)</p><a href="https://www.amazon.com/dp/B0CGHVSX6W?tag=eloabder-20&linkCode=osi&th=1&psc=1">View Product</a></div>
<div class="product"><a href="https://www.amazon.com/dp/B08FCZC2R3?tag=eloabder-20&linkCode=osi&th=1&psc=1"><img src="https://m.media-amazon.com/images/I/51TWqPlqpfL._SL500_.jpg" alt="Product Image"></a><p>Craft 'n' Beyond Calligraphy Brush Pens Pack of 3 Small, Medium and Large Markers for Hand Lettering, Art Drawing, Sketching, Scrapbooking, Journaling - Beginner Kit with Fadeproof Black Ink</p><p>$5.49</p><a href="https://www.amazon.com/dp/B08FCZC2R3?tag=eloabder-20&linkCode=osi&th=1&psc=1">View Product</a></div><div class="product"><a href="https://www.amazon.com/dp/B0B67TWWDG?tag=eloabder-20&linkCode=osi&th=1&psc=1"><img src="https://m.media-amazon.com/images/I/5188ARIL9sL._SL500_.jpg" alt="Product Image"></a><p>Brusarth Calligraphy Pens, 8 Size Calligraphy Pens for Writing, Brush Pens Calligraphy Set for Beginners, Hand Lettering Pens, Brush Markers Set, Black Ink Drawing Pens</p><p>$8.95</p><a href="https://www.amazon.com/dp/B0B67TWWDG?tag=eloabder-20&linkCode=osi&th=1&psc=1">View Product</a></div><div class="product"><a href="https://www.amazon.com/dp/B000SHQFEA?tag=eloabder-20&linkCode=osi&th=1&psc=1"><img src="https://m.media-amazon.com/images/I/41sx3qStImL._SL500_.jpg" alt="Product Image"></a><p>edding 1255 calligraphy pen - black - 3 pens - calligraphy nib 2 - 5 mm - fibre pens for paper, wood, terracotta, canvas - hand lettering, bullet journals, thank you cards, calligraphy books</p><p>$6.50</p><a href="https://www.amazon.com/dp/B000SHQFEA?tag=eloabder-20&linkCode=osi&th=1&psc=1">View Product</a></div><div class="product"><a href="https://www.amazon.com/dp/B001DKJLEC?tag=eloabder-20&linkCode=osi&th=1&psc=1"><img src="https://m.media-amazon.com/images/I/41x7A8wo7YL._SL500_.jpg" alt="Product Image"></a><p>Speedball Elegant Writer Calligraphy 4 Marker Set, Black, 2.0 mm, 2.5 mm & 3.0 mm Chisel Nib Tip Pens for Drawing, Journaling, and Scrapbooking</p><p>$9.99 ($2.50 / Count)</p><a href="https://www.amazon.com/dp/B001DKJLEC?tag=eloabder-20&linkCode=osi&th=1&psc=1">View Product</a></div><div class="product"><a href="https://www.amazon.com/dp/B08RYWH185?tag=eloabder-20&linkCode=osi&th=1&psc=1"><img src="https://m.media-amazon.com/images/I/51GFkyfC3iL._SL500_.jpg" alt="Product Image"></a><p>Piochoo Calligraphy Pens,8 Size Calligraphy Pens for Writing,Brush Pens Calligraphy Set for Beginners, Hand Lettering Pens</p><p>$12.99</p><a href="https://www.amazon.com/dp/B08RYWH185?tag=eloabder-20&linkCode=osi&th=1&psc=1">View Product</a></div>
<div class="product"><a href="https://www.amazon.com/dp/B0C66K9NHR?tag=eloabder-20&linkCode=osi&th=1&psc=1"><img src="https://m.media-amazon.com/images/I/51As2T+7gzL._SL500_.jpg" alt="Product Image"></a><p>Calligraphy Kit for Beginners - Calligraphy Pen Set with Calligraphy Workbook</p><p>$26.89</p><a href="https://www.amazon.com/dp/B0C66K9NHR?tag=eloabder-20&linkCode=osi&th=1&psc=1">View Product</a></div><div class="product"><a href="https://www.amazon.com/dp/B081J6QLZN?tag=eloabder-20&linkCode=osi&th=1&psc=1"><img src="https://m.media-amazon.com/images/I/41lK2Gw0JZL._SL500_.jpg" alt="Product Image"></a><p>Trustela Calligraphy Set for Beginners, Dip Pen Set with 19 Nibs, Oblique Pen Holder, Wooden Pen Set</p><p>$21.99</p><a href="https://www.amazon.com/dp/B081J6QLZN?tag=eloabder-20&linkCode=osi&th=1&psc=1">View Product</a></div><div class="product"><a href="https://www.amazon.com/dp/B0BCVDNPRJ?tag=eloabder-20&linkCode=osi&th=1&psc=1"><img src="https://m.media-amazon.com/images/I/51J-hFN4AeL._SL500_.jpg" alt="Product Image"></a><p>GC QUILL Calligraphy Pens Set 64pcs - Calligraphy Fountain Pen Set with 3 Fountain Pens, 7 Varied Nibs, 54 Ink Cartridges(10 Colors) - Writing, Drawing and Calligraphy Practice for beginner GC-F354</p><p>$23.99</p><a href="https://www.amazon.com/dp/B0BCVDNPRJ?tag=eloabder-20&linkCode=osi&th=1&psc=1">View Product</a></div>
<div class="product"><a href="https://www.amazon.com/dp/B092Q8BQC1?tag=eloabder-20&linkCode=osi&th=1&psc=1"><img src="https://m.media-amazon.com/images/I/51gdXkGIguS._SL500_.jpg" alt="Product Image"></a><p>AIYNC Feather Calligraphy Pen Ink Set, Includes Quill Pen and Wooden Dip Pen, Ink,17 Replacement Nib, Pen Base, 3 Wax Seal Sticks, Stamp, White Wax, Spoon, Envelope Letter Paper, Envelope Tool(Green)</p><p>$22.99</p><a href="https://www.amazon.com/dp/B092Q8BQC1?tag=eloabder-20&linkCode=osi&th=1&psc=1">View Product</a></div>
<div class="product"><a href="https://www.amazon.com/dp/B09J228BSF?tag=eloabder-20&linkCode=osi&th=1&psc=1"><img src="https://m.media-amazon.com/images/I/61MByvIyHGL._SL500_.jpg" alt="Product Image"></a><p>Candle dye - 18 Colors Liquid Oil-Based dye for Candle Wax, Vivid Candle Color for DIY Candle Making, Highly Concentrate Natural Candle Color</p><p>$15.59 ($2.47 / Fl Oz)</p><a href="https://www.amazon.com/dp/B09J228BSF?tag=eloabder-20&linkCode=osi&th=1&psc=1">View Product</a></div><div class="product"><a href="https://www.amazon.com/dp/B06Y3T5RV4?tag=eloabder-20&linkCode=osi&th=1&psc=1"><img src="https://m.media-amazon.com/images/I/61yZyP8eZTL._SL500_.jpg" alt="Product Image"></a><p>Candle Dyes for Soy Candle Making - Wax Сolor Dye Color Chips for Soy Wax - 16 Popular Colors Wax Dye Flakes</p><p>$16.99 ($10.62 / Ounce)</p><a href="https://www.amazon.com/dp/B06Y3T5RV4?tag=eloabder-20&linkCode=osi&th=1&psc=1">View Product</a></div><div class="product"><a href="https://www.amazon.com/dp/B0CMCPGLQZ?tag=eloabder-20&linkCode=osi&th=1&psc=1"><img src="https://m.media-amazon.com/images/I/51G9e-Epa0L._SL500_.jpg" alt="Product Image"></a><p>Candle Dye - 12 Colors Wax Melt Dye for Candle Making, Oil-Based Dye for Wax, Highly Concentrate Liquid Candle Color Dye</p><p>$8.99</p><a href="https://www.amazon.com/dp/B0CMCPGLQZ?tag=eloabder-20&linkCode=osi&th=1&psc=1">View Product</a></div><div class="product"><a href="https://www.amazon.com/dp/B09GLMZ5PS?tag=eloabder-20&linkCode=osi&th=1&psc=1"><img src="https://m.media-amazon.com/images/I/51SCG6n6Y4L._SL500_.jpg" alt="Product Image"></a><p>OSBANG Oil-Based Candle Color Dye Non-Toxic Non-Irritating 20 Colors for DIY Candle Making Supplies - Vibrant Concentrated Candle Coloring for Soy Wax Dyes, Beeswax, Gel Wax, Candle Making Kit</p><p>$14.99 ($2.22 / Fl Oz)</p><a href="https://www.amazon.com/dp/B09GLMZ5PS?tag=eloabder-20&linkCode=osi&th=1&psc=1">View Product</a></div><div class="product"><a href="https://www.amazon.com/dp/B0C8D2X4F1?tag=eloabder-20&linkCode=osi&th=1&psc=1"><img src="https://m.media-amazon.com/images/I/51e0mqPDEJL._SL500_.jpg" alt="Product Image"></a><p>Candle Dye - 14 Colors Highly Concentrate Oil-Based Liquid Candle Dye Kit, Candle Dyes for Candle Making, Beeswax, Gel Wax, Paraffin Wax - Each 0.35 fl oz</p><p>$9.99</p><a href="https://www.amazon.com/dp/B0C8D2X4F1?tag=eloabder-20&linkCode=osi&th=1&psc=1">View Product</a></div>

<div class="product"><a href="https://www.amazon.com/dp/B0C6FHSQR7?tag=eloabder-20&linkCode=osi&th=1&psc=1"><img src="https://m.media-amazon.com/images/I/41hBOCPELBL._SL500_.jpg" alt="Product Image"></a><p>Mold Release, Silicone Mold Release Spray (16.9 fl oz / 500ml) Mold Release for Epoxy Resin and Candle Mold Release Spray (1 Pack Mega Size)</p><p>$9.99 ($0.59 / Fl Oz)</p><a href="https://www.amazon.com/dp/B0C6FHSQR7?tag=eloabder-20&linkCode=osi&th=1&psc=1">View Product</a></div>
<div class="product"><a href="https://www.amazon.com/dp/B015W8DWUO?tag=eloabder-20&linkCode=osi&th=1&psc=1"><img src="https://m.media-amazon.com/images/I/41umHqV4zhL._SL500_.jpg" alt="Product Image"></a><p>EricX Light 100 Piece Cotton Candle Wick 6" Pre-Waxed for Candle Making,Candle DIY</p><p>$5.35</p><a href="https://www.amazon.com/dp/B015W8DWUO?tag=eloabder-20&linkCode=osi&th=1&psc=1">View Product</a></div><div class="product"><a href="https://www.amazon.com/dp/B08XZB43NZ?tag=eloabder-20&linkCode=osi&th=1&psc=1"><img src="https://m.media-amazon.com/images/I/51cyFvwhpJL._SL500_.jpg" alt="Product Image"></a><p>Candle Wicks 100 Pcs 6 inch with 30Pcs Candle Wick Stickers and 10 Pcs Wooden Candle Wick Centering Device for Soy Beeswax Candle Making and Candle DIY</p><p>$4.99</p><a href="https://www.amazon.com/dp/B08XZB43NZ?tag=eloabder-20&linkCode=osi&th=1&psc=1">View Product</a></div><div class="product"><a href="https://www.amazon.com/dp/B084ZSZQ4T?tag=eloabder-20&linkCode=osi&th=1&psc=1"><img src="https://m.media-amazon.com/images/I/41vLRbXIHhL._SL500_.jpg" alt="Product Image"></a><p>Candle Wick,100 Piece Candle Wicks for Candle Making DIY, 6 Inch Pre-Waxed Cotton Wick with Tabs</p><p>$4.79</p><a href="https://www.amazon.com/dp/B084ZSZQ4T?tag=eloabder-20&linkCode=osi&th=1&psc=1">View Product</a></div><div class="product"><a href="https://www.amazon.com/dp/B097D7S6KB?tag=eloabder-20&linkCode=osi&th=1&psc=1"><img src="https://m.media-amazon.com/images/I/41jpnnrDAjL._SL500_.jpg" alt="Product Image"></a><p>CandMak Candle Wick Kit, 60 Cotton Candle Wicks with Candle Making Tools for Candle Making (Thick 4"+6"+8")</p><p>$5.99</p><a href="https://www.amazon.com/dp/B097D7S6KB?tag=eloabder-20&linkCode=osi&th=1&psc=1">View Product</a></div><div class="product"><a href="https://www.amazon.com/dp/B08DLSG8NW?tag=eloabder-20&linkCode=osi&th=1&psc=1"><img src="https://m.media-amazon.com/images/I/41QkciWLWjL._SL500_.jpg" alt="Product Image"></a><p>Bulk 6inch Candle Wicks 100 Pcs with 60Pcs Candle Wick Stickers and 10 Pcs Wooden Candle Wick Centering Device for Soy Beeswax Candle Making (6inch)</p><p>$5.45</p><a href="https://www.amazon.com/dp/B08DLSG8NW?tag=eloabder-20&linkCode=osi&th=1&psc=1">View Product</a></div><div class="product"><a href="https://www.amazon.com/dp/B08Z334W66?tag=eloabder-20&linkCode=osi&th=1&psc=1"><img src="https://m.media-amazon.com/images/I/51nsfCzAwwL._SL500_.jpg" alt="Product Image"></a><p>DINGPAI 100pcs Cotton Candle Wicks, 6 inches Low Smoke Pre-Waxed Candle Wicks for Candle Making, Candle DIY</p><p>$4.99</p><a href="https://www.amazon.com/dp/B08Z334W66?tag=eloabder-20&linkCode=osi&th=1&psc=1">View Product</a></div><div class="product"><a href="https://www.amazon.com/dp/B0BV1NCQ28?tag=eloabder-20&linkCode=osi&th=1&psc=1"><img src="https://m.media-amazon.com/images/I/41lmQ4K9ccL._SL500_.jpg" alt="Product Image"></a><p>Ziosxin 100pcs Smokeless Cherry Wood Candle Wicks, Long Lasting Flame, Easily Burn, Natural Candle Cores with Stand and Glue Dot, Warning Label for DIY Candle Making</p><p>$9.99</p><a href="https://www.amazon.com/dp/B0BV1NCQ28?tag=eloabder-20&linkCode=osi&th=1&psc=1">View Product</a></div><div class="product"><a href="https://www.amazon.com/dp/B08LPKTVZW?tag=eloabder-20&linkCode=osi&th=1&psc=1"><img src="https://m.media-amazon.com/images/I/41AtaynrIqL._SL500_.jpg" alt="Product Image"></a><p>BEADNOVA Candle Cotton Wicks 4 Inch 150pcs Short Candle Making Wicks Cotton Wicks for Candle Making DIY</p><p>$4.99</p><a href="https://www.amazon.com/dp/B08LPKTVZW?tag=eloabder-20&linkCode=osi&th=1&psc=1">View Product</a></div><div class="product"><a href="https://www.amazon.com/dp/B0925G2VBY?tag=eloabder-20&linkCode=osi&th=1&psc=1"><img src="https://m.media-amazon.com/images/I/51EzgDRsxoL._SL500_.jpg" alt="Product Image"></a><p>CHEFBEE 200 FT Organic Hemp Wick, Hemp Wick Well Coated Natural Beeswax for Hemp Wick Lighter or Candle Making, Slow Burn, No Dripping, Standard Size(1.1mm)</p><p>$6.99</p><a href="https://www.amazon.com/dp/B0925G2VBY?tag=eloabder-20&linkCode=osi&th=1&psc=1">View Product</a></div>
<div class="product"><a href="https://www.amazon.com/dp/B0BJZYCQV3?tag=eloabder-20&linkCode=osi&th=1&psc=1"><img src="https://m.media-amazon.com/images/I/41dS7xm9bKL._SL500_.jpg" alt="Product Image"></a><p>Simetufy Canvas Boards for Painting 12 Pack,8 x 10 Inch Painting Canvas Panels, Blank Canvas for Painting- Gesso Primed Acid-Free 100% Cotton for Acrylics Oil Watercolor Tempera Paints</p><p>$12.99</p><a href="https://www.amazon.com/dp/B0BJZYCQV3?tag=eloabder-20&linkCode=osi&th=1&psc=1">View Product</a></div><div class="product"><a href="https://www.amazon.com/dp/B085F4JH1H?tag=eloabder-20&linkCode=osi&th=1&psc=1"><img src="https://m.media-amazon.com/images/I/41l7Efp7ILL._SL500_.jpg" alt="Product Image"></a><p>KEFF Canvas Boards for Painting - 24 Pack - Art Supplies Paint Canvas 5x7, 8x10, 9x12, 11x14 Canvas Panels, 100% Cotton Pre-Primed Large Canvas for Painting Supplies, Acrylic, Oil, Watercolor, Tempera</p><p>$24.99</p><a href="https://www.amazon.com/dp/B085F4JH1H?tag=eloabder-20&linkCode=osi&th=1&psc=1">View Product</a></div><div class="product"><a href="https://www.amazon.com/dp/B0CMXFTNDC?tag=eloabder-20&linkCode=osi&th=1&psc=1"><img src="https://m.media-amazon.com/images/I/41WZD2Y6GfL._SL500_.jpg" alt="Product Image"></a><p>ESRICH Canvas Boards for Painting, 5 Pack Canvases for Painting 8x10 Cotton Primed Acid Free Blank Canvas Panels for Oil Paint, Watercolor, Acrylic Paint, Gouache and Tempera.</p><p>$5.99</p><a href="https://www.amazon.com/dp/B0CMXFTNDC?tag=eloabder-20&linkCode=osi&th=1&psc=1">View Product</a></div><div class="product"><a href="https://www.amazon.com/dp/B0C6LMPMPJ?tag=eloabder-20&linkCode=osi&th=1&psc=1"><img src="https://m.media-amazon.com/images/I/51QF5c5qRiL._SL500_.jpg" alt="Product Image"></a><p>Simetufy Canvas Boards for Painting 32 Pack, Paint Canvas Panels Set - 5x7, 8x10, 9x12, 11x14 Inches, Pre-Primed 100% Cotton Blank Canvases for Oil Acrylic Watercolor Pouring Paint for Kids & Artists</p><p>$24.99</p><a href="https://www.amazon.com/dp/B0C6LMPMPJ?tag=eloabder-20&linkCode=osi&th=1&psc=1">View Product</a></div><div class="product"><a href="https://www.amazon.com/dp/B0CSD8VYYM?tag=eloabder-20&linkCode=osi&th=1&psc=1"><img src="https://m.media-amazon.com/images/I/41PeXd8MwvL._SL500_.jpg" alt="Product Image"></a><p>4 Pack 11x14 Inch Canvas Boards for Painting, Blank Canvases for Painting,Triple Primed for Oil & Acrylic Paints,100% Cotton Canvas Panels for Acrylics Oil Watercolor Tempera Paints,3mm Thickness</p><p>$8.49</p><a href="https://www.amazon.com/dp/B0CSD8VYYM?tag=eloabder-20&linkCode=osi&th=1&psc=1">View Product</a></div><div class="product"><a href="https://www.amazon.com/dp/B0D59RDVM5?tag=eloabder-20&linkCode=osi&th=1&psc=1"><img src="https://m.media-amazon.com/images/I/519TRFsibfL._SL500_.jpg" alt="Product Image"></a><p>Paroto Canvas Boards for Painting 12 Pack, Multi-Size Painting Canvas Set 5x7, 8x10, 10x12, 12x16 Inches, 100% Cotton Blank Canvas Oil Acrylic Watercolor Pouring Paint for Kids, Beginners, Artists</p><p>$23.99</p><a href="https://www.amazon.com/dp/B0D59RDVM5?tag=eloabder-20&linkCode=osi&th=1&psc=1">View Product</a></div><div class="product"><a href="https://www.amazon.com/dp/B0CSD8YM4L?tag=eloabder-20&linkCode=osi&th=1&psc=1"><img src="https://m.media-amazon.com/images/I/41ZgWqkIMFL._SL500_.jpg" alt="Product Image"></a><p>4 Pack 8x10 Inch Canvas Boards for Painting, Blank Canvases for Painting,Triple Primed for Oil & Acrylic Paints, 100% Cotton Canvas Panels, 3mm Thickness</p><p>$3.99</p><a href="https://www.amazon.com/dp/B0CSD8YM4L?tag=eloabder-20&linkCode=osi&th=1&psc=1">View Product</a></div><div class="product"><a href="https://www.amazon.com/dp/B0CQFTW7MH?tag=eloabder-20&linkCode=osi&th=1&psc=1"><img src="https://m.media-amazon.com/images/I/41PiitKvQTL._SL500_.jpg" alt="Product Image"></a><p>Simetufy 4 Pack Canvas Boards for Painting 12x16 inch, Canvases for Painting, Gesso Primed Acid-Free 100% Cotton Large Canvas Panels for Acrylics Oil Watercolor Tempera Paints</p><p>$11.99</p><a href="https://www.amazon.com/dp/B0CQFTW7MH?tag=eloabder-20&linkCode=osi&th=1&psc=1">View Product</a></div>
<div class="product"><a href="https://www.amazon.com/dp/B07D6V7H85?tag=eloabder-20&linkCode=osi&th=1&psc=1"><img src="https://m.media-amazon.com/images/I/41EEPf6prIL._SL500_.jpg" alt="Product Image"></a><p>U.S. Art Supply 36" Wide x 6 Yards (18 Feet) Long Unstretched Canvas Roll - 100% Cotton, 12-Ounce Triple Primed Gesso, Acid-Free - Pro Artist Quality, Oil & Acrylic Painting, Murals Backdrop, Cut Size</p><p>$49.99</p><a href="https://www.amazon.com/dp/B07D6V7H85?tag=eloabder-20&linkCode=osi&th=1&psc=1">View Product</a></div><div class="product"><a href="https://www.amazon.com/dp/B0C98L44GG?tag=eloabder-20&linkCode=osi&th=1&psc=1"><img src="https://m.media-amazon.com/images/I/31gEyNH9+sL._SL500_.jpg" alt="Product Image"></a><p>Kinlop Double Primed Cotton Canvas White Canvas Roll for Oil and Acrylic Paint (20 Feet x 48 Inch)</p><p>$38.99</p><a href="https://www.amazon.com/dp/B0C98L44GG?tag=eloabder-20&linkCode=osi&th=1&psc=1">View Product</a></div><div class="product"><a href="https://www.amazon.com/dp/B0CLSXCD1W?tag=eloabder-20&linkCode=osi&th=1&psc=1"><img src="https://m.media-amazon.com/images/I/414jbnjcrQL._SL500_.jpg" alt="Product Image"></a><p>U.S. Art Supply 10-Ounce Unprimed 63" Wide x 2 Yards (6 Feet) Long Heavyweight Unstretched Canvas Roll - 100% Cotton, Woven - Oil & Acrylic Painting, Murals, Backdrop - Cut To Stretcher Bar Frame Size</p><p>$24.99</p><a href="https://www.amazon.com/dp/B0CLSXCD1W?tag=eloabder-20&linkCode=osi&th=1&psc=1">View Product</a></div><div class="product"><a href="https://www.amazon.com/dp/B09MCHDSPR?tag=eloabder-20&linkCode=osi&th=1&psc=1"><img src="https://m.media-amazon.com/images/I/41S+37Lx2wL._SL500_.jpg" alt="Product Image"></a><p>100% Natural Cotton 7 oz Canvas Fabric (Duck), 63 Inches Wide X 3 Yards Long</p><p>$29.95</p><a href="https://www.amazon.com/dp/B09MCHDSPR?tag=eloabder-20&linkCode=osi&th=1&psc=1">View Product</a></div><div class="product"><a href="https://www.amazon.com/dp/B07VX9TLM1?tag=eloabder-20&linkCode=osi&th=1&psc=1"><img src="https://m.media-amazon.com/images/I/41-bqGVrblL._SL500_.jpg" alt="Product Image"></a><p>Premium Polyster Matte Canvas Roll, Quick Dry, Wide Format Inkjet Printer Compatible, Perfect for Fine Art, Photography, Giclée Printing, Archival Quality Prints. (24"x60' 290gsm Polyester)</p><p>$69.99</p><a href="https://www.amazon.com/dp/B07VX9TLM1?tag=eloabder-20&linkCode=osi&th=1&psc=1">View Product</a></div><div class="product"><a href="https://www.amazon.com/dp/B079VP3F1B?tag=eloabder-20&linkCode=osi&th=1&psc=1"><img src="https://m.media-amazon.com/images/I/31eaUH1-cWL._SL500_.jpg" alt="Product Image"></a><p>VViViD Double Primed Cotton Canvas 12" Wide Roll Choose Your Size! (10ft x 12" Roll)</p><p>$16.88</p><a href="https://www.amazon.com/dp/B079VP3F1B?tag=eloabder-20&linkCode=osi&th=1&psc=1">View Product</a></div><div class="product"><a href="https://www.amazon.com/dp/B09954KKH3?tag=eloabder-20&linkCode=osi&th=1&psc=1"><img src="https://m.media-amazon.com/images/I/41SwQCPSmAL._SL500_.jpg" alt="Product Image"></a><p>Polyester Canvas Roll Professional Matte Canvas Roll Wide format Inkjet Printing For Printing Drawing Oil Acrylic Or Water-Based Painting (200GSM Polyester 36"x100ft)</p><p>$123.99</p><a href="https://www.amazon.com/dp/B09954KKH3?tag=eloabder-20&linkCode=osi&th=1&psc=1">View Product</a></div>
<div class="product"><a href="https://www.amazon.com/dp/B003A2I5T8?tag=eloabder-20&linkCode=osi&th=1&psc=1"><img src="https://m.media-amazon.com/images/I/41LvtrGFjVL._SL500_.jpg" alt="Product Image"></a><p>Astrobrights/Neenah Bright White Cardstock, 8.5" x 11", 65 lb/176 gsm, White, 75 Sheets (90905-02) - Packaging May Vary</p><p>$6.99</p><a href="https://www.amazon.com/dp/B003A2I5T8?tag=eloabder-20&linkCode=osi&th=1&psc=1">View Product</a></div><div class="product"><a href="https://www.amazon.com/dp/B00006IDRW?tag=eloabder-20&linkCode=osi&th=1&psc=1"><img src="https://m.media-amazon.com/images/I/412xLv5ae7L._SL500_.jpg" alt="Product Image"></a><p>Neenah Premium Cardstock, 8.5" x 11", 65 lb/176 gsm, Bright White, 250 Sheets (91904)</p><p>$14.29</p><a href="https://www.amazon.com/dp/B00006IDRW?tag=eloabder-20&linkCode=osi&th=1&psc=1">View Product</a></div><div class="product"><a href="https://www.amazon.com/dp/B07FX5LCXK?tag=eloabder-20&linkCode=osi&th=1&psc=1"><img src="https://m.media-amazon.com/images/I/41n9D1rlKgL._SL500_.jpg" alt="Product Image"></a><p>Printworks White Cardstock, 67 lb, 92 Bright, FSC Certified, Perfect for School and Craft Projects, 8.5 x 11 Inch, 100 Sheets (00540)</p><p>$11.49</p><a href="https://www.amazon.com/dp/B07FX5LCXK?tag=eloabder-20&linkCode=osi&th=1&psc=1">View Product</a></div><div class="product"><a href="https://www.amazon.com/dp/B07QQ3L753?tag=eloabder-20&linkCode=osi&th=1&psc=1"><img src="https://m.media-amazon.com/images/I/41n0Ue3DLbL._SL500_.jpg" alt="Product Image"></a><p>Neenah White Index Paper, Mediumweight, 300 Sheets, 199 gsm, 94 Brightness, 8.5" x 11" - MORE SHEETS! (91635)</p><p>$15.99</p><a href="https://www.amazon.com/dp/B07QQ3L753?tag=eloabder-20&linkCode=osi&th=1&psc=1">View Product</a></div><div class="product"><a href="https://www.amazon.com/dp/B07D4YF3K4?tag=eloabder-20&linkCode=osi&th=1&psc=1"><img src="https://m.media-amazon.com/images/I/41ffykOOE7L._SL500_.jpg" alt="Product Image"></a><p>Neenah Index Cardstock, 8.5" x 11", 90 lb/163 gsm, White, Lightweight, 94 Brightness, 300 Sheets (91437)</p><p>$19.24</p><a href="https://www.amazon.com/dp/B07D4YF3K4?tag=eloabder-20&linkCode=osi&th=1&psc=1">View Product</a></div><div class="product"><a href="https://www.amazon.com/dp/B08DCF5B4P?tag=eloabder-20&linkCode=osi&th=1&psc=1"><img src="https://m.media-amazon.com/images/I/41GRzmuulDL._SL500_.jpg" alt="Product Image"></a><p>Hammermill White Cardstock, 110 Lb, 8.5 x 11 Colored Cardstock, 1 Pack (200 Sheets) - Thick Card Stock, Made in the USA, 168380R</p><p>$13.32</p><a href="https://www.amazon.com/dp/B08DCF5B4P?tag=eloabder-20&linkCode=osi&th=1&psc=1">View Product</a></div><div class="product"><a href="https://www.amazon.com/dp/B0CYPPHFV9?tag=eloabder-20&linkCode=osi&th=1&psc=1"><img src="https://m.media-amazon.com/images/I/51IQR4E5R1L._SL500_.jpg" alt="Product Image"></a><p>96 Sheets Colored Cardstock 24 Colors, 8.5x11 Color Cardstock Bulk, 200gsm/75lb Assorted Colors Construction Paper for Printing, Card Making, Die Cutting, Crafts, Scrapbooking, Party Decorations</p><p>$12.99</p><a href="https://www.amazon.com/dp/B0CYPPHFV9?tag=eloabder-20&linkCode=osi&th=1&psc=1">View Product</a></div><div class="product"><a href="https://www.amazon.com/dp/B07QNMF4ZP?tag=eloabder-20&linkCode=osi&th=1&psc=1"><img src="https://m.media-amazon.com/images/I/41mVi2qUcyL._SL500_.jpg" alt="Product Image"></a><p>Printworks White Cardstock, Standard, 67 lb. Vellum, 92 Bright, 250 sheets, 8.5 x 11, For Office, Home & School Printing, Craft Projects (00564)</p><p>$12.92</p><a href="https://www.amazon.com/dp/B07QNMF4ZP?tag=eloabder-20&linkCode=osi&th=1&psc=1">View Product</a></div><div class="product"><a href="https://www.amazon.com/dp/B09Y681BML?tag=eloabder-20&linkCode=osi&th=1&psc=1"><img src="https://m.media-amazon.com/images/I/41whFoq6OEL._SL500_.jpg" alt="Product Image"></a><p>Astrobrights Mega Collection, Colored Cardstock, Punchy Pastel 5-Color Assortment, 320 Sheets, 65 lb./176 gsm, 8.5" x 11" - MORE SHEETS! (91780)</p><p>$19.87</p><a href="https://www.amazon.com/dp/B09Y681BML?tag=eloabder-20&linkCode=osi&th=1&psc=1">View Product</a></div>


<div class="product"><a href="https://www.amazon.com/dp/B0B7DZ4YPN?tag=eloabder-20&linkCode=osi&th=1&psc=1"><img src="https://m.media-amazon.com/images/I/51NIBuS801L._SL500_.jpg" alt="Product Image"></a><p>Epoxy Resin 64OZ - Crystal Clear Epoxy Resin Kit - No Yellowing No Bubble Art Resin Casting Resin for Art Crafts, Jewelry Making, Wood & Resin Molds(32OZ x 2)</p><p>$34.99 ($0.55 / Ounce)</p><a href="https://www.amazon.com/dp/B0B7DZ4YPN?tag=eloabder-20&linkCode=osi&th=1&psc=1">View Product</a></div><div class="product"><a href="https://www.amazon.com/dp/B0CPVCRD93?tag=eloabder-20&linkCode=osi&th=1&psc=1"><img src="https://m.media-amazon.com/images/I/51mBmD2NCqL._SL500_.jpg" alt="Product Image"></a><p>Puduo Epoxy Resin Kit 72OZ，Newly Formulated Crystal Clear Epoxy Resin，Strong, Bubble-Free, Anti-Yellowing Art Resin That，Suitable for Casting, DIY, Resin Art, Molds, Jewelry, Easy to Mix 1:1 Ratio</p><p>$36.99 ($0.51 / Ounce)</p><a href="https://www.amazon.com/dp/B0CPVCRD93?tag=eloabder-20&linkCode=osi&th=1&psc=1">View Product</a></div><div class="product"><a href="https://www.amazon.com/dp/B0BY2PFY62?tag=eloabder-20&linkCode=osi&th=1&psc=1"><img src="https://m.media-amazon.com/images/I/51jY4DbLEVL._SL500_.jpg" alt="Product Image"></a><p>LET'S RESIN Polyurethane Resin, 60oz 2 Part Casting Resin, Fast Cured Resin within 10 Minutes, Ultra Low Viscosity & Low Odor Pourable Liquid Plastic for Casting Models, Prototypes & Other Resin Craft</p><p>$40.99 ($0.68 / Ounce)</p><a href="https://www.amazon.com/dp/B0BY2PFY62?tag=eloabder-20&linkCode=osi&th=1&psc=1">View Product</a></div><div class="product"><a href="https://www.amazon.com/dp/B0CXLX1BF1?tag=eloabder-20&linkCode=osi&th=1&psc=1"><img src="https://m.media-amazon.com/images/I/51B03piFSWL._SL500_.jpg" alt="Product Image"></a><p>Epoxy Resin,1 Gallon Crystal Clear Epoxy Resin Kit, High-Gloss & Bubbles Free Resin and Hardener Kit, Art Resin Casting Resin for Art Crafts, Jewelry Making, Wood & Resin Molds…</p><p>$49.99</p><a href="https://www.amazon.com/dp/B0CXLX1BF1?tag=eloabder-20&linkCode=osi&th=1&psc=1">View Product</a></div><div class="product"><a href="https://www.amazon.com/dp/B0B79JKMTN?tag=eloabder-20&linkCode=osi&th=1&psc=1"><img src="https://m.media-amazon.com/images/I/51awzY+fOoL._SL500_.jpg" alt="Product Image"></a><p>Teexpert Crystal Clear Epoxy Resin Kit 1 Gallon Self-Leveling Coating and Casting Resin, High-Gloss & Bubbles Free Resin and Hardener Kit for DIY Art, Jewelry, Table Top, Molds, Wood 1:1 Ratio</p><p>$49.49 ($0.39 / Fl Oz)</p><a href="https://www.amazon.com/dp/B0B79JKMTN?tag=eloabder-20&linkCode=osi&th=1&psc=1">View Product</a></div><div class="product"><a href="https://www.amazon.com/dp/B0CZDCWRDS?tag=eloabder-20&linkCode=osi&th=1&psc=1"><img src="https://m.media-amazon.com/images/I/51NoC3Siy8L._SL500_.jpg" alt="Product Image"></a><p>Puduo Epoxy Resin Kit 1.1Gallon，Newly Formulated Crystal Clear Epoxy Resin，Strong, Bubble-Free, Anti-Yellowing Art Resin That，Suitable for Casting, DIY, Resin Art, Molds, Easy to Mix 1:1 Ratio</p><p>$48.99 ($0.35 / Ounce)</p><a href="https://www.amazon.com/dp/B0CZDCWRDS?tag=eloabder-20&linkCode=osi&th=1&psc=1">View Product</a></div><div class="product"><a href="https://www.amazon.com/dp/B0C786S8ZW?tag=eloabder-20&linkCode=osi&th=1&psc=1"><img src="https://m.media-amazon.com/images/I/51PD1cgR+-L._SL500_.jpg" alt="Product Image"></a><p>LET'S RESIN EPOXY RESIN 2 Gallon Casting Resin with Pumps, Bubble Free & High-Gloss Resin Epoxy Kit, Crystal Clear Epoxy Resin and Hardener for DIY Art, Molds Casting,Craft</p><p>$87.00 ($0.34 / Fl Oz)</p><a href="https://www.amazon.com/dp/B0C786S8ZW?tag=eloabder-20&linkCode=osi&th=1&psc=1">View Product</a></div><div class="product"><a href="https://www.amazon.com/dp/B0BYV7YX2K?tag=eloabder-20&linkCode=osi&th=1&psc=1"><img src="https://m.media-amazon.com/images/I/41dTpbgWB+L._SL500_.jpg" alt="Product Image"></a><p>TAKIMO 1 Gallon Crystal Clear Resin Kit,No Bubble & Not Yellowing Epoxy Resin for Coating, Casting, Table Top,DIY, Bar Top, River Tables, Resin Art, Wood with High Gloss Finish</p><p>$39.99</p><a href="https://www.amazon.com/dp/B0BYV7YX2K?tag=eloabder-20&linkCode=osi&th=1&psc=1">View Product</a></div>
<div class="product"><a href="https://www.amazon.com/dp/B093D6Q4V2?tag=eloabder-20&linkCode=osi&th=1&psc=1"><img src="https://m.media-amazon.com/images/I/51GS6ht5RsS._SL500_.jpg" alt="Product Image"></a><p>Brusarth Professional Charcoal Pencils Drawing Set - 6 Pieces Soft Medium and Hard Charcoal Pencils for Drawing, Sketching, Shading</p><p>$5.57</p><a href="https://www.amazon.com/dp/B093D6Q4V2?tag=eloabder-20&linkCode=osi&th=1&psc=1">View Product</a></div><div class="product"><a href="https://www.amazon.com/dp/B000VXONF4?tag=eloabder-20&linkCode=osi&th=1&psc=1"><img src="https://m.media-amazon.com/images/I/51DxvUPz4nL._SL500_.jpg" alt="Product Image"></a><p>General Pencil 957ABP Compressed Charcoal Sticks 4/Pkg-Black - Soft Assorted</p><p>$6.09 ($1.52 / Count)</p><a href="https://www.amazon.com/dp/B000VXONF4?tag=eloabder-20&linkCode=osi&th=1&psc=1">View Product</a></div><div class="product"><a href="https://www.amazon.com/dp/B0BZSZ2W1B?tag=eloabder-20&linkCode=osi&th=1&psc=1"><img src="https://m.media-amazon.com/images/I/41aJEjrQ16L._SL500_.jpg" alt="Product Image"></a><p>ANNECOSK Willow Charcoal Sticks, 10PCS Willow Charcoal Pencils for Artists Drawing, Sketching</p><p>$7.99</p><a href="https://www.amazon.com/dp/B0BZSZ2W1B?tag=eloabder-20&linkCode=osi&th=1&psc=1">View Product</a></div><div class="product"><a href="https://www.amazon.com/dp/B088K31QB7?tag=eloabder-20&linkCode=osi&th=1&psc=1"><img src="https://m.media-amazon.com/images/I/51giSzQeUzL._SL500_.jpg" alt="Product Image"></a><p>MARKART Professional Charcoal Pencils Drawing Set - 10 Pieces Soft Medium and Hard Charcoal Pencils for Drawing, Sketching, Shading</p><p>$5.99</p><a href="https://www.amazon.com/dp/B088K31QB7?tag=eloabder-20&linkCode=osi&th=1&psc=1">View Product</a></div><div class="product"><a href="https://www.amazon.com/dp/B0CHM9YB18?tag=eloabder-20&linkCode=osi&th=1&psc=1"><img src="https://m.media-amazon.com/images/I/51-cFJewi5L._SL500_.jpg" alt="Product Image"></a><p>PANDAFLY Willow Charcoal Sticks, Soft, Black Artist Vine Charcoal for Artists, Beginners, Students, Great for Sketching, Drawing, Shading and Fine Art, 7-9mm, 25 Pack</p><p>$7.99</p><a href="https://www.amazon.com/dp/B0CHM9YB18?tag=eloabder-20&linkCode=osi&th=1&psc=1">View Product</a></div><div class="product"><a href="https://www.amazon.com/dp/B004O7FFR8?tag=eloabder-20&linkCode=osi&th=1&psc=1"><img src="https://m.media-amazon.com/images/I/51JJnYm-n2L._SL500_.jpg" alt="Product Image"></a><p>Strathmore 300 Series Charcoal Paper Pad, Top Wire Bound, 9x12 inches, 32 Sheets (64lb/95g) - Artist Paper for Adults and Students - Charcoal and Pastel</p><p>$8.86</p><a href="https://www.amazon.com/dp/B004O7FFR8?tag=eloabder-20&linkCode=osi&th=1&psc=1">View Product</a></div><div class="product"><a href="https://www.amazon.com/dp/B09KY8MT2T?tag=eloabder-20&linkCode=osi&th=1&psc=1"><img src="https://m.media-amazon.com/images/I/31buTPEV5IL._SL500_.jpg" alt="Product Image"></a><p>Raven Powders Premium Charcoal Powder for Drawing and Art</p><p>$9.99</p><a href="https://www.amazon.com/dp/B09KY8MT2T?tag=eloabder-20&linkCode=osi&th=1&psc=1">View Product</a></div><div class="product"><a href="https://www.amazon.com/dp/B0021IK626?tag=eloabder-20&linkCode=osi&th=1&psc=1"><img src="https://m.media-amazon.com/images/I/317wgA0GITL._SL500_.jpg" alt="Product Image"></a><p>Winsor & Newton Artist Vine Charcoal Sticks, Soft, Box of 12 Sticks</p><p>$10.56</p><a href="https://www.amazon.com/dp/B0021IK626?tag=eloabder-20&linkCode=osi&th=1&psc=1">View Product</a></div>
<div class="product"><a href="https://www.amazon.com/dp/B0CHF9KZSW?tag=eloabder-20&linkCode=osi&th=1&psc=1"><img src="https://m.media-amazon.com/images/I/61lm2iV1gGL._SL500_.jpg" alt="Product Image"></a><p>KALOUR Professional Charcoal Pencils Drawing Set -12 Pieces Soft, Medium and Hard Charcoal Pencils for Drawing, Sketching, Shading, Artist Pencils for Beginners & Artists</p><p>$5.99</p><a href="https://www.amazon.com/dp/B0CHF9KZSW?tag=eloabder-20&linkCode=osi&th=1&psc=1">View Product</a></div><div class="product"><a href="https://www.amazon.com/dp/B0D41JG73W?tag=eloabder-20&linkCode=osi&th=1&psc=1"><img src="https://m.media-amazon.com/images/I/41K5KaeEE0L._SL500_.jpg" alt="Product Image"></a><p>Aenir White Charcoal Pencils, Pack of 12 Charcoal Drawing Pencils, Charcoal Pencils for Artists, Art Supplies for Drawing and Highlighting, Charcoal Pencils for Drawing, Sketching, Shading & Coloring.</p><p>$7.99</p><a href="https://www.amazon.com/dp/B0D41JG73W?tag=eloabder-20&linkCode=osi&th=1&psc=1">View Product</a></div><div class="product"><a href="https://www.amazon.com/dp/B004BPNUMA?tag=eloabder-20&linkCode=osi&th=1&psc=1"><img src="https://m.media-amazon.com/images/I/41EWfMXntlL._SL500_.jpg" alt="Product Image"></a><p>Peel & Sketch Charcoal Pencils 3/Pkg-</p><p>$6.96</p><a href="https://www.amazon.com/dp/B004BPNUMA?tag=eloabder-20&linkCode=osi&th=1&psc=1">View Product</a></div><div class="product"><a href="https://www.amazon.com/dp/B0C5V1QWPJ?tag=eloabder-20&linkCode=osi&th=1&psc=1"><img src="https://m.media-amazon.com/images/I/51bZBOoKtoL._SL500_.jpg" alt="Product Image"></a><p>Brusarth Charcoal Drawing Set -12 pc Black charcoal pencils, White Charcoal Pencils, Eraser Pencils, Blending Stumps for Drawing, Sketching, Shading, Artist Pencils for Beginners & Artists</p><p>$7.99</p><a href="https://www.amazon.com/dp/B0C5V1QWPJ?tag=eloabder-20&linkCode=osi&th=1&psc=1">View Product</a></div>
<div class="product"><a href="https://www.amazon.com/dp/B001BYK7RA?tag=eloabder-20&linkCode=osi&th=1&psc=1"><img src="https://m.media-amazon.com/images/I/316EZYjc1XL._SL500_.jpg" alt="Product Image"></a><p>Winsor & Newton Artist Vine Charcoal Sticks, Soft, Box of 3 Sticks</p><p>$4.09 ($1.36 / Count)</p><a href="https://www.amazon.com/dp/B001BYK7RA?tag=eloabder-20&linkCode=osi&th=1&psc=1">View Product</a></div>
<div class="product"><a href="https://www.amazon.com/dp/B08LR2TBPG?tag=eloabder-20&linkCode=osi&th=1&psc=1"><img src="https://m.media-amazon.com/images/I/31VBhMwmhTL._SL500_.jpg" alt="Product Image"></a><p>Chipboard Sheets 8.5" x 11" - 100 Sheets of 22 Point Chip Board for Crafts - This Kraft Board is a Great Alternative to MDF Board and Cardboard Sheets</p><p>$19.97</p><a href="https://www.amazon.com/dp/B08LR2TBPG?tag=eloabder-20&linkCode=osi&th=1&psc=1">View Product</a></div><div class="product"><a href="https://www.amazon.com/dp/B079F1FYG3?tag=eloabder-20&linkCode=osi&th=1&psc=1"><img src="https://m.media-amazon.com/images/I/41-kpBNtjSL._SL500_.jpg" alt="Product Image"></a><p>100 Thick Kraft Chipboard (30pt) - 8 1/2" x 11" - Perfect for Scrapbooking, Crafts & Product Backing…</p><p>$19.95</p><a href="https://www.amazon.com/dp/B079F1FYG3?tag=eloabder-20&linkCode=osi&th=1&psc=1">View Product</a></div><div class="product"><a href="https://www.amazon.com/dp/B07BYPGP5H?tag=eloabder-20&linkCode=osi&th=1&psc=1"><img src="https://m.media-amazon.com/images/I/31rUtsWIN5L._SL500_.jpg" alt="Product Image"></a><p>100 Chipboard Sheets 8 x 10 inch - 22pt (point) Light Weight Brown Kraft Cardboard for Scrapbooking & Picture Frame Backing (.022 Caliper Thick) Paper Board | MagicWater Supply</p><p>$21.99</p><a href="https://www.amazon.com/dp/B07BYPGP5H?tag=eloabder-20&linkCode=osi&th=1&psc=1">View Product</a></div><div class="product"><a href="https://www.amazon.com/dp/B07BYP99DJ?tag=eloabder-20&linkCode=osi&th=1&psc=1"><img src="https://m.media-amazon.com/images/I/31EMxvnjGrL._SL500_.jpg" alt="Product Image"></a><p>25 Chipboard Sheets 11 x 17 inch - 50pt (point) Heavy Weight Brown Kraft Cardboard for Scrapbooking & Picture Frame Backing (.050 Caliper Thick) Paper Board | MagicWater Supply</p><p>$26.99</p><a href="https://www.amazon.com/dp/B07BYP99DJ?tag=eloabder-20&linkCode=osi&th=1&psc=1">View Product</a></div><div class="product"><a href="https://www.amazon.com/dp/B07BYFXJDL?tag=eloabder-20&linkCode=osi&th=1&psc=1"><img src="https://m.media-amazon.com/images/I/310RbtxO26L._SL500_.jpg" alt="Product Image"></a><p>100 Chipboard Sheets 5 x 7 inch - 22pt (point) Light Weight Brown Kraft Cardboard for Scrapbooking & Picture Frame Backing (.022 Caliper Thick) Paper Board | MagicWater Supply</p><p>$14.99</p><a href="https://www.amazon.com/dp/B07BYFXJDL?tag=eloabder-20&linkCode=osi&th=1&psc=1">View Product</a></div><div class="product"><a href="https://www.amazon.com/dp/B0B6GK2MFD?tag=eloabder-20&linkCode=osi&th=1&psc=1"><img src="https://m.media-amazon.com/images/I/31-IEV+iYgL._SL500_.jpg" alt="Product Image"></a><p>10 EcoSwift 8.5x11 Chipboard Cardboard Craft Scrapbook Material Scrapbooking Packaging Sheets Shipping Pads Inserts 8 1/2 inch x 11 inch Chip Board</p><p>$4.99</p><a href="https://www.amazon.com/dp/B0B6GK2MFD?tag=eloabder-20&linkCode=osi&th=1&psc=1">View Product</a></div><div class="product"><a href="https://www.amazon.com/dp/B07BYKB2ZL?tag=eloabder-20&linkCode=osi&th=1&psc=1"><img src="https://m.media-amazon.com/images/I/31WIwma4xfL._SL500_.jpg" alt="Product Image"></a><p>Chipboard Sheets 8.5 x 11 inch - 50pt (Point) Heavy Weight Brown Kraft Cardboard for Scrapbooking & Picture Frame Backing (.050 Caliper Thick) Paper Board | MagicWater Supply (Kraft 100 Pack)</p><p>$38.99</p><a href="https://www.amazon.com/dp/B07BYKB2ZL?tag=eloabder-20&linkCode=osi&th=1&psc=1">View Product</a></div><div class="product"><a href="https://www.amazon.com/dp/B00161W6L8?tag=eloabder-20&linkCode=osi&th=1&psc=1"><img src="https://m.media-amazon.com/images/I/41MflHlo3JL._SL500_.jpg" alt="Product Image"></a><p>GRAFIX Natural Medium Weight Chipboard Sheets 8.5"X11" 25/Pkg, 8.5"x11"x0.057", Count</p><p>$15.14 ($0.61 / Count)</p><a href="https://www.amazon.com/dp/B00161W6L8?tag=eloabder-20&linkCode=osi&th=1&psc=1">View Product</a></div><div class="product"><a href="https://www.amazon.com/dp/B0013JRFUA?tag=eloabder-20&linkCode=osi&th=1&psc=1"><img src="https://m.media-amazon.com/images/I/41JzQAJkDoL._SL500_.jpg" alt="Product Image"></a><p>Grafix Medium Weight Acid-Free 0.057” Chipboard Sheets, Create Three-Dimensional Embellishments for Cards, Papercrafts, Mixed Media, Home Décor, and More, 12 x 12, Natural, 25 Count</p><p>$14.51 ($0.58 / Count)</p><a href="https://www.amazon.com/dp/B0013JRFUA?tag=eloabder-20&linkCode=osi&th=1&psc=1">View Product</a></div>








<div class="product"><a href="https://www.amazon.com/dp/B0C2YPJDFL?tag=eloabder-20&linkCode=osi&th=1&psc=1"><img src="https://m.media-amazon.com/images/I/51WB6B3vguL._SL500_.jpg" alt="Product Image"></a><p>Yagol Colored Pencils for Adult Coloring Books, 72 Colored Professional Drawing Pencils, Coloring Pencils for Adults Beginners kids & Pro.</p><p>$9.99</p><a href="https://www.amazon.com/dp/B0C2YPJDFL?tag=eloabder-20&linkCode=osi&th=1&psc=1">View Product</a></div><div class="product"><a href="https://www.amazon.com/dp/B01N09ZDEI?tag=eloabder-20&linkCode=osi&th=1&psc=1"><img src="https://m.media-amazon.com/images/I/51awfumPEiL._SL500_.jpg" alt="Product Image"></a><p>Soucolor 72-Color Colored Pencils for Adult Coloring Books, Back to School Supplies, Soft Core Artist Sketching Drawing Pencils Drawing Supplies, Art Supplies Kit for Adults Kids, Coloring Pencils Set</p><p>$9.99</p><a href="https://www.amazon.com/dp/B01N09ZDEI?tag=eloabder-20&linkCode=osi&th=1&psc=1">View Product</a></div><div class="product"><a href="https://www.amazon.com/dp/B0B772BZ4G?tag=eloabder-20&linkCode=osi&th=1&psc=1"><img src="https://m.media-amazon.com/images/I/41VSyVENyTL._SL500_.jpg" alt="Product Image"></a><p>FUNLAVIE Colored Pencils 48 Coloring Pencils Premium Professional Art Drawing Pencil for Adults Coloring Book</p><p>$9.99</p><a href="https://www.amazon.com/dp/B0B772BZ4G?tag=eloabder-20&linkCode=osi&th=1&psc=1">View Product</a></div><div class="product"><a href="https://www.amazon.com/dp/B0B8MFGW36?tag=eloabder-20&linkCode=osi&th=1&psc=1"><img src="https://m.media-amazon.com/images/I/51umBJsfZDL._SL500_.jpg" alt="Product Image"></a><p>KALOUR Premium Colored Pencils,Set of 120 Colors,Artists Soft Core with Vibrant Color,Ideal for Drawing Sketching Shading,Coloring Pencils for Adults Beginners kids</p><p>$24.99</p><a href="https://www.amazon.com/dp/B0B8MFGW36?tag=eloabder-20&linkCode=osi&th=1&psc=1">View Product</a></div><div class="product"><a href="https://www.amazon.com/dp/B0D5GSMGMG?tag=eloabder-20&linkCode=osi&th=1&psc=1"><img src="https://m.media-amazon.com/images/I/41aprDliB4L._SL500_.jpg" alt="Product Image"></a><p>Colored Pencils for Adult Coloring Books, Set of 72 Color Pencils, Oil-Based Core Drawing Pencils, 3.8mm Soft Leads with Adult Coloring Pencils, Professional Art Supplies for Adults, Beginner and Kids</p><p>$9.99</p><a href="https://www.amazon.com/dp/B0D5GSMGMG?tag=eloabder-20&linkCode=osi&th=1&psc=1">View Product</a></div><div class="product"><a href="https://www.amazon.com/dp/B0CZBPK6L5?tag=eloabder-20&linkCode=osi&th=1&psc=1"><img src="https://m.media-amazon.com/images/I/31Q1khczz5L._SL500_.jpg" alt="Product Image"></a><p>Colored Pencils for Adult Coloring Books, 72 Colors Drawing Pencils with Oil-Based Cores, Professional Art Supplies for Artists, Coloring Pencils for Adults, Color Pencils Set for Beginners and Teens.</p><p>$9.49</p><a href="https://www.amazon.com/dp/B0CZBPK6L5?tag=eloabder-20&linkCode=osi&th=1&psc=1">View Product</a></div>
<div class="product"><a href="https://www.amazon.com/dp/B0BTJRPJHJ?tag=eloabder-20&linkCode=osi&th=1&psc=1"><img src="https://m.media-amazon.com/images/I/61eh6iSlGRL._SL500_.jpg" alt="Product Image"></a><p>READY 2 LEARN Colored Sand - Turquoise - 2.2 lbs - Play Sand for Kids - Perfect for Arts and Crafts, Sensory Bins, Wedding Decorations and Vase Filler</p><p>$9.32</p><a href="https://www.amazon.com/dp/B0BTJRPJHJ?tag=eloabder-20&linkCode=osi&th=1&psc=1">View Product</a></div><div class="product"><a href="https://www.amazon.com/dp/B0BTJWH6L3?tag=eloabder-20&linkCode=osi&th=1&psc=1"><img src="https://m.media-amazon.com/images/I/61OHaobOoGL._SL500_.jpg" alt="Product Image"></a><p>READY 2 LEARN Colored Sand - Light Blue - 2.2 lbs - Play Sand for Kids - Perfect for Wedding Unity Ceremonies, Crafts, Sensory Bins and Vase Filler</p><p>$9.99</p><a href="https://www.amazon.com/dp/B0BTJWH6L3?tag=eloabder-20&linkCode=osi&th=1&psc=1">View Product</a></div><div class="product"><a href="https://www.amazon.com/dp/B00DZS4AA0?tag=eloabder-20&linkCode=osi&th=1&psc=1"><img src="https://m.media-amazon.com/images/I/41htpdoeWSL._SL500_.jpg" alt="Product Image"></a><p>Activa Pink Decorative Colored Sand in Resealable Bag, 5lb (2.27kg) | Fine Grain & Fade-Proof Sand For Arts & Crafts</p><p>$8.99</p><a href="https://www.amazon.com/dp/B00DZS4AA0?tag=eloabder-20&linkCode=osi&th=1&psc=1">View Product</a></div><div class="product"><a href="https://www.amazon.com/dp/B00GNED6YE?tag=eloabder-20&linkCode=osi&th=1&psc=1"><img src="https://m.media-amazon.com/images/I/41T-AKVqV5L._SL500_.jpg" alt="Product Image"></a><p>Sandsational Sparkle Champagne Unity Sand - 1.5 LB (22oz), Beige Colored Sand for Weddings, Vase Filler, Home Décor, Craft Sand, Aquarium Sand, and More</p><p>$15.99</p><a href="https://www.amazon.com/dp/B00GNED6YE?tag=eloabder-20&linkCode=osi&th=1&psc=1">View Product</a></div><div class="product"><a href="https://www.amazon.com/dp/B007VC4F6A?tag=eloabder-20&linkCode=osi&th=1&psc=1"><img src="https://m.media-amazon.com/images/I/51EtMIBeueL._SL500_.jpg" alt="Product Image"></a><p>Sandsational Sparkle Tropic Blue Unity Sand, 1 LB (16 oz), Colored Sand for Weddings, Vase Filler, Home Décor, Craft Sand, Aquarium Sand, and More</p><p>$9.99</p><a href="https://www.amazon.com/dp/B007VC4F6A?tag=eloabder-20&linkCode=osi&th=1&psc=1">View Product</a></div><div class="product"><a href="https://www.amazon.com/dp/B007VC497K?tag=eloabder-20&linkCode=osi&th=1&psc=1"><img src="https://m.media-amazon.com/images/I/51oZOs1VRDL._SL500_.jpg" alt="Product Image"></a><p>Sandsational Sparkle Burnt Orange Unity Sand, 1 LB (16 oz), Colored Sand for Weddings, Vase Filler, Home Décor, Craft Sand, Aquarium Sand, and More</p><p>$9.99</p><a href="https://www.amazon.com/dp/B007VC497K?tag=eloabder-20&linkCode=osi&th=1&psc=1">View Product</a></div><div class="product"><a href="https://www.amazon.com/dp/B004BN9WWY?tag=eloabder-20&linkCode=osi&th=1&psc=1"><img src="https://m.media-amazon.com/images/I/41Hehnr6HkL._SL500_.jpg" alt="Product Image"></a><p>Activa Turquoise Decorative Colored Sand in Resealable Bag, 5lb (2.27kg) | Fine Grain & Fade-Proof Sand For Arts & Crafts</p><p>$17.99 ($0.22 / Ounce)</p><a href="https://www.amazon.com/dp/B004BN9WWY?tag=eloabder-20&linkCode=osi&th=1&psc=1">View Product</a></div><div class="product"><a href="https://www.amazon.com/dp/B007VC4CMM?tag=eloabder-20&linkCode=osi&th=1&psc=1"><img src="https://m.media-amazon.com/images/I/51MDELk9-bL._SL500_.jpg" alt="Product Image"></a><p>Sandsational Sparkle Hazelnut Unity Sand, 1 LB (16 oz), Colored Sand for Weddings, Vase Filler, Home Décor, Craft Sand, Aquarium Sand, and More</p><p>$9.99</p><a href="https://www.amazon.com/dp/B007VC4CMM?tag=eloabder-20&linkCode=osi&th=1&psc=1">View Product</a></div>

<div class="product"><a href="https://www.amazon.com/dp/B0868M9MFP?tag=eloabder-20&linkCode=osi&th=1&psc=1"><img src="https://m.media-amazon.com/images/I/41MathwPKuL._SL500_.jpg" alt="Product Image"></a><p>SIMETUFY 360 Sheets 36 Multicolor Tissue Paper Bulk Gift Wrapping Tissue Paper Decorative Art Rainbow Tissue Paper 11.5in x 8in for Art Craft Floral Birthday Party Festival Tissue Paper Pom Pom</p><p>$6.98 ($0.02 / Count)</p><a href="https://www.amazon.com/dp/B0868M9MFP?tag=eloabder-20&linkCode=osi&th=1&psc=1">View Product</a></div><div class="product"><a href="https://www.amazon.com/dp/B0CZNYNJL3?tag=eloabder-20&linkCode=osi&th=1&psc=1"><img src="https://m.media-amazon.com/images/I/41ZspqqmKpL._SL500_.jpg" alt="Product Image"></a><p>160 Sheets Colored Tissue Paper, Tissue Paper Bulk 14 X 20 Inches Tissue Paper for Gift Bags Wrapping DIY Crafts Wedding Birthday</p><p>$7.99 ($0.03 / Sq Ft)</p><a href="https://www.amazon.com/dp/B0CZNYNJL3?tag=eloabder-20&linkCode=osi&th=1&psc=1">View Product</a></div><div class="product"><a href="https://www.amazon.com/dp/B07QY9FQN2?tag=eloabder-20&linkCode=osi&th=1&psc=1"><img src="https://m.media-amazon.com/images/I/51DR9nknn7L._SL500_.jpg" alt="Product Image"></a><p>120 Sheets Colored Tissue Paper Bulk Wrapping Craft Paper 20 x 26" for Art Gift Tissue Decoration (24 Colors)</p><p>$15.59 ($0.13 / Count)</p><a href="https://www.amazon.com/dp/B07QY9FQN2?tag=eloabder-20&linkCode=osi&th=1&psc=1">View Product</a></div><div class="product"><a href="https://www.amazon.com/dp/B0CWR5FKGQ?tag=eloabder-20&linkCode=osi&th=1&psc=1"><img src="https://m.media-amazon.com/images/I/31iRzSH4cbL._SL500_.jpg" alt="Product Image"></a><p>Hlonon 100 Sheets Colored Tissue Paper 12×20 Inch Tissue Paper Bulk Gift Wrapping for Gift Bags DIY Crafts Birthday Wedding Holidays Decor 10 Colors</p><p>$4.59</p><a href="https://www.amazon.com/dp/B0CWR5FKGQ?tag=eloabder-20&linkCode=osi&th=1&psc=1">View Product</a></div><div class="product"><a href="https://www.amazon.com/dp/B09RXR9SXB?tag=eloabder-20&linkCode=osi&th=1&psc=1"><img src="https://m.media-amazon.com/images/I/51xWE-5f2lL._SL500_.jpg" alt="Product Image"></a><p>120 Sheets Colored Tissue Paper for Gift Bags - 25 Assorted Colors Tissue Paper for Packaging Bulk Colored Tissue Paper for Gift Wrapping -Tissue Paper Bulk for Crafts Large 20 X 26 Sheets</p><p>$13.99 ($0.12 / Count)</p><a href="https://www.amazon.com/dp/B09RXR9SXB?tag=eloabder-20&linkCode=osi&th=1&psc=1">View Product</a></div><div class="product"><a href="https://www.amazon.com/dp/B0BWPNFLXM?tag=eloabder-20&linkCode=osi&th=1&psc=1"><img src="https://m.media-amazon.com/images/I/51KYkgeBLCL._SL500_.jpg" alt="Product Image"></a><p>Colored Tissue Paper for Gift Bags, Colored Tissue Paper for Crafts, Gift Wrapping Tissue Paper Bulk - 375 Sheets in 36 Assorted Colors (12 in x 8.4 in)</p><p>$12.99 ($0.03 / Count)</p><a href="https://www.amazon.com/dp/B0BWPNFLXM?tag=eloabder-20&linkCode=osi&th=1&psc=1">View Product</a></div><div class="product"><a href="https://www.amazon.com/dp/B0D1JYM64F?tag=eloabder-20&linkCode=osi&th=1&psc=1"><img src="https://m.media-amazon.com/images/I/41wvUKH9PbL._SL500_.jpg" alt="Product Image"></a><p>Phinus 6300 Pcs 1 Inch Tissue Paper Squares, Tissue Paper for Crafts, 42 Assorted Colored Tissue Paper, Colors Art Rainbow Tissue Paper Bulk for Crafts, Art Projects, Birthday Party</p><p>$5.99</p><a href="https://www.amazon.com/dp/B0D1JYM64F?tag=eloabder-20&linkCode=osi&th=1&psc=1">View Product</a></div>
<div class="product"><a href="https://www.amazon.com/dp/B085DP36VF?tag=eloabder-20&linkCode=osi&th=1&psc=1"><img src="https://m.media-amazon.com/images/I/516vaNkg0iL._SL500_.jpg" alt="Product Image"></a><p>Soucolor Art Brush Markers Pens for Adult Coloring Books, 34 Colors Numbered Dual Tip (Brush and Fine Point) Marker Pen for Kids Note taking Planner Lettering Calligraphy Drawing Preppy School Stuff</p><p>$9.99</p><a href="https://www.amazon.com/dp/B085DP36VF?tag=eloabder-20&linkCode=osi&th=1&psc=1">View Product</a></div><div class="product"><a href="https://www.amazon.com/dp/B075WQPKNK?tag=eloabder-20&linkCode=osi&th=1&psc=1"><img src="https://m.media-amazon.com/images/I/51EOXvmdwnL._SL500_.jpg" alt="Product Image"></a><p>Dual Brush Marker Pens for Coloring Books, Tanmit Fine Tip Coloring Marker & Brush Pen Set for Journaling Note Taking Writing Planning Art Project</p><p>$7.97</p><a href="https://www.amazon.com/dp/B075WQPKNK?tag=eloabder-20&linkCode=osi&th=1&psc=1">View Product</a></div>
<div class="product"><a href="https://www.amazon.com/dp/B0BWH7CWFW?tag=eloabder-20&linkCode=osi&th=1&psc=1"><img src="https://m.media-amazon.com/images/I/51jUg2AkDyL._SL500_.jpg" alt="Product Image"></a><p>AnyMark 60 Colors Alcohol Markers, Markers Set, Dual Tip Alcohol Based Art Markers for Kids Adults Coloring Drawing, Chisel & Fine</p><p>$19.99 ($0.33 / Count)</p><a href="https://www.amazon.com/dp/B0BWH7CWFW?tag=eloabder-20&linkCode=osi&th=1&psc=1">View Product</a></div><div class="product"><a href="https://www.amazon.com/dp/B07CJ8QXF8?tag=eloabder-20&linkCode=osi&th=1&psc=1"><img src="https://m.media-amazon.com/images/I/51bChi4-H4L._SL500_.jpg" alt="Product Image"></a><p>Dual Markers Brush Pens, 36 Fine Point Art Marker, Double Tip Colored Pen for Adult Coloring Hand Lettering, School Classroom Art Suppliers</p><p>$9.99</p><a href="https://www.amazon.com/dp/B07CJ8QXF8?tag=eloabder-20&linkCode=osi&th=1&psc=1">View Product</a></div><div class="product"><a href="https://www.amazon.com/dp/B0CMLFSJ32?tag=eloabder-20&linkCode=osi&th=1&psc=1"><img src="https://m.media-amazon.com/images/I/51tOlopoSsL._SL500_.jpg" alt="Product Image"></a><p>TOSHARE Double Brush Marker Pens, 72 Colors Art Markers Set with Fine Tip and Brush Tip for Kids Adult Coloring Book Hand Lettering Calligraphy Drawing Art Supplies Kit</p><p>$29.99</p><a href="https://www.amazon.com/dp/B0CMLFSJ32?tag=eloabder-20&linkCode=osi&th=1&psc=1">View Product</a></div><div class="product"><a href="https://www.amazon.com/dp/B0BYD5M7LQ?tag=eloabder-20&linkCode=osi&th=1&psc=1"><img src="https://m.media-amazon.com/images/I/51sfVuA2MJL._SL500_.jpg" alt="Product Image"></a><p>AnyMark 48 Colors Alcohol Markers, Markers Set, Dual Tip Alcohol Based Art Markers for Kids Adults Coloring Drawing, Chisel & Fine</p><p>$12.99 ($0.27 / Count)</p><a href="https://www.amazon.com/dp/B0BYD5M7LQ?tag=eloabder-20&linkCode=osi&th=1&psc=1">View Product</a></div><div class="product"><a href="https://www.amazon.com/dp/B078N2RFJ9?tag=eloabder-20&linkCode=osi&th=1&psc=1"><img src="https://m.media-amazon.com/images/I/415IZ1EQzEL._SL500_.jpg" alt="Product Image"></a><p>MemOffice 80 Colors Dual Tip Artist Alcohol Markers Set with Carrying Case - Perfect for Coloring, Drawing, Sketching, Card Making and Illustration - Perfect for Adults and Kids</p><p>$22.99</p><a href="https://www.amazon.com/dp/B078N2RFJ9?tag=eloabder-20&linkCode=osi&th=1&psc=1">View Product</a></div><div class="product"><a href="https://www.amazon.com/dp/B0891WKPN3?tag=eloabder-20&linkCode=osi&th=1&psc=1"><img src="https://m.media-amazon.com/images/I/51qPnBJt4QL._SL500_.jpg" alt="Product Image"></a><p>Caliart 34 Double Tip Brush Pens Art Markers, Aesthetic Cute Preppy Stuff School Supplies, Artist Fine & Brush Pen Coloring Markers for Kids Adult Book Cards Drawing Craft Kit Teacher Office Supplies</p><p>$9.99</p><a href="https://www.amazon.com/dp/B0891WKPN3?tag=eloabder-20&linkCode=osi&th=1&psc=1">View Product</a></div><div class="product"><a href="https://www.amazon.com/dp/B08GX1FXG5?tag=eloabder-20&linkCode=osi&th=1&psc=1"><img src="https://m.media-amazon.com/images/I/61VK97q6UUL._SL500_.jpg" alt="Product Image"></a><p>Mogyann Markers for Adult 100 Colors Dual Tip Pens with Fine and Brush Tip for Coloring and Calligraphy Drawing</p><p>$26.99</p><a href="https://www.amazon.com/dp/B08GX1FXG5?tag=eloabder-20&linkCode=osi&th=1&psc=1">View Product</a></div>
<div class="product"><a href="https://www.amazon.com/dp/B002LARR8A?tag=eloabder-20&linkCode=osi&th=1&psc=1"><img src="https://m.media-amazon.com/images/I/41G5vXNB91L._SL500_.jpg" alt="Product Image"></a><p>Prang (Formerly SunWorks) Construction Paper, 10 Assorted Colors, 12" x 18", 100 Sheets</p><p>$13.09</p><a href="https://www.amazon.com/dp/B002LARR8A?tag=eloabder-20&linkCode=osi&th=1&psc=1">View Product</a></div><div class="product"><a href="https://www.amazon.com/dp/B001AZ9S6G?tag=eloabder-20&linkCode=osi&th=1&psc=1"><img src="https://m.media-amazon.com/images/I/41kI6AxAEvL._SL500_.jpg" alt="Product Image"></a><p>Prang (Formerly SunWorks) Construction Paper, White, 12" x 18", 50 Sheets</p><p>$6.86</p><a href="https://www.amazon.com/dp/B001AZ9S6G?tag=eloabder-20&linkCode=osi&th=1&psc=1">View Product</a></div>

<div class="product"><a href="https://www.amazon.com/dp/B003JJIEKC?tag=eloabder-20&linkCode=osi&th=1&psc=1"><img src="https://m.media-amazon.com/images/I/51CnC6280iL._SL500_.jpg" alt="Product Image"></a><p>2 Rolls/Pack 7/32 Copper Foil (Copper Backed)</p><p>$24.21</p><a href="https://www.amazon.com/dp/B003JJIEKC?tag=eloabder-20&linkCode=osi&th=1&psc=1">View Product</a></div><div class="product"><a href="https://www.amazon.com/dp/B0CXXD14QS?tag=eloabder-20&linkCode=osi&th=1&psc=1"><img src="https://m.media-amazon.com/images/I/31MLEFbqdaL._SL500_.jpg" alt="Product Image"></a><p>YEZHET 7/32 Inch Black Backed Copper foil for Stained Glass (2Roll)</p><p>$16.99</p><a href="https://www.amazon.com/dp/B0CXXD14QS?tag=eloabder-20&linkCode=osi&th=1&psc=1">View Product</a></div><div class="product"><a href="https://www.amazon.com/dp/B00359QVPG?tag=eloabder-20&linkCode=osi&th=1&psc=1"><img src="https://m.media-amazon.com/images/I/41hRCFiP1dL._SL500_.jpg" alt="Product Image"></a><p>Edco 3/16 Black Backed Copper Foil</p><p>$14.75</p><a href="https://www.amazon.com/dp/B00359QVPG?tag=eloabder-20&linkCode=osi&th=1&psc=1">View Product</a></div><div class="product"><a href="https://www.amazon.com/dp/B004BNDZSG?tag=eloabder-20&linkCode=osi&th=1&psc=1"><img src="https://m.media-amazon.com/images/I/519NZ7L73gL._SL500_.jpg" alt="Product Image"></a><p>Studio Pro 1/4-Inch Black Lined Copper Foil</p><p>$10.90</p><a href="https://www.amazon.com/dp/B004BNDZSG?tag=eloabder-20&linkCode=osi&th=1&psc=1">View Product</a></div><div class="product"><a href="https://www.amazon.com/dp/B0C3Z37LZK?tag=eloabder-20&linkCode=osi&th=1&psc=1"><img src="https://m.media-amazon.com/images/I/41bhh73eatL._SL500_.jpg" alt="Product Image"></a><p>YEZHET Copper Foil Tape 2 Pack (7/32Inch) with Double-Sided Conductive, for Stained Glass, Electrical Repairs, DIY Handicrafts, Paper Circuits, Crafting</p><p>$7.99 ($0.53 / Foot)</p><a href="https://www.amazon.com/dp/B0C3Z37LZK?tag=eloabder-20&linkCode=osi&th=1&psc=1">View Product</a></div><div class="product"><a href="https://www.amazon.com/dp/B00WVKO1LG?tag=eloabder-20&linkCode=osi&th=1&psc=1"><img src="https://m.media-amazon.com/images/I/31J15yH0QGL._SL500_.jpg" alt="Product Image"></a><p>K&S 6020 Metallic Copper Crafting Foil, 0.005" Thick x 12" Width x 30" Long, 1 Piece, Made in The USA</p><p>$14.89</p><a href="https://www.amazon.com/dp/B00WVKO1LG?tag=eloabder-20&linkCode=osi&th=1&psc=1">View Product</a></div>
<div class="product"><a href="https://www.amazon.com/dp/B08YJBQ7WZ?tag=eloabder-20&linkCode=osi&th=1&psc=1"><img src="https://m.media-amazon.com/images/I/51MPyR+wDWL._SL500_.jpg" alt="Product Image"></a><p>45 Color Options Macrame Cord 2mm/3mm/4mm/5mm/6mmx109 Yards Cotton Cord, 4 Ply Twisted Yarn, Natural Perfect Supplies DIY Crafts (Natural White)</p><p>$4.98 ($0.02 / Foot)</p><a href="https://www.amazon.com/dp/B08YJBQ7WZ?tag=eloabder-20&linkCode=osi&th=1&psc=1">View Product</a></div><div class="product"><a href="https://www.amazon.com/dp/B07ZGD2G6B?tag=eloabder-20&linkCode=osi&th=1&psc=1"><img src="https://m.media-amazon.com/images/I/51pexzF494L._SL500_.jpg" alt="Product Image"></a><p>Tenn Well Leather String, 100 Yards 2.6mm Flat Suede Cord, Faux Leather Cord for Jewelry Making, Necklaces, Bracelets, Dream Catchers and DIY Crafts (Brown)</p><p>$9.99 ($0.03 / Foot)</p><a href="https://www.amazon.com/dp/B07ZGD2G6B?tag=eloabder-20&linkCode=osi&th=1&psc=1">View Product</a></div><div class="product"><a href="https://www.amazon.com/dp/B0CQF1LC2R?tag=eloabder-20&linkCode=osi&th=1&psc=1"><img src="https://m.media-amazon.com/images/I/51O0PgsjtpL._SL500_.jpg" alt="Product Image"></a><p>Anezus Rainbow Color Nylon Cord, Nylon Craft String, Silky Satin Rattail Cord Beading String for Braided Bracelets, Pendants Necklace, Macrame Keychains, Lanyards, Drawstring Bags, DIY Crafts, Sewing</p><p>$6.99 ($0.02 / Foot)</p><a href="https://www.amazon.com/dp/B0CQF1LC2R?tag=eloabder-20&linkCode=osi&th=1&psc=1">View Product</a></div><div class="product"><a href="https://www.amazon.com/dp/B0B7J9BZSN?tag=eloabder-20&linkCode=osi&th=1&psc=1"><img src="https://m.media-amazon.com/images/I/41Orf+Dg9FL._SL500_.jpg" alt="Product Image"></a><p>2 mm 330 Feet Satin Nylon Cord String for Jewelry Making Bracelet Necklaces Beading Thread Rattail Macrame Kumihimo Chinese Knot Craft</p><p>$7.99 ($0.02 / Foot)</p><a href="https://www.amazon.com/dp/B0B7J9BZSN?tag=eloabder-20&linkCode=osi&th=1&psc=1">View Product</a></div><div class="product"><a href="https://www.amazon.com/dp/B08PZ2VDPM?tag=eloabder-20&linkCode=osi&th=1&psc=1"><img src="https://m.media-amazon.com/images/I/51DQgq3cfXL._SL500_.jpg" alt="Product Image"></a><p>Tenn Well Nylon Satin Cord, 295 Feet 2mm Black Nylon String for Jewelry Making, Silky Rattail Cord for Bracelets, Necklaces, Macrame Keychains, Lanyards, Beading</p><p>$7.99 ($0.03 / Foot)</p><a href="https://www.amazon.com/dp/B08PZ2VDPM?tag=eloabder-20&linkCode=osi&th=1&psc=1">View Product</a></div><div class="product"><a href="https://www.amazon.com/dp/B07TW9PGGB?tag=eloabder-20&linkCode=osi&th=1&psc=1"><img src="https://m.media-amazon.com/images/I/41C73YuzTWL._SL500_.jpg" alt="Product Image"></a><p>Macrame Cord,3mm x109 Yards 100% Natural Macrame Cords Colored Cotton Macrame Rope Craft Cord for DIY Crafts Knitting Plant Hangers Christmas Wedding Decor(Natural Color/Beige)</p><p>$4.98 ($0.02 / Foot)</p><a href="https://www.amazon.com/dp/B07TW9PGGB?tag=eloabder-20&linkCode=osi&th=1&psc=1">View Product</a></div><div class="product"><a href="https://www.amazon.com/dp/B0CS27R34B?tag=eloabder-20&linkCode=osi&th=1&psc=1"><img src="https://m.media-amazon.com/images/I/31hxjVrOTnL._SL500_.jpg" alt="Product Image"></a><p>2 mm x 330 Feet Satin Nylon Cord, Silky Smooth Nylon String for Jewelry Making Bracelet Necklaces Beading Thread Rattail Macrame Kumihimo Chinese Knot Craft</p><p>$7.99 ($0.02 / Foot)</p><a href="https://www.amazon.com/dp/B0CS27R34B?tag=eloabder-20&linkCode=osi&th=1&psc=1">View Product</a></div><div class="product"><a href="https://www.amazon.com/dp/B07GX8B3PC?tag=eloabder-20&linkCode=osi&th=1&psc=1"><img src="https://m.media-amazon.com/images/I/416oClGC4ZL._SL500_.jpg" alt="Product Image"></a><p>Tenn Well 5mm Macrame Cord, 165Feet Braided Cotton Rope Thick Craft Twine for Macrame Plant Hangers, Wall Hangings, Drawstrings, Clothes Lines, DIY Crafts (Beige)</p><p>$8.99 ($0.05 / Foot)</p><a href="https://www.amazon.com/dp/B07GX8B3PC?tag=eloabder-20&linkCode=osi&th=1&psc=1">View Product</a></div>
<div class="product"><a href="https://www.amazon.com/dp/B08LV18F93?tag=eloabder-20&linkCode=osi&th=1&psc=1"><img src="https://m.media-amazon.com/images/I/51XMGht9fSL._SL500_.jpg" alt="Product Image"></a><p>uxcell 20pcs Corrugated Cardboard Paper Sheets,Colorful,7.87-inch x 11.82-inch,for Craft and DIY Projects</p><p>$12.49 ($0.62 / Count)</p><a href="https://www.amazon.com/dp/B08LV18F93?tag=eloabder-20&linkCode=osi&th=1&psc=1">View Product</a></div><div class="product"><a href="https://www.amazon.com/dp/B009MRH3R0?tag=eloabder-20&linkCode=osi&th=1&psc=1"><img src="https://m.media-amazon.com/images/I/51KvHbQ47aL._SL500_.jpg" alt="Product Image"></a><p>Hygloss Corrugated Cardboard Sheets, 8-Pack, 8 Pieces</p><p>$10.13 ($1.27 / Count)</p><a href="https://www.amazon.com/dp/B009MRH3R0?tag=eloabder-20&linkCode=osi&th=1&psc=1">View Product</a></div><div class="product"><a href="https://www.amazon.com/dp/B08LV1DHM7?tag=eloabder-20&linkCode=osi&th=1&psc=1"><img src="https://m.media-amazon.com/images/I/41CqXQkVMyL._SL500_.jpg" alt="Product Image"></a><p>uxcell 10pcs Corrugated Cardboard Paper Sheets,Black,7.87-inch x 11.84-inch,for Craft and DIY Projects</p><p>$8.09 ($0.81 / Count)</p><a href="https://www.amazon.com/dp/B08LV1DHM7?tag=eloabder-20&linkCode=osi&th=1&psc=1">View Product</a></div><div class="product"><a href="https://www.amazon.com/dp/B07RNHX8GZ?tag=eloabder-20&linkCode=osi&th=1&psc=1"><img src="https://m.media-amazon.com/images/I/51LdlT0J20L._SL500_.jpg" alt="Product Image"></a><p>Bright Creations Corrugated Cardboard Paper Sheets (8.5 x 11 in, Black, 48-Pack)</p><p>$16.99 ($0.35 / Count)</p><a href="https://www.amazon.com/dp/B07RNHX8GZ?tag=eloabder-20&linkCode=osi&th=1&psc=1">View Product</a></div><div class="product"><a href="https://www.amazon.com/dp/B07GZHK7KC?tag=eloabder-20&linkCode=osi&th=1&psc=1"><img src="https://m.media-amazon.com/images/I/51LbINh9qtL._SL500_.jpg" alt="Product Image"></a><p>64 Pack Colored Corrugated Cardboard Sheets for Crafts, Art Projects, DIY Signs, 8 Bright Colors (8.3 x 11.8 in)</p><p>$19.99 ($0.31 / Count)</p><a href="https://www.amazon.com/dp/B07GZHK7KC?tag=eloabder-20&linkCode=osi&th=1&psc=1">View Product</a></div><div class="product"><a href="https://www.amazon.com/dp/B08LV1FW8M?tag=eloabder-20&linkCode=osi&th=1&psc=1"><img src="https://m.media-amazon.com/images/I/41glvw8zT3L._SL500_.jpg" alt="Product Image"></a><p>uxcell 10pcs Corrugated Cardboard Paper Sheets,White,7.87-inch x 11.86-inch,for Craft and DIY Projects</p><p>$9.49 ($0.95 / Count)</p><a href="https://www.amazon.com/dp/B08LV1FW8M?tag=eloabder-20&linkCode=osi&th=1&psc=1">View Product</a></div><div class="product"><a href="https://www.amazon.com/dp/B071KP3K72?tag=eloabder-20&linkCode=osi&th=1&psc=1"><img src="https://m.media-amazon.com/images/I/41Dr9t+PB8L._SL500_.jpg" alt="Product Image"></a><p>Corobuff Corrugated Paper, Brite Blue, 48" x 25', 1 Roll</p><p>$38.52</p><a href="https://www.amazon.com/dp/B071KP3K72?tag=eloabder-20&linkCode=osi&th=1&psc=1">View Product</a></div><div class="product"><a href="https://www.amazon.com/dp/B09TB1LKLG?tag=eloabder-20&linkCode=osi&th=1&psc=1"><img src="https://m.media-amazon.com/images/I/31ttSeubU9L._SL500_.jpg" alt="Product Image"></a><p>MECCANIXITY Corrugated Paper Sheets 25pcs 11.8-inch x 7.87-inch White Cardboard for DIY Craft</p><p>$13.99</p><a href="https://www.amazon.com/dp/B09TB1LKLG?tag=eloabder-20&linkCode=osi&th=1&psc=1">View Product</a></div><div class="product"><a href="https://www.amazon.com/dp/B0C372CGHG?tag=eloabder-20&linkCode=osi&th=1&psc=1"><img src="https://m.media-amazon.com/images/I/41EDnL7EWDL._SL500_.jpg" alt="Product Image"></a><p>DMiotech 5 Pack 7.87x11.81 Inch Corrugated Cardboard Paper Sheets DIY Projects Black for Box Making, Cards, Scrapbooks</p><p>$6.99 ($1.40 / Count)</p><a href="https://www.amazon.com/dp/B0C372CGHG?tag=eloabder-20&linkCode=osi&th=1&psc=1">View Product</a></div>
<div class="product"><a href="https://www.amazon.com/dp/B08PBJSDSH?tag=eloabder-20&linkCode=osi&th=1&psc=1"><img src="https://m.media-amazon.com/images/I/41pj8xbkfyL._SL500_.jpg" alt="Product Image"></a><p>100 Pieces Cotton Spun Paper Balls White Natural Spun Cotton Paper Balls Coloring Paper Balls for Making Paper Flowers DIY Crafts Decorations</p><p>$9.49</p><a href="https://www.amazon.com/dp/B08PBJSDSH?tag=eloabder-20&linkCode=osi&th=1&psc=1">View Product</a></div><div class="product"><a href="https://www.amazon.com/dp/B083W75XRT?tag=eloabder-20&linkCode=osi&th=1&psc=1"><img src="https://m.media-amazon.com/images/I/41C8TlFRJvL._SL500_.jpg" alt="Product Image"></a><p>Lia Griffith Cotton Spun Paper Balls, White, 20mm, 24 Count</p><p>$11.30 ($0.47 / Count)</p><a href="https://www.amazon.com/dp/B083W75XRT?tag=eloabder-20&linkCode=osi&th=1&psc=1">View Product</a></div>
<div class="product"><a href="https://www.amazon.com/dp/B0B1J8TYT1?tag=eloabder-20&linkCode=osi&th=1&psc=1"><img src="https://m.media-amazon.com/images/I/41NdyrANVlL._SL500_.jpg" alt="Product Image"></a><p>HOTGODEN Medium Weight 100% Cotton Muslin Fabric: 63 inch x 2,5,10 Yards Unbleached Muslin Linen Fabric Material for Sewing Material Apparel Cloth</p><p>$12.99</p><a href="https://www.amazon.com/dp/B0B1J8TYT1?tag=eloabder-20&linkCode=osi&th=1&psc=1">View Product</a></div><div class="product"><a href="https://www.amazon.com/dp/B0B9HHD1QM?tag=eloabder-20&linkCode=osi&th=1&psc=1"><img src="https://m.media-amazon.com/images/I/313O1FHX2vL._SL500_.jpg" alt="Product Image"></a><p>Craftido-19 Options-100% Cotton Fabric by The yard in Solid Color 44”Wide by 3yd (9 ft) -Medium Weight 5.2 oz- for Quilting, Sewing, Crafts, Binding, Backing and Lining - White</p><p>$22.99</p><a href="https://www.amazon.com/dp/B0B9HHD1QM?tag=eloabder-20&linkCode=osi&th=1&psc=1">View Product</a></div><div class="product"><a href="https://www.amazon.com/dp/B0BHVMLTWV?tag=eloabder-20&linkCode=osi&th=1&psc=1"><img src="https://m.media-amazon.com/images/I/21vOg9h0nXL._SL500_.jpg" alt="Product Image"></a><p>HOTGODEN Light Weight 100% Cotton Muslin Fabric: 63 inch x 2,5,10 Yards Unbleached Muslin Linen Fabric Material for Sewing Material Apparel Cloth</p><p>$12.99</p><a href="https://www.amazon.com/dp/B0BHVMLTWV?tag=eloabder-20&linkCode=osi&th=1&psc=1">View Product</a></div><div class="product"><a href="https://www.amazon.com/dp/B093BQ3GMM?tag=eloabder-20&linkCode=osi&th=1&psc=1"><img src="https://m.media-amazon.com/images/I/61UmpTb+DVS._SL500_.jpg" alt="Product Image"></a><p>42Pcs 10"x10" Quilting Cotton Fabric Squares Sheets Pre-Cut Multi-Color Design Printed Floral Craft Fabric for DIY Sewing Scrapbooking Quilting Craft Patchwork (Red/Pink/Yellow/Green/Blue/Purple)</p><p>$12.88</p><a href="https://www.amazon.com/dp/B093BQ3GMM?tag=eloabder-20&linkCode=osi&th=1&psc=1">View Product</a></div><div class="product"><a href="https://www.amazon.com/dp/B08DTBZTFC?tag=eloabder-20&linkCode=osi&th=1&psc=1"><img src="https://m.media-amazon.com/images/I/41NKhg34TpL._SL500_.jpg" alt="Product Image"></a><p>Master FAB -Black 100% Cotton Fabric by The Yard for Sewing DIY Crafting Fashion Design Washable Cloth Bundles Voile;Full Width cuttable39 x 55inches (100x140cm) (Black Solid)</p><p>$9.99</p><a href="https://www.amazon.com/dp/B08DTBZTFC?tag=eloabder-20&linkCode=osi&th=1&psc=1">View Product</a></div>
<div class="product"><a href="https://www.amazon.com/dp/B08TZZ7F3P?tag=eloabder-20&linkCode=osi&th=1&psc=1"><img src="https://m.media-amazon.com/images/I/41J8e8Zfz1S._SL500_.jpg" alt="Product Image"></a><p>Hdviai Macrame Cord - Natural Unbleached Macrame Rope - 4 Strand Twisted Cotton Rope for Wall Hanging，DIY Craft Making，Plant Hangers，Knotting Decorative Projects (White, 8mm x 20 Yards)</p><p>$9.99 ($0.17 / Foot)</p><a href="https://www.amazon.com/dp/B08TZZ7F3P?tag=eloabder-20&linkCode=osi&th=1&psc=1">View Product</a></div><div class="product"><a href="https://www.amazon.com/dp/B094Y2M3G5?tag=eloabder-20&linkCode=osi&th=1&psc=1"><img src="https://m.media-amazon.com/images/I/51C-4p5OSsS._SL500_.jpg" alt="Product Image"></a><p>SEMINI 100% Natural Cotton Cord,5mm x40 Yard Mixed Color Twine String Cord Colored Cotton Rope Craft Cord for DIY Crafts Knitting Plant Hangers Christmas Wedding Decorate (Mix Color)</p><p>$12.99</p><a href="https://www.amazon.com/dp/B094Y2M3G5?tag=eloabder-20&linkCode=osi&th=1&psc=1">View Product</a></div><div class="product"><a href="https://www.amazon.com/dp/B07NTT82FH?tag=eloabder-20&linkCode=osi&th=1&psc=1"><img src="https://m.media-amazon.com/images/I/41aw9F3nkmL._SL500_.jpg" alt="Product Image"></a><p>Feelmate 6mm x 164 Feet Cotton Rope Macrame Cord for Crafts Jewelry Making Home Decoration Gift Wrapping</p><p>$14.99 ($0.09 / Foot)</p><a href="https://www.amazon.com/dp/B07NTT82FH?tag=eloabder-20&linkCode=osi&th=1&psc=1">View Product</a></div><div class="product"><a href="https://www.amazon.com/dp/B09KRYCT3B?tag=eloabder-20&linkCode=osi&th=1&psc=1"><img src="https://m.media-amazon.com/images/I/41H918apC-L._SL500_.jpg" alt="Product Image"></a><p>Natural Cotton Rope, JEUIHAU 328 Feet 1/4 Inch Cotton Clothesline Rope, All-Purpose Braided Cotton Rope Utility Cord for Clothes Hanging, Crafting, Macrame, Basket Making, and DIY Art Projects</p><p>$25.99 ($0.08 / Foot)</p><a href="https://www.amazon.com/dp/B09KRYCT3B?tag=eloabder-20&linkCode=osi&th=1&psc=1">View Product</a></div>
<div class="product"><a href="https://www.amazon.com/dp/B07RRD6TBN?tag=eloabder-20&linkCode=osi&th=1&psc=1"><img src="https://m.media-amazon.com/images/I/31YqtfxjDuL._SL500_.jpg" alt="Product Image"></a><p>Connecting Threads 100% Cotton Thread - 1200 Yard Spool (White)</p><p>$8.99</p><a href="https://www.amazon.com/dp/B07RRD6TBN?tag=eloabder-20&linkCode=osi&th=1&psc=1">View Product</a></div><div class="product"><a href="https://www.amazon.com/dp/B07G4N3HCZ?tag=eloabder-20&linkCode=osi&th=1&psc=1"><img src="https://m.media-amazon.com/images/I/413UnNketKL._SL500_.jpg" alt="Product Image"></a><p>2-Pack - Gutermann Natural Cotton Thread Solids 876 Yards Each - White (800C 5709)</p><p>$16.17 ($8.08 / Count)</p><a href="https://www.amazon.com/dp/B07G4N3HCZ?tag=eloabder-20&linkCode=osi&th=1&psc=1">View Product</a></div><div class="product"><a href="https://www.amazon.com/dp/B07RSFSYLY?tag=eloabder-20&linkCode=osi&th=1&psc=1"><img src="https://m.media-amazon.com/images/I/31dM1Mx2uIL._SL500_.jpg" alt="Product Image"></a><p>Connecting Threads 100% Cotton Essential Thread 5000 Yard Cone (White)</p><p>$16.99</p><a href="https://www.amazon.com/dp/B07RSFSYLY?tag=eloabder-20&linkCode=osi&th=1&psc=1">View Product</a></div><div class="product"><a href="https://www.amazon.com/dp/B074H1JTPK?tag=eloabder-20&linkCode=osi&th=1&psc=1"><img src="https://m.media-amazon.com/images/I/41tOL4rkfFL._SL500_.jpg" alt="Product Image"></a><p>Simthread 12 Multi Colors 100% Cotton Sewing Thread 50s/3 Thread for Quilting etc - 550 Yards Each 12C02</p><p>$21.99 ($0.00 / Foot)</p><a href="https://www.amazon.com/dp/B074H1JTPK?tag=eloabder-20&linkCode=osi&th=1&psc=1">View Product</a></div><div class="product"><a href="https://www.amazon.com/dp/B07RPCNYXW?tag=eloabder-20&linkCode=osi&th=1&psc=1"><img src="https://m.media-amazon.com/images/I/41iUqMPb-gL._SL500_.jpg" alt="Product Image"></a><p>Connecting Threads 100% Cotton Thread - 1200 Yard Spool (Red)</p><p>$8.99</p><a href="https://www.amazon.com/dp/B07RPCNYXW?tag=eloabder-20&linkCode=osi&th=1&psc=1">View Product</a></div>
<div class="product"><a href="https://www.amazon.com/dp/B09SL5LT8W?tag=eloabder-20&linkCode=osi&th=1&psc=1"><img src="https://m.media-amazon.com/images/I/512Dhz0oTrL._SL500_.jpg" alt="Product Image"></a><p>B-7000 Glue Clear for Rhinestone Crafts, Jewelry and Bead Adhesive B7000 Semi Fluid High Viscosity Glues for Clothes Shoes Fabric Cell Phones Screen Repair Metal Stone Nail Art Glass (4x15 ml/0.5 oz)</p><p>$5.45</p><a href="https://www.amazon.com/dp/B09SL5LT8W?tag=eloabder-20&linkCode=osi&th=1&psc=1">View Product</a></div><div class="product"><a href="https://www.amazon.com/dp/B00178KLEY?tag=eloabder-20&linkCode=osi&th=1&psc=1"><img src="https://m.media-amazon.com/images/I/31wcgL5xRkL._SL500_.jpg" alt="Product Image"></a><p>Aleene's All Purpose Tacky Glue, 8-Ounce</p><p>$2.44 ($0.30 / Fl Oz)</p><a href="https://www.amazon.com/dp/B00178KLEY?tag=eloabder-20&linkCode=osi&th=1&psc=1">View Product</a></div><div class="product"><a href="https://www.amazon.com/dp/B088NN5GD8?tag=eloabder-20&linkCode=osi&th=1&psc=1"><img src="https://m.media-amazon.com/images/I/417dgxV3dfL._SL500_.jpg" alt="Product Image"></a><p>Bearly Art Precision Craft Glue - The Mini - 2fl oz with Tip Kit - Acid Free Archival - Strong Hold Adhesive - Ideal for Fine Paper Crafting Scrapbooking and Card Making - Made in USA</p><p>$12.99</p><a href="https://www.amazon.com/dp/B088NN5GD8?tag=eloabder-20&linkCode=osi&th=1&psc=1">View Product</a></div><div class="product"><a href="https://www.amazon.com/dp/B000BY6THS?tag=eloabder-20&linkCode=osi&th=1&psc=1"><img src="https://m.media-amazon.com/images/I/41WhjtET6sL._SL500_.jpg" alt="Product Image"></a><p>Aleene's Clear Gel Tacky Glue 4oz</p><p>$2.33</p><a href="https://www.amazon.com/dp/B000BY6THS?tag=eloabder-20&linkCode=osi&th=1&psc=1">View Product</a></div><div class="product"><a href="https://www.amazon.com/dp/B00KD6ZHA4?tag=eloabder-20&linkCode=osi&th=1&psc=1"><img src="https://m.media-amazon.com/images/I/31oecXt0Q+L._SL500_.jpg" alt="Product Image"></a><p>Aleene's Gel Glue, 8-Ounce, Clear</p><p>$4.44 ($0.56 / Fl Oz)</p><a href="https://www.amazon.com/dp/B00KD6ZHA4?tag=eloabder-20&linkCode=osi&th=1&psc=1">View Product</a></div><div class="product"><a href="https://www.amazon.com/dp/B07Y6RWHP1?tag=eloabder-20&linkCode=osi&th=1&psc=1"><img src="https://m.media-amazon.com/images/I/41B6C8VaOWL._SL500_.jpg" alt="Product Image"></a><p>Bearly Art Precision Craft Glue - The Original - 4fl oz - Tip Kit Included - Dries Clear - Metal Tip - Wrinkle Resistant - Flexible and Crack Resistant - Strong Hold Adhesive - Made in USA</p><p>$19.99 ($5.00 / Fl Oz)</p><a href="https://www.amazon.com/dp/B07Y6RWHP1?tag=eloabder-20&linkCode=osi&th=1&psc=1">View Product</a></div><div class="product"><a href="https://www.amazon.com/dp/B0D1BYTYWD?tag=eloabder-20&linkCode=osi&th=1&psc=1"><img src="https://m.media-amazon.com/images/I/41P6pr3DnTL._SL500_.jpg" alt="Product Image"></a><p>Joez Wonderful 6 Sheets Foam Adhesive Squares, 990pcs Total Double Sided Self Adhesive Dots, Precut Squares Strips Foam Tape for DIY Arts & Crafts, 2 Sizes (0.47in/12mm, 0.24in/6mm)</p><p>$5.59</p><a href="https://www.amazon.com/dp/B0D1BYTYWD?tag=eloabder-20&linkCode=osi&th=1&psc=1">View Product</a></div><div class="product"><a href="https://www.amazon.com/dp/B001683NAO?tag=eloabder-20&linkCode=osi&th=1&psc=1"><img src="https://m.media-amazon.com/images/I/31cwr-m138L._SL500_.jpg" alt="Product Image"></a><p>BEACON 3-in-1 Advanced Craft Glue - Fast-Drying, Crystal Clear Adhesive for Wood, Ceramics, Fabrics, and More, 4-Ounce</p><p>$8.99 ($2.25 / Fl Oz)</p><a href="https://www.amazon.com/dp/B001683NAO?tag=eloabder-20&linkCode=osi&th=1&psc=1">View Product</a></div><div class="product"><a href="https://www.amazon.com/dp/B0C5CB2KCT?tag=eloabder-20&linkCode=osi&th=1&psc=1"><img src="https://m.media-amazon.com/images/I/51GvFpuq9BL._SL500_.jpg" alt="Product Image"></a><p>B-7000 Craft Glue for Jewelry Making - 15ml/0.5oz (2 Pack) - Multi-Function B-7000 Super Adhesive Glues Liquid Fusion Glue for Rhinestones Crafts, Clothes Shoes, Fabric, Jewelry Making, Cell Phones</p><p>$5.99</p><a href="https://www.amazon.com/dp/B0C5CB2KCT?tag=eloabder-20&linkCode=osi&th=1&psc=1">View Product</a></div><div class="product"><a href="https://www.amazon.com/dp/B0011N832C?tag=eloabder-20&linkCode=osi&th=1&psc=1"><img src="https://m.media-amazon.com/images/I/41VYA3-u1QL._SL500_.jpg" alt="Product Image"></a><p>Glue Dots, Craft Dots, Double-Sided, 1/2", .5 Inch, 200 Dots, DIY Craft Glue Tape, Sticky Adhesive Glue Points, Liquid Hot Glue Alternative, Clear</p><p>$4.88 ($0.02 / Count)</p><a href="https://www.amazon.com/dp/B0011N832C?tag=eloabder-20&linkCode=osi&th=1&psc=1">View Product</a></div>
<div class="product"><a href="https://www.amazon.com/dp/B07V3HLBVF?tag=eloabder-20&linkCode=osi&th=1&psc=1"><img src="https://m.media-amazon.com/images/I/41siDRjPEoL._SL500_.jpg" alt="Product Image"></a><p>bagmad 100 Pack 8x4.75x10 inch Plain Medium Paper Bags with Handles Bulk, Brown Kraft Bags, Craft Gift Bags, Grocery Shopping Retail Bags, Birthday Party Favors Wedding Bags Sacks (Brown, 100pcs)</p><p>$26.46 ($0.26 / Count)</p><a href="https://www.amazon.com/dp/B07V3HLBVF?tag=eloabder-20&linkCode=osi&th=1&psc=1">View Product</a></div><div class="product"><a href="https://www.amazon.com/dp/B07MLM81VG?tag=eloabder-20&linkCode=osi&th=1&psc=1"><img src="https://m.media-amazon.com/images/I/31j9z9qZ3mL._SL500_.jpg" alt="Product Image"></a><p>Qutuus Kraft Paper Bags with Handles Bulk 8x4.5x10 100 pcs Brown Paper Gift Bags Bulk Medium Size Kraft Bags, Brown Bags, Shopping Bags, Retail Bags, Craft Bags for Small Business</p><p>$25.99</p><a href="https://www.amazon.com/dp/B07MLM81VG?tag=eloabder-20&linkCode=osi&th=1&psc=1">View Product</a></div><div class="product"><a href="https://www.amazon.com/dp/B0CJ8PHN2Z?tag=eloabder-20&linkCode=osi&th=1&psc=1"><img src="https://m.media-amazon.com/images/I/41e7VEiBNIL._SL500_.jpg" alt="Product Image"></a><p>100 Pack 5.8x3.2x8.25 Inch Brown Kraft Paper Gift Bags with Handles - Bulk Small Plain Natural Bags for Birthday Party Favors, Grocery, Retail Shopping, Wedding, Craft, Goody, Takeouts, and Business</p><p>$18.99</p><a href="https://www.amazon.com/dp/B0CJ8PHN2Z?tag=eloabder-20&linkCode=osi&th=1&psc=1">View Product</a></div><div class="product"><a href="https://www.amazon.com/dp/B0BWMY43TD?tag=eloabder-20&linkCode=osi&th=1&psc=1"><img src="https://m.media-amazon.com/images/I/41FVul0hWRL._SL500_.jpg" alt="Product Image"></a><p>Brothersbox Brown Paper Bags with Handles Bulk 100PCS Kraft Paper Bags, 8 * 4.76 * 10 Inch Medium Craft Paper Gift Bags for Birthday Party Grocery Retail Shopping Business</p><p>$24.99</p><a href="https://www.amazon.com/dp/B0BWMY43TD?tag=eloabder-20&linkCode=osi&th=1&psc=1">View Product</a></div><div class="product"><a href="https://www.amazon.com/dp/B0C13GRG4D?tag=eloabder-20&linkCode=osi&th=1&psc=1"><img src="https://m.media-amazon.com/images/I/41L33B24HtL._SL500_.jpg" alt="Product Image"></a><p>Toovip 90 Pack Plain Brown Kraft Paper Bags with Handles Bulk, Multiple 3 Assorted Sizes Gift Bags for Favors Grocery Retail Party Birthday Shopping Business Goody Craft Merchandise Take Out Sacks</p><p>$26.99 ($0.30 / Count)</p><a href="https://www.amazon.com/dp/B0C13GRG4D?tag=eloabder-20&linkCode=osi&th=1&psc=1">View Product</a></div><div class="product"><a href="https://www.amazon.com/dp/B09Z2N3QKT?tag=eloabder-20&linkCode=osi&th=1&psc=1"><img src="https://m.media-amazon.com/images/I/416VQ3Ke3PL._SL500_.jpg" alt="Product Image"></a><p>Moretoes 40pcs Brown Paper Bags with Handles Assorted Size Gift Bags, Kraft Paper Bags, Paper Shopping Bags, Craft Bags, Merchandise Bags</p><p>$20.99</p><a href="https://www.amazon.com/dp/B09Z2N3QKT?tag=eloabder-20&linkCode=osi&th=1&psc=1">View Product</a></div><div class="product"><a href="https://www.amazon.com/dp/B0CHMTKBWS?tag=eloabder-20&linkCode=osi&th=1&psc=1"><img src="https://m.media-amazon.com/images/I/31QBYQW7LOL._SL500_.jpg" alt="Product Image"></a><p>Oikss 100 Pack 10x5x13 Plain Natural Brown Kraft Paper Bags with Handles Bulk for Birthday Party Favors Grocery Retail Shopping Business Goody Recycled Craft Gift Bags (Large Size, 100 Count)</p><p>$30.99</p><a href="https://www.amazon.com/dp/B0CHMTKBWS?tag=eloabder-20&linkCode=osi&th=1&psc=1">View Product</a></div><div class="product"><a href="https://www.amazon.com/dp/B0CRD6RXP3?tag=eloabder-20&linkCode=osi&th=1&psc=1"><img src="https://m.media-amazon.com/images/I/51lEnA2mgNL._SL500_.jpg" alt="Product Image"></a><p>XPCARE 100Pack Brown Paper Bags 8x4.5x10 Inch, Plain Medium Paper Bags with Handles Bulk, Kraft Paper Gift Bags, Retail Bags, Party Bags, Shopping Bags, Favor Bags</p><p>$19.99</p><a href="https://www.amazon.com/dp/B0CRD6RXP3?tag=eloabder-20&linkCode=osi&th=1&psc=1">View Product</a></div><div class="product"><a href="https://www.amazon.com/dp/B07V3J3Y5V?tag=eloabder-20&linkCode=osi&th=1&psc=1"><img src="https://m.media-amazon.com/images/I/41wn1f3QStL._SL500_.jpg" alt="Product Image"></a><p>bagmad 100 Pack 5.25x3.25x8 inch Brown Small Paper Bags with Handles Bulk, Gift Paper Bags, Kraft Birthday Party Favors Grocery Retail Shopping Craft Bags Takeouts Business (Plain Natural 100pcs)</p><p>$20.99 ($0.21 / Count)</p><a href="https://www.amazon.com/dp/B07V3J3Y5V?tag=eloabder-20&linkCode=osi&th=1&psc=1">View Product</a></div><div class="product"><a href="https://www.amazon.com/dp/B09HBN5248?tag=eloabder-20&linkCode=osi&th=1&psc=1"><img src="https://m.media-amazon.com/images/I/41iWymlepRL._SL500_.jpg" alt="Product Image"></a><p>Oikss 100 Pack 5.25x3.25x8.25 Inch Small Plain Natural Paper Kraft Gift Bags with Handles Bulk for Birthday Party Favors Grocery Retail Shopping Business Goody Craft Bags Cub (Brown 100 Count)</p><p>$20.99 ($0.21 / Count)</p><a href="https://www.amazon.com/dp/B09HBN5248?tag=eloabder-20&linkCode=osi&th=1&psc=1">View Product</a></div>
<div class="product"><a href="https://www.amazon.com/dp/B09C1YL7RQ?tag=eloabder-20&linkCode=osi&th=1&psc=1"><img src="https://m.media-amazon.com/images/I/615lFU8obCL._SL500_.jpg" alt="Product Image"></a><p>1000+ pcs Pony Beads, Multi-Colored Bracelet Beads for Hair Braids, Crafts, Plastic Beads (Medium Pack, Classic)…</p><p>$6.99 ($0.01 / Count)</p><a href="https://www.amazon.com/dp/B09C1YL7RQ?tag=eloabder-20&linkCode=osi&th=1&psc=1">View Product</a></div>
<div class="product"><a href="https://www.amazon.com/dp/B0C1RC5Y7F?tag=eloabder-20&linkCode=osi&th=1&psc=1"><img src="https://m.media-amazon.com/images/I/41Sf-YEnE+L._SL500_.jpg" alt="Product Image"></a><p>PerkHomy Brown Kraft Paper Roll 17.5" x 1,200" (100') for Gift Wrapping Bulletin Board Kids Craft Art Bouquet Flower Packing Moving Shipping Floor Covering Table 70GSM 50LB (Brown, 17.5" x 100')</p><p>$5.98</p><a href="https://www.amazon.com/dp/B0C1RC5Y7F?tag=eloabder-20&linkCode=osi&th=1&psc=1">View Product</a></div>
<div class="product"><a href="https://www.amazon.com/dp/B0044SA67G?tag=eloabder-20&linkCode=osi&th=1&psc=1"><img src="https://m.media-amazon.com/images/I/51UEqn6-w3L._SL500_.jpg" alt="Product Image"></a><p>Hygloss Products - 77640 Colorful Blank Books – Books for Journaling, Sketching, Writing & More – Great for Arts & Crafts - 10 Assorted Bright, Fun Colors - Pocket-Size - 4.25 x 5.5 Inches - 10 Pack</p><p>$8.18 ($0.82 / Count)</p><a href="https://www.amazon.com/dp/B0044SA67G?tag=eloabder-20&linkCode=osi&th=1&psc=1">View Product</a></div><div class="product"><a href="https://www.amazon.com/dp/B09WQCHK3M?tag=eloabder-20&linkCode=osi&th=1&psc=1"><img src="https://m.media-amazon.com/images/I/61JMYPiYGRL._SL500_.jpg" alt="Product Image"></a><p>Aigybobo Origami Paper Set, 308PCS Kids Craft Paper Kit with Instructional Book for Girls Age 6,7,8,9,10,11,12, Art Projects Supplies for School Class Craft Lessons- Christmas Gifts for Boys&Girls</p><p>$12.99</p><a href="https://www.amazon.com/dp/B09WQCHK3M?tag=eloabder-20&linkCode=osi&th=1&psc=1">View Product</a></div><div class="product"><a href="https://www.amazon.com/dp/B00I7E56NC?tag=eloabder-20&linkCode=osi&th=1&psc=1"><img src="https://m.media-amazon.com/images/I/21cxSReF5yL._SL500_.jpg" alt="Product Image"></a><p>Hygloss Products White Blank Books – Great Books for Journaling, Sketching, Writing & More – Fun for Arts & Crafts - Pocket-size - 4.25 x 5.5 Inches - 10 Pack</p><p>$13.00</p><a href="https://www.amazon.com/dp/B00I7E56NC?tag=eloabder-20&linkCode=osi&th=1&psc=1">View Product</a></div><div class="product"><a href="https://www.amazon.com/dp/B07YGRCXVT?tag=eloabder-20&linkCode=osi&th=1&psc=1"><img src="https://m.media-amazon.com/images/I/51Oxy0SqbES._SL500_.jpg" alt="Product Image"></a><p>Origami Paper | 350 Origami Paper Kit | Set Includes - 300 Sheets 20 Colors 6x6 | 50 Traditional Japanese Patterns | Origami Book 25 Easy Colored Projects | Kids Crafts | Christmas Gifts for boys 8-12</p><p>$17.99</p><a href="https://www.amazon.com/dp/B07YGRCXVT?tag=eloabder-20&linkCode=osi&th=1&psc=1">View Product</a></div><div class="product"><a href="https://www.amazon.com/dp/B07VDCVN3T?tag=eloabder-20&linkCode=osi&th=1&psc=1"><img src="https://m.media-amazon.com/images/I/516u8vopNML._SL500_.jpg" alt="Product Image"></a><p>Gamenote Colorful Origami Kit for Kids 54 Projects 120 Double Sided Origami Paper 12 Sheets Practice Papers Instructional Origami Book Origami Gift for 4+ Girls Boys Adult Beginners Training Craft</p><p>$11.99</p><a href="https://www.amazon.com/dp/B07VDCVN3T?tag=eloabder-20&linkCode=osi&th=1&psc=1">View Product</a></div>



<div class="product"><a href="https://www.amazon.com/dp/B01GCLS32M?tag=eloabder-20&linkCode=osi&th=1&psc=1"><img src="https://m.media-amazon.com/images/I/51xf1ALKGyL._SL500_.jpg" alt="Product Image"></a><p>42pcs Felt Fabric Sheet 4"x4" Assorted Color DIY Craft Squares Nonwoven 1mm Thick</p><p>$6.68</p><a href="https://www.amazon.com/dp/B01GCLS32M?tag=eloabder-20&linkCode=osi&th=1&psc=1">View Product</a></div><div class="product"><a href="https://www.amazon.com/dp/B0CY56NFL7?tag=eloabder-20&linkCode=osi&th=1&psc=1"><img src="https://m.media-amazon.com/images/I/51jZtTDxNCL._SL500_.jpg" alt="Product Image"></a><p>XSEINO 12 Rolls 8"x35"(20.5x90cm) 1.4mm Thick Soft Felt Fabric Sheet 12 Assorted Colors Felt Pack for DIY Craft Sewing Squares Nonwoven Patchwork</p><p>$11.99</p><a href="https://www.amazon.com/dp/B0CY56NFL7?tag=eloabder-20&linkCode=osi&th=1&psc=1">View Product</a></div><div class="product"><a href="https://www.amazon.com/dp/B07VHMT14L?tag=eloabder-20&linkCode=osi&th=1&psc=1"><img src="https://m.media-amazon.com/images/I/61DSrnEAvjL._SL500_.jpg" alt="Product Image"></a><p>150Pcs 4" x 4" (10cm x 10cm) Cotton Craft Fabric Bundle Squares,Squares Sheets Patchwork,Pre-Cut Quilt Squares,DIY Sewing Quarters Bundle,Quilting Fabric Bundles</p><p>$9.99</p><a href="https://www.amazon.com/dp/B07VHMT14L?tag=eloabder-20&linkCode=osi&th=1&psc=1">View Product</a></div><div class="product"><a href="https://www.amazon.com/dp/B08GJHYMGN?tag=eloabder-20&linkCode=osi&th=1&psc=1"><img src="https://m.media-amazon.com/images/I/51wD1FT1eeL._SL500_.jpg" alt="Product Image"></a><p>50pcs 8 x 8 inches Multicolor Cotton Fabric Bundle Squares for Quilting Sewing, Precut Fabric Squares for Craft Patchwork</p><p>$13.77</p><a href="https://www.amazon.com/dp/B08GJHYMGN?tag=eloabder-20&linkCode=osi&th=1&psc=1">View Product</a></div><div class="product"><a href="https://www.amazon.com/dp/B0C6K98T96?tag=eloabder-20&linkCode=osi&th=1&psc=1"><img src="https://m.media-amazon.com/images/I/51M-+hitpAL._SL500_.jpg" alt="Product Image"></a><p>42pcs 6 x 6 inches Felt Fabric Sheets - Fabrics DIY Craftwork Sewing Patchwork, Felt Crafts Assorted Colour Polyester Felt Sheet for Art and Craft</p><p>$4.99</p><a href="https://www.amazon.com/dp/B0C6K98T96?tag=eloabder-20&linkCode=osi&th=1&psc=1">View Product</a></div><div class="product"><a href="https://www.amazon.com/dp/B0C9BYD9ND?tag=eloabder-20&linkCode=osi&th=1&psc=1"><img src="https://m.media-amazon.com/images/I/418r7XqmEKL._SL500_.jpg" alt="Product Image"></a><p>40Pcs Felt Fabric Sheets - 4x4 inch DIY Craft Felt, 1mm Thick Non-Woven Patchwork Material for School Projects & Decoration - 40 Assorted Colors (10 x 10cm)</p><p>$4.99</p><a href="https://www.amazon.com/dp/B0C9BYD9ND?tag=eloabder-20&linkCode=osi&th=1&psc=1">View Product</a></div><div class="product"><a href="https://www.amazon.com/dp/B0BWRN4RHP?tag=eloabder-20&linkCode=osi&th=1&psc=1"><img src="https://m.media-amazon.com/images/I/51HHQcV3njL._SL500_.jpg" alt="Product Image"></a><p>Large Stiff Felt Sheets Bundle: LOTOFUN 10pcs 8x35Inch Assorted Rainbow Color Felts Sheet for Kids Crafts Squares Nonwoven Patchwork DIY Sewing</p><p>$11.99</p><a href="https://www.amazon.com/dp/B0BWRN4RHP?tag=eloabder-20&linkCode=osi&th=1&psc=1">View Product</a></div>
<div class="product"><a href="https://www.amazon.com/dp/B003U6QIUC?tag=eloabder-20&linkCode=osi&th=1&psc=1"><img src="https://m.media-amazon.com/images/I/51PyPJgIPlL._SL500_.jpg" alt="Product Image"></a><p>School Smart 85836 Maribu Feathers - 1/2 Ounce - Set of 150 - Assorted Colors</p><p>$3.52</p><a href="https://www.amazon.com/dp/B003U6QIUC?tag=eloabder-20&linkCode=osi&th=1&psc=1">View Product</a></div>
<div class="product"><a href="https://www.amazon.com/dp/B089DPDYKV?tag=eloabder-20&linkCode=osi&th=1&psc=1"><img src="https://m.media-amazon.com/images/I/51L58by1dXL._SL500_.jpg" alt="Product Image"></a><p>Better Office Products 100 Pack EVA Foam Sheets, 5.5 x 8.5 Inch, Assorted Colors (20 Colors), 2mm Thick, for Arts and Crafts, 100 Sheets</p><p>$13.99 ($0.14 / Count)</p><a href="https://www.amazon.com/dp/B089DPDYKV?tag=eloabder-20&linkCode=osi&th=1&psc=1">View Product</a></div><div class="product"><a href="https://www.amazon.com/dp/B08YXYN327?tag=eloabder-20&linkCode=osi&th=1&psc=1"><img src="https://m.media-amazon.com/images/I/41VfV+-ZFTL._SL500_.jpg" alt="Product Image"></a><p>EVA Foam Cosplay - 2mm (1mm to 10mm) - Black or White - 14" x 39" Sheet - Ultra High Density Craft Foam 85 kg/m3 - by The Foamory</p><p>$14.99</p><a href="https://www.amazon.com/dp/B08YXYN327?tag=eloabder-20&linkCode=osi&th=1&psc=1">View Product</a></div><div class="product"><a href="https://www.amazon.com/dp/B0CMTJDYRN?tag=eloabder-20&linkCode=osi&th=1&psc=1"><img src="https://m.media-amazon.com/images/I/310JuSzt+mL._SL500_.jpg" alt="Product Image"></a><p>Do²ping White Foam Sheets Crafts, 8.5x5.5 Inch Eva Craft Foam Paper for Crafts Project Classroom Scrapbook DIY Cosplay (White-10 Sheets)</p><p>$4.89 ($0.49 / Count)</p><a href="https://www.amazon.com/dp/B0CMTJDYRN?tag=eloabder-20&linkCode=osi&th=1&psc=1">View Product</a></div><div class="product"><a href="https://www.amazon.com/dp/B0C8B6N9TG?tag=eloabder-20&linkCode=osi&th=1&psc=1"><img src="https://m.media-amazon.com/images/I/51j0TiXHCTL._SL500_.jpg" alt="Product Image"></a><p>120 Pack EVA Foam Sheets, 8 x 6 Inch, 1mm Thick, Assorted 15 Colors Craft Foam Paper for School Supply and DIY Handcraft Projects</p><p>$15.99 ($0.13 / Count)</p><a href="https://www.amazon.com/dp/B0C8B6N9TG?tag=eloabder-20&linkCode=osi&th=1&psc=1">View Product</a></div>
<div class="product"><a href="https://www.amazon.com/dp/B01EK7LGH4?tag=eloabder-20&linkCode=osi&th=1&psc=1"><img src="https://m.media-amazon.com/images/I/41Xx+D+j6XL._SL500_.jpg" alt="Product Image"></a><p>Aleene's 3 Pack, 8 oz Tacky Glue, 8 FL OZ, Original Version 3 Count</p><p>$11.17 ($0.47 / Fl Oz)</p><a href="https://www.amazon.com/dp/B01EK7LGH4?tag=eloabder-20&linkCode=osi&th=1&psc=1">View Product</a></div><div class="product"><a href="https://www.amazon.com/dp/B0D59G56SG?tag=eloabder-20&linkCode=osi&th=1&psc=1"><img src="https://m.media-amazon.com/images/I/41BsDwUSwdL._SL500_.jpg" alt="Product Image"></a><p>4oz Craft Glue & Precision Tips, Strong Tacky Glue, Craft Glue Bottles with Fine Tip, Craft Glue Dry Clear, Fabric Glue Permanent for Paper Crafting Scrapbooking/Card Making/Etc</p><p>$8.58</p><a href="https://www.amazon.com/dp/B0D59G56SG?tag=eloabder-20&linkCode=osi&th=1&psc=1">View Product</a></div><div class="product"><a href="https://www.amazon.com/dp/B004DNX6EW?tag=eloabder-20&linkCode=osi&th=1&psc=1"><img src="https://m.media-amazon.com/images/I/51RkAeJv5hL._SL500_.jpg" alt="Product Image"></a><p>ELMERS CraftBond Extra Strength Glue Sticks, 6 Grams, 4 Count</p><p>$9.89 ($2.47 / Count)</p><a href="https://www.amazon.com/dp/B004DNX6EW?tag=eloabder-20&linkCode=osi&th=1&psc=1">View Product</a></div>
<div class="product"><a href="https://www.amazon.com/dp/B01ELWWX98?tag=eloabder-20&linkCode=osi&th=1&psc=1"><img src="https://m.media-amazon.com/images/I/51g67GhksOL._SL500_.jpg" alt="Product Image"></a><p>Maybe Swearing Will Help Adult Coloring Book Set - for Adults Relaxation with Markers in a Case - Motivational Swear Word Anxiety Relief - Color Cuss & Laugh Your Way to Less Stress</p><p>$24.99</p><a href="https://www.amazon.com/dp/B01ELWWX98?tag=eloabder-20&linkCode=osi&th=1&psc=1">View Product</a></div><div class="product"><a href="https://www.amazon.com/dp/B09X1YX59W?tag=eloabder-20&linkCode=osi&th=1&psc=1"><img src="https://m.media-amazon.com/images/I/61Cr68venIL._SL500_.jpg" alt="Product Image"></a><p>Hula Home Stained Glass Mandala Art Kit - DIY Window Clings with Markers, 10 Suncatchers - Perfect Hobby for Adults, Kids, Teens & Seniors - Ideal Gift for Beginners, Women & Elderly</p><p>$15.99</p><a href="https://www.amazon.com/dp/B09X1YX59W?tag=eloabder-20&linkCode=osi&th=1&psc=1">View Product</a></div><div class="product"><a href="https://www.amazon.com/dp/B0CGD74KX7?tag=eloabder-20&linkCode=osi&th=1&psc=1"><img src="https://m.media-amazon.com/images/I/51rNpMlv3wL._SL500_.jpg" alt="Product Image"></a><p>Shimmer Markers Outline Double Line: 12 Colors Metallic Glitter Pens Set Sparkle Kid Age 4 8 10 14 16 Year Old Gift Doodle Drawing Supplies Art Craft Teen Girl Cute Stuff Mother's Day Basket Ideas</p><p>$9.99</p><a href="https://www.amazon.com/dp/B0CGD74KX7?tag=eloabder-20&linkCode=osi&th=1&psc=1">View Product</a></div>

<div class="product"><a href="https://www.amazon.com/dp/B08395C5GC?tag=eloabder-20&linkCode=osi&th=1&psc=1"><img src="https://m.media-amazon.com/images/I/61OgJOjMgQL._SL500_.jpg" alt="Product Image"></a><p>hapray Origami Kit 144 sheets Origami Paper for Kids 72 Patterns with Craft Guiding Book</p><p>$13.97</p><a href="https://www.amazon.com/dp/B08395C5GC?tag=eloabder-20&linkCode=osi&th=1&psc=1">View Product</a></div><div class="product"><a href="https://www.amazon.com/dp/B098WP659T?tag=eloabder-20&linkCode=osi&th=1&psc=1"><img src="https://m.media-amazon.com/images/I/61D4gTo+S1L._SL500_.jpg" alt="Product Image"></a><p>pigipigi Craft Origami Paper for Kids - 208 Sheets Vivid Colorful Folding Papers 54 Patterns Art Projects Kit for 5 6 7 8 9 10 11 12 Years Old Girl Boy Teen Birthday Gift Preschool Educational Toy</p><p>$11.99</p><a href="https://www.amazon.com/dp/B098WP659T?tag=eloabder-20&linkCode=osi&th=1&psc=1">View Product</a></div>
<div class="product"><a href="https://www.amazon.com/dp/B08TWGWRG4?tag=eloabder-20&linkCode=osi&th=1&psc=1"><img src="https://m.media-amazon.com/images/I/51KMwCTx2eL._SL500_.jpg" alt="Product Image"></a><p>Homum 200pcs Premium Gift Tags with 200 Root Natural Jute Twine, Double-Sided Available Kraft Paper Price Tags, Craft Tags Labels Jewelry Tags with String for Wedding Christmas Day Thanksgiving</p><p>$5.99</p><a href="https://www.amazon.com/dp/B08TWGWRG4?tag=eloabder-20&linkCode=osi&th=1&psc=1">View Product</a></div><div class="product"><a href="https://www.amazon.com/dp/B0BNG993ZV?tag=eloabder-20&linkCode=osi&th=1&psc=1"><img src="https://m.media-amazon.com/images/I/51xRPDQUVHL._SL500_.jpg" alt="Product Image"></a><p>200 Pack 2.2 Inch Wood Tags with Hole and Twine, Clipped Corner Rectangle Wooden Gifts Tag for Crafts Unfinished Labels (1.2x2.2 in)</p><p>$9.99 ($0.05 / Count)</p><a href="https://www.amazon.com/dp/B0BNG993ZV?tag=eloabder-20&linkCode=osi&th=1&psc=1">View Product</a></div><div class="product"><a href="https://www.amazon.com/dp/B07N1T58K9?tag=eloabder-20&linkCode=osi&th=1&psc=1"><img src="https://m.media-amazon.com/images/I/41dUfeOE8BL._SL500_.jpg" alt="Product Image"></a><p>2.5" x 3" Vintage Frame Brown Kraft Present Tag Sticker / 250 Present Labels/Canning Packaging Organization Label/Made in The USA</p><p>$15.99</p><a href="https://www.amazon.com/dp/B07N1T58K9?tag=eloabder-20&linkCode=osi&th=1&psc=1">View Product</a></div>
<div class="product"><a href="https://www.amazon.com/dp/B08Y8YRXVQ?tag=eloabder-20&linkCode=osi&th=1&psc=1"><img src="https://m.media-amazon.com/images/I/51DyT7Dd1BL._SL500_.jpg" alt="Product Image"></a><p>72 Pieces Craft Magnets Glass Ceramic Ferrite Magnet with Adhesive Backing and Transparent Clear Glass Cabochons for DIY Craft Fridge Refrigerator Magnets Pendants(Round,1 Inch)</p><p>$12.99 ($0.18 / Count)</p><a href="https://www.amazon.com/dp/B08Y8YRXVQ?tag=eloabder-20&linkCode=osi&th=1&psc=1">View Product</a></div><div class="product"><a href="https://www.amazon.com/dp/B07XDC7FP9?tag=eloabder-20&linkCode=osi&th=1&psc=1"><img src="https://m.media-amazon.com/images/I/41JKgogWT9L._SL500_.jpg" alt="Product Image"></a><p>Magnetic Dots - Self Adhesive Magnet Dots (0.8" x 0.8") - Classroom Must Have Peel & Stick Magnetic Circles - Flexible Sticky Magnets - Sheets is Alternative, Stickers, Strip, Magnetic Tape (120 Pcs)</p><p>$17.99</p><a href="https://www.amazon.com/dp/B07XDC7FP9?tag=eloabder-20&linkCode=osi&th=1&psc=1">View Product</a></div><div class="product"><a href="https://www.amazon.com/dp/B0CSS92G7H?tag=eloabder-20&linkCode=osi&th=1&psc=1"><img src="https://m.media-amazon.com/images/I/51HRyW91ivL._SL500_.jpg" alt="Product Image"></a><p>116pcs Craft Magnets Glass Ceramic Ferrite Magnet with Adhesive Backing and Clear Glass Cabochons for DIY Craft Fridge Refrigerator Magnets (Round,1 Inch,58 Sets)</p><p>$11.96</p><a href="https://www.amazon.com/dp/B0CSS92G7H?tag=eloabder-20&linkCode=osi&th=1&psc=1">View Product</a></div><div class="product"><a href="https://www.amazon.com/dp/B09WCXS3NV?tag=eloabder-20&linkCode=osi&th=1&psc=1"><img src="https://m.media-amazon.com/images/I/51jUQGCcMPL._SL500_.jpg" alt="Product Image"></a><p>DIYMAG Magnetic Adhesive Sheets, |4" x 6"|, 10 Pack Cuttable, Flexible magnet sheets with adhesive for Crafts, Photos, Easy Peel and Stick</p><p>$5.99 ($0.60 / Count)</p><a href="https://www.amazon.com/dp/B09WCXS3NV?tag=eloabder-20&linkCode=osi&th=1&psc=1">View Product</a></div><div class="product"><a href="https://www.amazon.com/dp/B08MVRBN2C?tag=eloabder-20&linkCode=osi&th=1&psc=1"><img src="https://m.media-amazon.com/images/I/51YQW8Hbf3S._SL500_.jpg" alt="Product Image"></a><p>Round Magnets with Adhesive Backing, 120 Pieces Magnet Circles (Diameter 0.8’” x 0.08”) on 4 Tape Sheets, with 3M Strong Adhesive Backing. Perfect for DIY, Art Projects, whiteboards & Fridge</p><p>$10.95</p><a href="https://www.amazon.com/dp/B08MVRBN2C?tag=eloabder-20&linkCode=osi&th=1&psc=1">View Product</a></div><div class="product"><a href="https://www.amazon.com/dp/B0CJHYN7K2?tag=eloabder-20&linkCode=osi&th=1&psc=1"><img src="https://m.media-amazon.com/images/I/51ZowdEZwbL._SL500_.jpg" alt="Product Image"></a><p>124pcs Craft Magnets Glass w Adhesive Backing and Transparent Clear Glass Cabochons DIY Craft Fridge Magnets Sticker for Refrigerator(62 Sets,1 Inch)</p><p>$13.99 ($0.23 / Count)</p><a href="https://www.amazon.com/dp/B0CJHYN7K2?tag=eloabder-20&linkCode=osi&th=1&psc=1">View Product</a></div><div class="product"><a href="https://www.amazon.com/dp/B09BBHBZMG?tag=eloabder-20&linkCode=osi&th=1&psc=1"><img src="https://m.media-amazon.com/images/I/51kT5DaZIPL._SL500_.jpg" alt="Product Image"></a><p>Mr. Pen- Adhesive Magnetic Sheets, 4" x 6", 10 Pack, with Adhesive Backing, Flexible Picture Magnets, Cuttable Magnetic Sheets.</p><p>$5.85</p><a href="https://www.amazon.com/dp/B09BBHBZMG?tag=eloabder-20&linkCode=osi&th=1&psc=1">View Product</a></div><div class="product"><a href="https://www.amazon.com/dp/B07V4STWPV?tag=eloabder-20&linkCode=osi&th=1&psc=1"><img src="https://m.media-amazon.com/images/I/51g56RBuH8L._SL500_.jpg" alt="Product Image"></a><p>Magnetic Sheets with Adhesive Backing - Each 4" x 6" - Flexible Magnetic Paper with Strong Self Adhesive - Sticky Magnet Sheets for Photo and Picture Magnets, Stickers and Other Craft Magnets</p><p>$5.99 ($0.60 / Count)</p><a href="https://www.amazon.com/dp/B07V4STWPV?tag=eloabder-20&linkCode=osi&th=1&psc=1">View Product</a></div>
<div class="product"><a href="https://www.amazon.com/dp/B09VCYS41G?tag=eloabder-20&linkCode=osi&th=1&psc=1"><img src="https://m.media-amazon.com/images/I/61bdWXYPddL._SL500_.jpg" alt="Product Image"></a><p>Betem 24 Colors Dual Tip Acrylic Paint Pens Markers, Premium Acrylic Paint Pens for Wood, Canvas, Stone, Rock Painting, Glass, Ceramic Surfaces, DIY Crafts Making Art Supplies</p><p>$11.99</p><a href="https://www.amazon.com/dp/B09VCYS41G?tag=eloabder-20&linkCode=osi&th=1&psc=1">View Product</a></div><div class="product"><a href="https://www.amazon.com/dp/B0BN7WJFPR?tag=eloabder-20&linkCode=osi&th=1&psc=1"><img src="https://m.media-amazon.com/images/I/51vvJ6c6MPL._SL500_.jpg" alt="Product Image"></a><p>24 Colors Acrylic Paint Pens, Dual Tip Acrylic Paint Markers with Brush Tip and Fine Tip, Acrylic Pens for Rock Painting, Wood, Canvas, Stone, Glass, Ceramic,DIY Crafts Making Art Supplies</p><p>$9.99</p><a href="https://www.amazon.com/dp/B0BN7WJFPR?tag=eloabder-20&linkCode=osi&th=1&psc=1">View Product</a></div><div class="product"><a href="https://www.amazon.com/dp/B0CX1BD86P?tag=eloabder-20&linkCode=osi&th=1&psc=1"><img src="https://m.media-amazon.com/images/I/51w2YBDoYfL._SL500_.jpg" alt="Product Image"></a><p>TBC The Best Crafts 24 Colors Dual Tip Acrylic Paint Markers,Waterproof, Non-Toxic, odorless, Suitable for Paper, Pottery, Stones, Backpacks, Glass</p><p>$9.99</p><a href="https://www.amazon.com/dp/B0CX1BD86P?tag=eloabder-20&linkCode=osi&th=1&psc=1">View Product</a></div><div class="product"><a href="https://www.amazon.com/dp/B09SWJRSSX?tag=eloabder-20&linkCode=osi&th=1&psc=1"><img src="https://m.media-amazon.com/images/I/61OthBr2r9L._SL500_.jpg" alt="Product Image"></a><p>Acrylic Paint Pens Paint Markers Set of 18: Fine Point for Rock Painting Glass Wood Ceramic Fabric Metal Canvas Easter Eggs Pumpkin Kit, Drawing Art Crafts for Adults Scrapbooking Supplies</p><p>$10.99</p><a href="https://www.amazon.com/dp/B09SWJRSSX?tag=eloabder-20&linkCode=osi&th=1&psc=1">View Product</a></div><div class="product"><a href="https://www.amazon.com/dp/B09H2JRV1Y?tag=eloabder-20&linkCode=osi&th=1&psc=1"><img src="https://m.media-amazon.com/images/I/511FMxcdCzL._SL500_.jpg" alt="Product Image"></a><p>IVSUN 24 Colors Premium Extra Fine Point Acrylic Paint Marker Pens for Wood, Canvas, Stone, Rock Painting, Glass, Ceramic Surfaces, DIY Crafts Making Art Supplies (24PCS (0.7mm))</p><p>$8.99</p><a href="https://www.amazon.com/dp/B09H2JRV1Y?tag=eloabder-20&linkCode=osi&th=1&psc=1">View Product</a></div><div class="product"><a href="https://www.amazon.com/dp/B0BN8CW9ZY?tag=eloabder-20&linkCode=osi&th=1&psc=1"><img src="https://m.media-amazon.com/images/I/51n2byYcjqL._SL500_.jpg" alt="Product Image"></a><p>Acrylic Paint Pens Markers, 24 Colors Dual Tip Acrylic Paint Pens for Rock Painting, Wood, Canvas, Stone, Glass, Ceramic Surfaces, DIY Crafts Making Art Supplies (Round Tip and Fine Tip)</p><p>$9.99</p><a href="https://www.amazon.com/dp/B0BN8CW9ZY?tag=eloabder-20&linkCode=osi&th=1&psc=1">View Product</a></div><div class="product"><a href="https://www.amazon.com/dp/B07DB1TVND?tag=eloabder-20&linkCode=osi&th=1&psc=1"><img src="https://m.media-amazon.com/images/I/51KvMUBvqRL._SL500_.jpg" alt="Product Image"></a><p>JR.WHITE Acrylic Paint Pens Paint Markers for Rock Painting, Canvas, Wood, Glass, Fabric, Metal, Plastic, Arts Crafts Easter Eggs, Pumpkin, Scrapbooking Supplies, Graffiti Markers for Adults Kids</p><p>$11.19 ($0.93 / Count )</p><a href="https://www.amazon.com/dp/B07DB1TVND?tag=eloabder-20&linkCode=osi&th=1&psc=1">View Product</a></div><div class="product"><a href="https://www.amazon.com/dp/B07M6Y4FXZ?tag=eloabder-20&linkCode=osi&th=1&psc=1"><img src="https://m.media-amazon.com/images/I/61wQ1qJutWL._SL500_.jpg" alt="Product Image"></a><p>AROIC Paint Pens Paint Markers, 16 colors Oil-Based Waterproof Paint Marker Pen Set On Rock, Wood, Fabric, Metal, Plastic, Glass, Canvas, Mugs, Waterproof, DIY Craft and More</p><p>$11.99</p><a href="https://www.amazon.com/dp/B07M6Y4FXZ?tag=eloabder-20&linkCode=osi&th=1&psc=1">View Product</a></div>

<div class="product"><a href="https://www.amazon.com/dp/B0BQTYYVZH?tag=eloabder-20&linkCode=osi&th=1&psc=1"><img src="https://m.media-amazon.com/images/I/31i9+BVpDCL._SL500_.jpg" alt="Product Image"></a><p>Vanhench Brown Wrapping Paper, Craft Paper, Kraft Paper 17.5"x 1200"(100'), Gift Wrapping Bulletin Board Arts & Crafts, Bouquet Flower Table Covering Poster Packing Shipping Moving Supplies 65GSM 45LB</p><p>$5.98</p><a href="https://www.amazon.com/dp/B0BQTYYVZH?tag=eloabder-20&linkCode=osi&th=1&psc=1">View Product</a></div><div class="product"><a href="https://www.amazon.com/dp/B0CQZ1TYX9?tag=eloabder-20&linkCode=osi&th=1&psc=1"><img src="https://m.media-amazon.com/images/I/41RknmvlWSL._SL500_.jpg" alt="Product Image"></a><p>PerkHomy 36" x 2,400" (200') Brown Kraft Paper Roll for Gift Wrapping Bulletin Board Bouquet Flower Kids Wall Art Craft Packing Moving Shipping Parcel Postal Floor Covering Table Runner 70GSM 50LB</p><p>$30.99 ($0.05 / Sq Ft)</p><a href="https://www.amazon.com/dp/B0CQZ1TYX9?tag=eloabder-20&linkCode=osi&th=1&psc=1">View Product</a></div><div class="product"><a href="https://www.amazon.com/dp/B0C743LQ3M?tag=eloabder-20&linkCode=osi&th=1&psc=1"><img src="https://m.media-amazon.com/images/I/21HvZSNwJML._SL500_.jpg" alt="Product Image"></a><p>White Wrapping Paper Craft Paper Kraft Paper Roll 15" x 450", Bulletin Board Paper Roll, Arts & Crafts, Gift Wrapping Moving Packing Painting Drawing Paint Easel Poster Chart Paper, Kids Art Supplies</p><p>$4.99 ($0.11 / Sq Ft)</p><a href="https://www.amazon.com/dp/B0C743LQ3M?tag=eloabder-20&linkCode=osi&th=1&psc=1">View Product</a></div><div class="product"><a href="https://www.amazon.com/dp/B0D14FL3DF?tag=eloabder-20&linkCode=osi&th=1&psc=1"><img src="https://m.media-amazon.com/images/I/31IQZPHBHfL._SL500_.jpg" alt="Product Image"></a><p>SMART&CASUAL 15" x 450" (37.5') Kraft Paper Roll for Art Craft Supplies Gift Wrapping Moving Packing Kids Painting Drawing Paint Easel Poster Chart Paper (White, 15"W x 450"L (37.5'))</p><p>$4.98</p><a href="https://www.amazon.com/dp/B0D14FL3DF?tag=eloabder-20&linkCode=osi&th=1&psc=1">View Product</a></div><div class="product"><a href="https://www.amazon.com/dp/B0CX5D7W62?tag=eloabder-20&linkCode=osi&th=1&psc=1"><img src="https://m.media-amazon.com/images/I/31+skUeyllL._SL500_.jpg" alt="Product Image"></a><p>SMART&CASUAL 17.8"×1,200"(100') Brown Kraft Wrapping Paper for Craft Gift Bulletin Board Bouquet Flower Table Covering Packing Shipping Moving 70GSM 50LB</p><p>$7.98</p><a href="https://www.amazon.com/dp/B0CX5D7W62?tag=eloabder-20&linkCode=osi&th=1&psc=1">View Product</a></div><div class="product"><a href="https://www.amazon.com/dp/B0C2P7FGFM?tag=eloabder-20&linkCode=osi&th=1&psc=1"><img src="https://m.media-amazon.com/images/I/31Mnush+a-L._SL500_.jpg" alt="Product Image"></a><p>Brown Packing Paper 15"×450"(38'), Brown Paper Roll, Art Craft Paper, Kraft Paper Roll for Moving Boxes Supplies, Gift Wrapping Bouquet Flower Paper, Poster Bulletin Board Paper, Arts and Crafts</p><p>$4.99</p><a href="https://www.amazon.com/dp/B0C2P7FGFM?tag=eloabder-20&linkCode=osi&th=1&psc=1">View Product</a></div><div class="product"><a href="https://www.amazon.com/dp/B0BNCBSZRR?tag=eloabder-20&linkCode=osi&th=1&psc=1"><img src="https://m.media-amazon.com/images/I/31NTgModxdL._SL500_.jpg" alt="Product Image"></a><p>Kraft Paper Sheets - 15 x 15 in. - 240 Sheets of Brown Wrapping Paper – Heavy Duty Craft Paper for Shipping - Light Brown Construction Paper - 80 GSM - 375 Square feet</p><p>$23.89 ($0.10 / Count)</p><a href="https://www.amazon.com/dp/B0BNCBSZRR?tag=eloabder-20&linkCode=osi&th=1&psc=1">View Product</a></div><div class="product"><a href="https://www.amazon.com/dp/B09J9ZGX8S?tag=eloabder-20&linkCode=osi&th=1&psc=1"><img src="https://m.media-amazon.com/images/I/31R819QZXxL._SL500_.jpg" alt="Product Image"></a><p>IDL Packaging 36" x 2160" (180 ft) Brown Kraft Paper Roll, 30 lbs - Quality Paper for Packing, Moving, Shipping, Crafts - 100% Recyclable Natural Kraft Wrapping Paper</p><p>$33.95 ($0.06 / Sq Ft)</p><a href="https://www.amazon.com/dp/B09J9ZGX8S?tag=eloabder-20&linkCode=osi&th=1&psc=1">View Product</a></div>
<div class="product"><a href="https://www.amazon.com/dp/B0BR9M5GT6?tag=eloabder-20&linkCode=osi&th=1&psc=1"><img src="https://m.media-amazon.com/images/I/61jKQSVpNKL._SL500_.jpg" alt="Product Image"></a><p>Drawdart 47 Pack Acrylic Paint Set, 36 Colors Art Painting Supplies for Canvas Wood Fabric Ceramic Crafts, Non Toxic & Rich Pigments for Artists & Hobby Painters, 2 fl oz / 60 ml Bottles</p><p>$24.99 ($0.35 / Fl Oz)</p><a href="https://www.amazon.com/dp/B0BR9M5GT6?tag=eloabder-20&linkCode=osi&th=1&psc=1">View Product</a></div><div class="product"><a href="https://www.amazon.com/dp/B006AT7P6M?tag=eloabder-20&linkCode=osi&th=1&psc=1"><img src="https://m.media-amazon.com/images/I/415ZwGErxOL._SL500_.jpg" alt="Product Image"></a><p>Apple Barrel Acrylic Paint in Assorted Colors (2 oz), 20501, Bright Red</p><p>$0.58 ($0.29 / Fl Oz)</p><a href="https://www.amazon.com/dp/B006AT7P6M?tag=eloabder-20&linkCode=osi&th=1&psc=1">View Product</a></div><div class="product"><a href="https://www.amazon.com/dp/B0BNV7BMN2?tag=eloabder-20&linkCode=osi&th=1&psc=1"><img src="https://m.media-amazon.com/images/I/51K4iYzckvL._SL500_.jpg" alt="Product Image"></a><p>Fantastory Acrylic Paint Set, 24 Classic Colors(2oz), Professional Craft Paint Kit,Canvas/Rock/Stone/Ceramic/Model/Wood Painting with 12 Brushes</p><p>$25.99 ($0.36 / Fl Oz)</p><a href="https://www.amazon.com/dp/B0BNV7BMN2?tag=eloabder-20&linkCode=osi&th=1&psc=1">View Product</a></div><div class="product"><a href="https://www.amazon.com/dp/B0728B4CLJ?tag=eloabder-20&linkCode=osi&th=1&psc=1"><img src="https://m.media-amazon.com/images/I/41aBzZtF9-L._SL500_.jpg" alt="Product Image"></a><p>FolkArt Acrylic Paint in Assorted Colors (2 oz), , Mossy Meadow</p><p>$1.17 ($0.58 / Fl Oz)</p><a href="https://www.amazon.com/dp/B0728B4CLJ?tag=eloabder-20&linkCode=osi&th=1&psc=1">View Product</a></div><div class="product"><a href="https://www.amazon.com/dp/B0BY3G2CXG?tag=eloabder-20&linkCode=osi&th=1&psc=1"><img src="https://m.media-amazon.com/images/I/51Cn6kY12wL._SL500_.jpg" alt="Product Image"></a><p>36 Assorted Acrylic Paint Set by Craft Smart - Non-Toxic Paint for Drawing, Painting, Art & Crafts Supplies - 1 Pack</p><p>$28.98</p><a href="https://www.amazon.com/dp/B0BY3G2CXG?tag=eloabder-20&linkCode=osi&th=1&psc=1">View Product</a></div>

<div class="product"><a href="https://www.amazon.com/dp/B08722TFPH?tag=eloabder-20&linkCode=osi&th=1&psc=1"><img src="https://m.media-amazon.com/images/I/51DqPIU5lcL._SL500_.jpg" alt="Product Image"></a><p>LIUYAXI 20 Colors 100 Yard Satin Ribbon Fabric Ribbon Silk Ribbon Assorted Colors Rolls, 2/5" Wide 5 Yard/Roll, Ribbons Perfect for Gift Wrapping,Crafts, Hair Bows, Wedding Party Decoration and More</p><p>$7.99 ($0.03 / Foot)</p><a href="https://www.amazon.com/dp/B08722TFPH?tag=eloabder-20&linkCode=osi&th=1&psc=1">View Product</a></div><div class="product"><a href="https://www.amazon.com/dp/B08M3BDRX3?tag=eloabder-20&linkCode=osi&th=1&psc=1"><img src="https://m.media-amazon.com/images/I/51qwMfv7kXL._SL500_.jpg" alt="Product Image"></a><p>Winlyn 36 Colors 900 Yards Fabric Ribbons Satin Ribbons Metallic Glitter Ribbons Rolls Craft Ribbons Embellish Decorative Ribbons 2/5" Wide for Floral Bouquet Gifts Crafts Bows Party Wedding</p><p>$13.99 ($0.01 / Foot)</p><a href="https://www.amazon.com/dp/B08M3BDRX3?tag=eloabder-20&linkCode=osi&th=1&psc=1">View Product</a></div><div class="product"><a href="https://www.amazon.com/dp/B08NXF43DB?tag=eloabder-20&linkCode=osi&th=1&psc=1"><img src="https://m.media-amazon.com/images/I/51fTtUVKi5L._SL500_.jpg" alt="Product Image"></a><p>MEEDEE Rainbow Ribbon Solid Color Assortment 10 Colors Double Face Satin Ribbon for Gift Wrapping Happy Birthday Party Decorations, 3/8" X 5 Yard Each Total 50 Yds Per Package</p><p>$7.99 ($0.05 / Foot)</p><a href="https://www.amazon.com/dp/B08NXF43DB?tag=eloabder-20&linkCode=osi&th=1&psc=1">View Product</a></div><div class="product"><a href="https://www.amazon.com/dp/B01N8W0Z45?tag=eloabder-20&linkCode=osi&th=1&psc=1"><img src="https://m.media-amazon.com/images/I/61OkEfd-1BL._SL500_.jpg" alt="Product Image"></a><p>QingHan Grosgrain Ribbons for Crafts Gifts Wrapping 3/8" Boutique Polka Dot Fabric Ribbon 40yd (20 x 2yd)</p><p>$5.99 ($0.05 / Foot)</p><a href="https://www.amazon.com/dp/B01N8W0Z45?tag=eloabder-20&linkCode=osi&th=1&psc=1">View Product</a></div><div class="product"><a href="https://www.amazon.com/dp/B0CS5G5PCX?tag=eloabder-20&linkCode=osi&th=1&psc=1"><img src="https://m.media-amazon.com/images/I/51xzSU+d8QL._SL500_.jpg" alt="Product Image"></a><p>Ribbli Rainbow Satin Ribbon 3/8 Inch x 12 Rolls Total 60 Yards- Colorful Ribbon for Gift Wrapping Craft Party Decoration Baby Shower Wedding</p><p>$7.99 ($0.04 / Foot)</p><a href="https://www.amazon.com/dp/B0CS5G5PCX?tag=eloabder-20&linkCode=osi&th=1&psc=1">View Product</a></div><div class="product"><a href="https://www.amazon.com/dp/B009V35YVC?tag=eloabder-20&linkCode=osi&th=1&psc=1"><img src="https://m.media-amazon.com/images/I/41OYxs2N6GL._SL500_.jpg" alt="Product Image"></a><p>LaRibbons 10 Color 50Yards Solid Satin Ribbon,3/8" X 5 Yard/Roll Colorful Double Face Rainbow Ribbon for Crafts,Flower Bouquet,Gift Wrapping,Hair Bows,Birthday,Wedding Party Decoration</p><p>$4.99</p><a href="https://www.amazon.com/dp/B009V35YVC?tag=eloabder-20&linkCode=osi&th=1&psc=1">View Product</a></div><div class="product"><a href="https://www.amazon.com/dp/B07BDG8KXB?tag=eloabder-20&linkCode=osi&th=1&psc=1"><img src="https://m.media-amazon.com/images/I/61zpTp+xLjL._SL500_.jpg" alt="Product Image"></a><p>Supla 16 Colors 400 Yard Fabric Ribbon Silk Satin Roll Satin Ribbon Rolls in 2/5" Wide, 25 Yard/roll,16 Rolls,Satin Ribbon Fabric Ribbon Embellish Ribbon Ribbon for Bows Crafts Gifts Party Wedding</p><p>$8.99 ($0.01 / Foot)</p><a href="https://www.amazon.com/dp/B07BDG8KXB?tag=eloabder-20&linkCode=osi&th=1&psc=1">View Product</a></div><div class="product"><a href="https://www.amazon.com/dp/B0CRD7S24X?tag=eloabder-20&linkCode=osi&th=1&psc=1"><img src="https://m.media-amazon.com/images/I/51Xe-SI-ZHL._SL500_.jpg" alt="Product Image"></a><p>LIUYAXI 100 Yards Solid Grosgrain Ribbon, 3/8" X 5 Yard/Roll, 20 Colors Rainbow Multicolor Fabric Ribbons Roll Perfect for Crafts Gifts Wrapping Flower Bouquet Hair Bows & Other Projects</p><p>$7.99 ($0.03 / Foot)</p><a href="https://www.amazon.com/dp/B0CRD7S24X?tag=eloabder-20&linkCode=osi&th=1&psc=1">View Product</a></div>


<div class="product"><a href="https://www.amazon.com/dp/B08MZ6MQZM?tag=eloabder-20&linkCode=osi&th=1&psc=1"><img src="https://m.media-amazon.com/images/I/51rVPzuNy4L._SL500_.jpg" alt="Product Image"></a><p>Basic Shapes 1: Circles, Triangles, Squares, Ovals, 676 Pieces US Made Card Stock Punch Out Geometric Shapes in 3 Sizes and 4 PRIMARY Colors for Math, Pattern Play and DIY Crafting</p><p>$11.99</p><a href="https://www.amazon.com/dp/B08MZ6MQZM?tag=eloabder-20&linkCode=osi&th=1&psc=1">View Product</a></div><div class="product"><a href="https://www.amazon.com/dp/B072JW6NQT?tag=eloabder-20&linkCode=osi&th=1&psc=1"><img src="https://m.media-amazon.com/images/I/61uY6781clL._SL500_.jpg" alt="Product Image"></a><p>260 Pieces Colorful Glitter Foam Stickers Self Adhesive Stars Mini Heart Shapes Glitter Stickers, Kid's Arts Craft Supplies Greeting Cards Home Decoration Stars&Heart Shapes</p><p>$6.74 ($0.03 / Count)</p><a href="https://www.amazon.com/dp/B072JW6NQT?tag=eloabder-20&linkCode=osi&th=1&psc=1">View Product</a></div>


<div class="product"><a href="https://www.amazon.com/dp/B07KD1WKXY?tag=eloabder-20&linkCode=osi&th=1&psc=1"><img src="https://m.media-amazon.com/images/I/51y9zQOd9XL._SL500_.jpg" alt="Product Image"></a><p>(109 Yards/1.5mm/35 Colors Optional) Cotton Baker Twine DIY Craft Macramé Natural Cotton Rope Craft Making Knitting String Rope DIY Wedding Decor Supply Christmas Wrapping(deep green)</p><p>$4.98 ($0.02 / Foot)</p><a href="https://www.amazon.com/dp/B07KD1WKXY?tag=eloabder-20&linkCode=osi&th=1&psc=1">View Product</a></div><div class="product"><a href="https://www.amazon.com/dp/B0C7G868WP?tag=eloabder-20&linkCode=osi&th=1&psc=1"><img src="https://m.media-amazon.com/images/I/51YFxbYrxGL._SL500_.jpg" alt="Product Image"></a><p>Ohtomber Bracelet String Elastic Cord - 2 Rolls 1MM Stretchy String for Bracelet Making, Rainbow Elastic Bracelets String Thread for Clay Beads, Bracelets, Jewelry Making, Necklaces, Sewing and Crafts</p><p>$5.99 ($0.01 / Foot)</p><a href="https://www.amazon.com/dp/B0C7G868WP?tag=eloabder-20&linkCode=osi&th=1&psc=1">View Product</a></div>
<div class="product"><a href="https://www.amazon.com/dp/B0CHTZD63Q?tag=eloabder-20&linkCode=osi&th=1&psc=1"><img src="https://m.media-amazon.com/images/I/511hgeOlnkL._SL500_.jpg" alt="Product Image"></a><p>Secopad Scrapbook Tape, 4 Pack Double Sided Tape Roller for Crafts, Sticky Glue Tape Runner Scrapbooking Supplies Journaling School Office for Kids and Adults, 0.3IN x 26FT</p><p>$6.63 ($1.66 / Count)</p><a href="https://www.amazon.com/dp/B0CHTZD63Q?tag=eloabder-20&linkCode=osi&th=1&psc=1">View Product</a></div><div class="product"><a href="https://www.amazon.com/dp/B0BKZ2WVFY?tag=eloabder-20&linkCode=osi&th=1&psc=1"><img src="https://m.media-amazon.com/images/I/519ga5fVbbL._SL500_.jpg" alt="Product Image"></a><p>Guirnd 12PCS Colored Masking Tape, Kids Art Supplies Colored Tape, DIY Craft Tape, Colored Tape Rolls, Colored Painters Tape 1.7cm x 12m (2/3In x 13Yards)</p><p>$5.99 ($0.50 / Count)</p><a href="https://www.amazon.com/dp/B0BKZ2WVFY?tag=eloabder-20&linkCode=osi&th=1&psc=1">View Product</a></div><div class="product"><a href="https://www.amazon.com/dp/B0B1ZYCJPG?tag=eloabder-20&linkCode=osi&th=1&psc=1"><img src="https://m.media-amazon.com/images/I/51zcGqodSPL._SL500_.jpg" alt="Product Image"></a><p>Simetufy 5400 Pcs 1 Inch Tissue Paper Squares, 36 Assorted Colored Tissue Paper for Crafts, Art Rainbow Tissue Paper Bulk for Art Projects, Collage, Suncatchers, Scrapbooking - Non Bleeding</p><p>$7.49</p><a href="https://www.amazon.com/dp/B0B1ZYCJPG?tag=eloabder-20&linkCode=osi&th=1&psc=1">View Product</a></div>

<div class="product"><a href="https://www.amazon.com/dp/B07RZFHS87?tag=eloabder-20&linkCode=osi&th=1&psc=1"><img src="https://m.media-amazon.com/images/I/418QZBtYWTL._SL500_.jpg" alt="Product Image"></a><p>Lazydrop Double-Sided Tape for Arts, Crafts, Photography, Scrapbooking, Tear-by-Hand, Paper Backing (6 Rolls) (Width: 6mm/ 9mm/ 12mm/ 15mm)</p><p>$7.99 ($0.01 / Foot)</p><a href="https://www.amazon.com/dp/B07RZFHS87?tag=eloabder-20&linkCode=osi&th=1&psc=1">View Product</a></div><div class="product"><a href="https://www.amazon.com/dp/B0BPS4V3TG?tag=eloabder-20&linkCode=osi&th=1&psc=1"><img src="https://m.media-amazon.com/images/I/41fTeS+RuRL._SL500_.jpg" alt="Product Image"></a><p>Double Sided Tape for Crafts, Double-Sided Tape for Arts, Scrapbook Supplies, Photography, Gifts Box, Scrapbooking, Card Making, Paper Backing, Tear-by-Hand, 6 Roll Heavy Duty Multi-Size Adhesive Tape</p><p>$6.29 ($0.02 / Foot)</p><a href="https://www.amazon.com/dp/B0BPS4V3TG?tag=eloabder-20&linkCode=osi&th=1&psc=1">View Product</a></div><div class="product"><a href="https://www.amazon.com/dp/B098FCBMQV?tag=eloabder-20&linkCode=osi&th=1&psc=1"><img src="https://m.media-amazon.com/images/I/41E1XYg1+gL._SL500_.jpg" alt="Product Image"></a><p>Craftzilla Colored Masking Tape – 7 Roll Multi Pack – 210 Feet x 1 Inch of Colorful Craft Tape – Vibrant Rainbow Masking Tape –Colored Tape Rolls for Arts & Crafts, Labeling and Color-Coding</p><p>$12.95 ($0.01 / Foot)</p><a href="https://www.amazon.com/dp/B098FCBMQV?tag=eloabder-20&linkCode=osi&th=1&psc=1">View Product</a></div><div class="product"><a href="https://www.amazon.com/dp/B0CBRTT4SY?tag=eloabder-20&linkCode=osi&th=1&psc=1"><img src="https://m.media-amazon.com/images/I/41Ne5OTMBHL._SL500_.jpg" alt="Product Image"></a><p>XEHAHOSH 3 Rolls Double Sided Tape for Crafts, Arts, Scrapbooking, Photography, Paper Backing, Tear-by-Hand. 0.6in by 43-FT</p><p>$5.29</p><a href="https://www.amazon.com/dp/B0CBRTT4SY?tag=eloabder-20&linkCode=osi&th=1&psc=1">View Product</a></div><div class="product"><a href="https://www.amazon.com/dp/B08ZJB4XBX?tag=eloabder-20&linkCode=osi&th=1&psc=1"><img src="https://m.media-amazon.com/images/I/41FzzlZNG0L._SL500_.jpg" alt="Product Image"></a><p>8 Rolls Colored Masking Tape Rainbow Colors Painters Tape Colorful Craft Art Paper Tape for Kids Labeling Arts Crafts DIY Decorative Coding Decoration Teaching Supplies, 0.6 Inch x 16 Yard, 8 Colors</p><p>$6.99 ($0.87 / Count)</p><a href="https://www.amazon.com/dp/B08ZJB4XBX?tag=eloabder-20&linkCode=osi&th=1&psc=1">View Product</a></div><div class="product"><a href="https://www.amazon.com/dp/B09GDZH5PV?tag=eloabder-20&linkCode=osi&th=1&psc=1"><img src="https://m.media-amazon.com/images/I/41cZAy06SiL._SL500_.jpg" alt="Product Image"></a><p>DGTANGYIN 1/4" 2 Rolls Double Sided Adhesive Sticky Tape for Arts, DIY, Crafts, Photography, Scrapbooking, Card Making, Gift Wrapping, Office School Stationery Supplies, Home Supplies(Width: 6mm)</p><p>$3.99 ($0.00 / Foot)</p><a href="https://www.amazon.com/dp/B09GDZH5PV?tag=eloabder-20&linkCode=osi&th=1&psc=1">View Product</a></div>
<div class="product"><a href="https://www.amazon.com/dp/B09XR1XBWG?tag=eloabder-20&linkCode=osi&th=1&psc=1"><img src="https://m.media-amazon.com/images/I/31h+RS-Nv6L._SL500_.jpg" alt="Product Image"></a><p>10PCS 7mil Blank Mylar Stencil Sheets,12X12 inch Milky Translucent PET Blank Stencils Sheets,Template Material for Cutting Machines, Laser Cutting, Food-Safe Craft Plastic</p><p>$8.99</p><a href="https://www.amazon.com/dp/B09XR1XBWG?tag=eloabder-20&linkCode=osi&th=1&psc=1">View Product</a></div>

<div class="product"><a href="https://www.amazon.com/dp/B09TSLYX33?tag=eloabder-20&linkCode=osi&th=1&psc=1"><img src="https://m.media-amazon.com/images/I/41xNrpMfOLL._SL500_.jpg" alt="Product Image"></a><p>18 Gauge Aluminum Craft Wire, 165 Feet 1mm Bendable Metal Wire for Jewelry Making, Sculpting, Floral Making, Wreath Making, Crafting, Wire Wrapping, Christmas Ornaments (Silver)</p><p>$6.99</p><a href="https://www.amazon.com/dp/B09TSLYX33?tag=eloabder-20&linkCode=osi&th=1&psc=1">View Product</a></div><div class="product"><a href="https://www.amazon.com/dp/B002HRAEOG?tag=eloabder-20&linkCode=osi&th=1&psc=1"><img src="https://m.media-amazon.com/images/I/41HimGENjYL._SL500_.jpg" alt="Product Image"></a><p>FloraCraft 26 Gauge Floral Wire 270 Feet Bright Silver</p><p>$4.29</p><a href="https://www.amazon.com/dp/B002HRAEOG?tag=eloabder-20&linkCode=osi&th=1&psc=1">View Product</a></div><div class="product"><a href="https://www.amazon.com/dp/B06ZXY1PXB?tag=eloabder-20&linkCode=osi&th=1&psc=1"><img src="https://m.media-amazon.com/images/I/41Nh+1dv7FL._SL500_.jpg" alt="Product Image"></a><p>Mandala Crafts Anodized Aluminum Wire for Sculpting, Armature, Jewelry Making, Gem Metal Wrap, Garden, Colored and Soft, 1 Roll(14 Gauge, Silver)</p><p>$10.19 ($0.17 / Foot)</p><a href="https://www.amazon.com/dp/B06ZXY1PXB?tag=eloabder-20&linkCode=osi&th=1&psc=1">View Product</a></div><div class="product"><a href="https://www.amazon.com/dp/B07ZYNTH7D?tag=eloabder-20&linkCode=osi&th=1&psc=1"><img src="https://m.media-amazon.com/images/I/51ku4vQDwXL._SL500_.jpg" alt="Product Image"></a><p>12 Gauge Aluminum Wire 100 Feet, Anezus Metal Armature Wire Bendable Sculpting Wire for Crafts Wreath Making Jewelry Making Beading Floral (Silver, 2mm)</p><p>$12.99 ($0.13 / Foot)</p><a href="https://www.amazon.com/dp/B07ZYNTH7D?tag=eloabder-20&linkCode=osi&th=1&psc=1">View Product</a></div><div class="product"><a href="https://www.amazon.com/dp/B07CQL7Y5B?tag=eloabder-20&linkCode=osi&th=1&psc=1"><img src="https://m.media-amazon.com/images/I/51mHjBYsT0L._SL500_.jpg" alt="Product Image"></a><p>TecUnite Aluminum Craft Wire for Sculpting Armature Bendable Craft Wire for DIY Jewelry Making (1 Roll,Silver,10 M X 3 mm)</p><p>$8.99 ($0.27 / Foot)</p><a href="https://www.amazon.com/dp/B07CQL7Y5B?tag=eloabder-20&linkCode=osi&th=1&psc=1">View Product</a></div><div class="product"><a href="https://www.amazon.com/dp/B095Y844QP?tag=eloabder-20&linkCode=osi&th=1&psc=1"><img src="https://m.media-amazon.com/images/I/51w+5umyhOS._SL500_.jpg" alt="Product Image"></a><p>Tenn Well 12 Gauge Aluminum Wire, 100 Feet 2mm Bendable Metal Craft Wire for Sculpting, Armature, Jewelry Making, Floral Making, Doll Making, Modelling, Crafting, Bonsai Training</p><p>$11.99 ($0.12 / Foot)</p><a href="https://www.amazon.com/dp/B095Y844QP?tag=eloabder-20&linkCode=osi&th=1&psc=1">View Product</a></div>
<div class="product"><a href="https://www.amazon.com/dp/B0CYPH4FLQ?tag=eloabder-20&linkCode=osi&th=1&psc=1"><img src="https://m.media-amazon.com/images/I/41u786i6oZL._SL500_.jpg" alt="Product Image"></a><p>DIYDEC 24 Pack Basswood Sheets 4 x 6 x 1/16 Inch Thin Plywood Wood Sheets Unfinished Wood Squares Boards Balsa Wood Sheets for Crafts Architectural Models Laser Cutting Wood Burning and Drawing</p><p>$6.99</p><a href="https://www.amazon.com/dp/B0CYPH4FLQ?tag=eloabder-20&linkCode=osi&th=1&psc=1">View Product</a></div><div class="product"><a href="https://www.amazon.com/dp/B082HR4RV3?tag=eloabder-20&linkCode=osi&th=1&psc=1"><img src="https://m.media-amazon.com/images/I/51kfms0w39L._SL500_.jpg" alt="Product Image"></a><p>5ARTH Natural Wood Slices - 30 Pcs 3.5-4 inches Craft Unfinished Wood kit Predrilled with Hole Wooden Circles for Arts Wood Slices Christmas Ornaments DIY Crafts</p><p>$21.99</p><a href="https://www.amazon.com/dp/B082HR4RV3?tag=eloabder-20&linkCode=osi&th=1&psc=1">View Product</a></div>
<div class="product"><a href="https://www.amazon.com/dp/B089T7PX27?tag=eloabder-20&linkCode=osi&th=1&psc=1"><img src="https://m.media-amazon.com/images/I/41aDJyks7kL._SL500_.jpg" alt="Product Image"></a><p>Crayola Air Dry Clay (5lbs), Natural White Modeling Clay for Kids, Sculpting Material, Bulk Craft Supplies for School Classrooms [Amazon Exclusive]</p><p>$17.41</p><a href="https://www.amazon.com/dp/B089T7PX27?tag=eloabder-20&linkCode=osi&th=1&psc=1">View Product</a></div><div class="product"><a href="https://www.amazon.com/dp/B0BDM5WLQX?tag=eloabder-20&linkCode=osi&th=1&psc=1"><img src="https://m.media-amazon.com/images/I/41oBPm5+PkL._SL500_.jpg" alt="Product Image"></a><p>ifergoo White Air Dry Clay, Modeling Clay for School Art & Craft Project. Refill White Clay for Kids Age 3-12, Boys and Girls Gift</p><p>$6.99 ($1.65 / Ounce)</p><a href="https://www.amazon.com/dp/B0BDM5WLQX?tag=eloabder-20&linkCode=osi&th=1&psc=1">View Product</a></div><div class="product"><a href="https://www.amazon.com/dp/B0B8TLRRKM?tag=eloabder-20&linkCode=osi&th=1&psc=1"><img src="https://m.media-amazon.com/images/I/418ijOdZBzL._SL500_.jpg" alt="Product Image"></a><p>Pepy Premium European Air Dry Modeling Clay White 2.2 lb Bar, Easy to Use Air-Hardening Clay for Classroom and Montessori Sculpting and Crafts Projects</p><p>$9.97 ($0.28 / Ounce)</p><a href="https://www.amazon.com/dp/B0B8TLRRKM?tag=eloabder-20&linkCode=osi&th=1&psc=1">View Product</a></div>


<div class="product"><a href="https://www.amazon.com/dp/B0D3HPD7WP?tag=eloabder-20&linkCode=osi&th=1&psc=1"><img src="https://m.media-amazon.com/images/I/31KSmmAWUWL._SL500_.jpg" alt="Product Image"></a><p>50 Sheets Grey Cardstock Paper, Colored Printer Paper 8.5 x 11, Thick Construction Paper for Cards Making, Scrapbook，Office Printing, Invitations, Certificates，DIY Crafting 92 lb/250gsm</p><p>$9.99</p><a href="https://www.amazon.com/dp/B0D3HPD7WP?tag=eloabder-20&linkCode=osi&th=1&psc=1">View Product</a></div>
<div class="product"><a href="https://www.amazon.com/dp/B076CP6F36?tag=eloabder-20&linkCode=osi&th=1&psc=1"><img src="https://m.media-amazon.com/images/I/51rfEIvgI+L._SL500_.jpg" alt="Product Image"></a><p>Apple Barrel, Vibrant Spectrum Collection Acrylic Craft Paint, PROMOABIII, 2 fl oz each, 16 assorted matte colors, 16 count</p><p>$15.97 ($0.50 / Fl Oz)</p><a href="https://www.amazon.com/dp/B076CP6F36?tag=eloabder-20&linkCode=osi&th=1&psc=1">View Product</a></div><div class="product"><a href="https://www.amazon.com/dp/B0BKFLSYQF?tag=eloabder-20&linkCode=osi&th=1&psc=1"><img src="https://m.media-amazon.com/images/I/51a0PmPRknL._SL500_.jpg" alt="Product Image"></a><p>72 Pack Acrylic Paint Set, Shuttle Art 60 Colors Acrylic Paint Including Extra White Black & 12 Brushes, 2oz/60ml, Rich Pigmented, Water Proof, Ideal for Artists, Beginners on Canvas Rock Wood Ceramic</p><p>$45.99 ($23.00 / Fl Oz)</p><a href="https://www.amazon.com/dp/B0BKFLSYQF?tag=eloabder-20&linkCode=osi&th=1&psc=1">View Product</a></div><div class="product"><a href="https://www.amazon.com/dp/B08CB3JH79?tag=eloabder-20&linkCode=osi&th=1&psc=1"><img src="https://m.media-amazon.com/images/I/51OUZsFdnTL._SL500_.jpg" alt="Product Image"></a><p>Acrylic Paint Set of 36 Colors 2fl oz 60ml Bottles,Non Toxic 36 Colors Acrylic Paint No Fading Rich Pigment for Kids Adults Artists Canvas Crafts Wood Painting</p><p>$32.99 ($0.46 / Fl Oz)</p><a href="https://www.amazon.com/dp/B08CB3JH79?tag=eloabder-20&linkCode=osi&th=1&psc=1">View Product</a></div><div class="product"><a href="https://www.amazon.com/dp/B0018NBVKQ?tag=eloabder-20&linkCode=osi&th=1&psc=1"><img src="https://m.media-amazon.com/images/I/31YlSvZMTCL._SL500_.jpg" alt="Product Image"></a><p>Apple Barrel Acrylic Paint in Assorted Colors (8 Ounce), 20403 White</p><p>$2.67 ($0.33 / Fl Oz)</p><a href="https://www.amazon.com/dp/B0018NBVKQ?tag=eloabder-20&linkCode=osi&th=1&psc=1">View Product</a></div><div class="product"><a href="https://www.amazon.com/dp/B077WSBLZ1?tag=eloabder-20&linkCode=osi&th=1&psc=1"><img src="https://m.media-amazon.com/images/I/51KPkXpLn1L._SL500_.jpg" alt="Product Image"></a><p>Shuttle Art Acrylic Paint Set, 30 x12ml Tubes Artist Quality Non Toxic Rich Pigments Colors Great for Kids Adults Professional Painting on Rocks Canvas Wood Clay Fabric Ceramic Crafts</p><p>$12.99 ($1.08 / Fl Oz)</p><a href="https://www.amazon.com/dp/B077WSBLZ1?tag=eloabder-20&linkCode=osi&th=1&psc=1">View Product</a></div><div class="product"><a href="https://www.amazon.com/dp/B00889Z5Y6?tag=eloabder-20&linkCode=osi&th=1&psc=1"><img src="https://m.media-amazon.com/images/I/41MQjsyDbSL._SL500_.jpg" alt="Product Image"></a><p>Apple Barrel Acrylic Paint in Assorted Colors (2 oz), 20764, Apricot</p><p>$0.58 ($0.29 / Fl Oz)</p><a href="https://www.amazon.com/dp/B00889Z5Y6?tag=eloabder-20&linkCode=osi&th=1&psc=1">View Product</a></div><div class="product"><a href="https://www.amazon.com/dp/B09TWQD5ZL?tag=eloabder-20&linkCode=osi&th=1&psc=1"><img src="https://m.media-amazon.com/images/I/41B0L003QXL._SL500_.jpg" alt="Product Image"></a><p>Artkey Acrylic Paint Set - 24 colors 2 oz/59 ml Acrylic Paints Professional Artists Painting Kit for Canvases Fabric Rock Leather Easter Egg Wood Ceramic Glass Art Craft Painting</p><p>$19.99 ($0.42 / Fl Oz)</p><a href="https://www.amazon.com/dp/B09TWQD5ZL?tag=eloabder-20&linkCode=osi&th=1&psc=1">View Product</a></div><div class="product"><a href="https://www.amazon.com/dp/B07Z93LQDB?tag=eloabder-20&linkCode=osi&th=1&psc=1"><img src="https://m.media-amazon.com/images/I/51veoN6zK0L._SL500_.jpg" alt="Product Image"></a><p>Shuttle Art Acrylic Paint Set, 36 Colors Acrylic Paint with Brushes & Palette, 2oz Bottles, Rich Pigments Non-toxic Paint for Artists Kids & Adults, Art Supplies for Canvas Rock Ceramic Wood Painting</p><p>$27.99</p><a href="https://www.amazon.com/dp/B07Z93LQDB?tag=eloabder-20&linkCode=osi&th=1&psc=1">View Product</a></div><div class="product"><a href="https://www.amazon.com/dp/B002665SYY?tag=eloabder-20&linkCode=osi&th=1&psc=1"><img src="https://m.media-amazon.com/images/I/31sJJeWK6OS._SL500_.jpg" alt="Product Image"></a><p>Liquitex BASICS Acrylic Paint, 250ml (8.5-oz) Tube, Titanium White</p><p>$9.99 ($1.18 / Fl Oz)</p><a href="https://www.amazon.com/dp/B002665SYY?tag=eloabder-20&linkCode=osi&th=1&psc=1">View Product</a></div>
<div class="product"><a href="https://www.amazon.com/dp/B0CC98XLGL?tag=eloabder-20&linkCode=osi&th=1&psc=1"><img src="https://m.media-amazon.com/images/I/51ZLw+nThiL._SL500_.jpg" alt="Product Image"></a><p>HUIRUSO 4 Pack Double Sided Tape Roller, Scrapbook Supplies, Glue Tape Roller for Crafts, Double-Sided Adhesive Tape Runner for Scrapbooking, School Office Journaling Supplies (0.31 in X 26.25 ft)</p><p>$6.99 ($1.75 / Count)</p><a href="https://www.amazon.com/dp/B0CC98XLGL?tag=eloabder-20&linkCode=osi&th=1&psc=1">View Product</a></div><div class="product"><a href="https://www.amazon.com/dp/B007XAAE6K?tag=eloabder-20&linkCode=osi&th=1&psc=1"><img src="https://m.media-amazon.com/images/I/414qxYVR0wL._SL500_.jpg" alt="Product Image"></a><p>Scotch Double Sided Tape Runner, 1-Pack, 0.27 in x 26 ft., Perfect for Holiday Crafts, Gifts, and More</p><p>$4.47</p><a href="https://www.amazon.com/dp/B007XAAE6K?tag=eloabder-20&linkCode=osi&th=1&psc=1">View Product</a></div><div class="product"><a href="https://www.amazon.com/dp/B0BZVGPFSK?tag=eloabder-20&linkCode=osi&th=1&psc=1"><img src="https://m.media-amazon.com/images/I/51-ue9+7JkL._SL500_.jpg" alt="Product Image"></a><p>Birllaid Double Sided Tape for Walls, Picture Hanging Strips Removable Mounting Dots Adhesive Heavy Duty, Removable for Art Craft, Decoration, Party Supplies, Multipurpose</p><p>$11.99</p><a href="https://www.amazon.com/dp/B0BZVGPFSK?tag=eloabder-20&linkCode=osi&th=1&psc=1">View Product</a></div><div class="product"><a href="https://www.amazon.com/dp/B0CGVN9SL1?tag=eloabder-20&linkCode=osi&th=1&psc=1"><img src="https://m.media-amazon.com/images/I/41Hy+i4CnoL._SL500_.jpg" alt="Product Image"></a><p>30Ft x 1 Inch Hook and Loop Strips with Adhesive,Double Rolls of Heavy Duty Self Adhesive Tape with Backing, Nylon Self Adhesive Tape for Home Office School and Crafting,White</p><p>$9.99</p><a href="https://www.amazon.com/dp/B0CGVN9SL1?tag=eloabder-20&linkCode=osi&th=1&psc=1">View Product</a></div><div class="product"><a href="https://www.amazon.com/dp/B07Y3VDPLF?tag=eloabder-20&linkCode=osi&th=1&psc=1"><img src="https://m.media-amazon.com/images/I/41cyKQ2OMuL._SL500_.jpg" alt="Product Image"></a><p>Melsan 1x4 inch Hook and Loop Strips with Adhesive - 15 Sets, Strong Back Adhesive Fasten Mounting Tape for Home or Office Use - Instead of Holes and Screws, Black</p><p>$7.82</p><a href="https://www.amazon.com/dp/B07Y3VDPLF?tag=eloabder-20&linkCode=osi&th=1&psc=1">View Product</a></div><div class="product"><a href="https://www.amazon.com/dp/B07V57VJT5?tag=eloabder-20&linkCode=osi&th=1&psc=1"><img src="https://m.media-amazon.com/images/I/514JO3bvl3L._SL500_.jpg" alt="Product Image"></a><p>XFasten Adhesive Roller for Scrapbooking, 8mm x 30ft 4-Pack Double Sided Glue Tape Roller, Scrapbook Supplies for Adults, Photo Tape for Scrapbooking</p><p>$9.99 ($2.50 / Count)</p><a href="https://www.amazon.com/dp/B07V57VJT5?tag=eloabder-20&linkCode=osi&th=1&psc=1">View Product</a></div><div class="product"><a href="https://www.amazon.com/dp/B07JLTGQHX?tag=eloabder-20&linkCode=osi&th=1&psc=1"><img src="https://m.media-amazon.com/images/I/51Eqfo7kUZL._SL500_.jpg" alt="Product Image"></a><p>UPINS 120 Pack Double Sided Foam Tape Square Self-Adhesive Foam Tape Black Strong Tape Pads for DIY Art Crafts Supplies</p><p>$9.99 ($0.08 / Count)</p><a href="https://www.amazon.com/dp/B07JLTGQHX?tag=eloabder-20&linkCode=osi&th=1&psc=1">View Product</a></div><div class="product"><a href="https://www.amazon.com/dp/B005FM6XF4?tag=eloabder-20&linkCode=osi&th=1&psc=1"><img src="https://m.media-amazon.com/images/I/51-vp1WJ89L._SL500_.jpg" alt="Product Image"></a><p>AdTech 5603 Permanent Crafter's Tape, 0.31" x 315", Pack of 4</p><p>$7.84 ($0.07 / Foot)</p><a href="https://www.amazon.com/dp/B005FM6XF4?tag=eloabder-20&linkCode=osi&th=1&psc=1">View Product</a></div><div class="product"><a href="https://www.amazon.com/dp/B0CJF1FLFJ?tag=eloabder-20&linkCode=osi&th=1&psc=1"><img src="https://m.media-amazon.com/images/I/51dig1RqzdL._SL500_.jpg" alt="Product Image"></a><p>UPINS 150Pack Double Sided Foam Tape Strong Sticky Double Sided Foam Pads for Crafts Self-Adhesive Mounting Foam Tape Heavy Duty for Home Wall Decor 40 * 40 * 2mm</p><p>$8.99 ($0.06 / Count)</p><a href="https://www.amazon.com/dp/B0CJF1FLFJ?tag=eloabder-20&linkCode=osi&th=1&psc=1">View Product</a></div><div class="product"><a href="https://www.amazon.com/dp/B0D4YWRGCL?tag=eloabder-20&linkCode=osi&th=1&psc=1"><img src="https://m.media-amazon.com/images/I/41EqJ553-KL._SL500_.jpg" alt="Product Image"></a><p>Amanbo Glue Tape for Scrapbooking, 6 Pack Scrapbook Tape, Double Sided Tape Roller for Crafts, Total 120 Ft x 0.24 in Tape Runner, Craft Supplies for Scrapbooking, Gift Wrapping and Photo Tape</p><p>$6.99</p><a href="https://www.amazon.com/dp/B0D4YWRGCL?tag=eloabder-20&linkCode=osi&th=1&psc=1">View Product</a></div>
<div class="product"><a href="https://www.amazon.com/dp/B0CC5HPPTN?tag=eloabder-20&linkCode=osi&th=1&psc=1"><img src="https://m.media-amazon.com/images/I/519M81S201L._SL500_.jpg" alt="Product Image"></a><p>Airbrush Paint - 30 Colors with 3 Thinner, Ready to Spray Airbrush Paint Set, Water-Based Acrylic Air brush Paints for Metal, Plastic Models, Canvas, Wood, 20ml/Bottle</p><p>$32.99 ($1.48 / Fl Oz)</p><a href="https://www.amazon.com/dp/B0CC5HPPTN?tag=eloabder-20&linkCode=osi&th=1&psc=1">View Product</a></div>
<div class="product"><a href="https://www.amazon.com/dp/B0CXPSGK36?tag=eloabder-20&linkCode=osi&th=1&psc=1"><img src="https://m.media-amazon.com/images/I/51dd2dYOtrL._SL500_.jpg" alt="Product Image"></a><p>Letter Stickers 30 Sheets 1500 PCS Large Alphabet Sticker 2 Inch Vinyl Self Adhesive Stick on Stickers for Water Bottles Cup Mailbox Number Address Craft Scrapbooking Bulletin Board Decor Multicolor</p><p>$9.99</p><a href="https://www.amazon.com/dp/B0CXPSGK36?tag=eloabder-20&linkCode=osi&th=1&psc=1">View Product</a></div><div class="product"><a href="https://www.amazon.com/dp/B07NNYFMGY?tag=eloabder-20&linkCode=osi&th=1&psc=1"><img src="https://m.media-amazon.com/images/I/51yDnU+gEXL._SL500_.jpg" alt="Product Image"></a><p>20 Sheets Alphabet Letter Stickers 10 Colors Self Adhesive Sticker Colorful PU Material Convex Feeling (Colored Letter Stickers 1)</p><p>$6.99 ($0.35 / Count)</p><a href="https://www.amazon.com/dp/B07NNYFMGY?tag=eloabder-20&linkCode=osi&th=1&psc=1">View Product</a></div>

<div class="product"><a href="https://www.amazon.com/dp/B01DDN8854?tag=eloabder-20&linkCode=osi&th=1&psc=1"><img src="https://m.media-amazon.com/images/I/61dPubDZBSL._SL500_.jpg" alt="Product Image"></a><p>Hugs 'n Kisses HNKHABY13 Applique Paper (20 Pack)</p><p>$19.72 ($0.99 / Count)</p><a href="https://www.amazon.com/dp/B01DDN8854?tag=eloabder-20&linkCode=osi&th=1&psc=1">View Product</a></div>
<div class="product"><a href="https://www.amazon.com/dp/B09KPNFJW1?tag=eloabder-20&linkCode=osi&th=1&psc=1"><img src="https://m.media-amazon.com/images/I/41abn5fELmL._SL500_.jpg" alt="Product Image"></a><p>UniPleased Disposable Aprons (50 Count), Plastic apron for Painting Party, Cooking, Housework, Picnic etc.</p><p>$5.69</p><a href="https://www.amazon.com/dp/B09KPNFJW1?tag=eloabder-20&linkCode=osi&th=1&psc=1">View Product</a></div>
<div class="product"><a href="https://www.amazon.com/dp/B087M21MM2?tag=eloabder-20&linkCode=osi&th=1&psc=1"><img src="https://m.media-amazon.com/images/I/41Xf-jehhLL._SL500_.jpg" alt="Product Image"></a><p>GOTIDEAL Stretched Canvas, Multi Pack 4x4, 5x7, 8x10,9x12, 11x14 Set of 10, Primed White - 100% Cotton Artist Canvas Boards for Painting, Acrylic Pouring, Oil Paint Dry & Wet Art Media</p><p>$24.99</p><a href="https://www.amazon.com/dp/B087M21MM2?tag=eloabder-20&linkCode=osi&th=1&psc=1">View Product</a></div><div class="product"><a href="https://www.amazon.com/dp/B00OQJYISG?tag=eloabder-20&linkCode=osi&th=1&psc=1"><img src="https://m.media-amazon.com/images/I/31fEDLPkkcL._SL500_.jpg" alt="Product Image"></a><p>6 Count 12” x 16” Super Value Canvas by Artist's Loft Necessities - Acid Free Cotton Canvas for Paint, Acrylic, & Oils - 1 Pack</p><p>$19.99</p><a href="https://www.amazon.com/dp/B00OQJYISG?tag=eloabder-20&linkCode=osi&th=1&psc=1">View Product</a></div><div class="product"><a href="https://www.amazon.com/dp/B09CDKB9HY?tag=eloabder-20&linkCode=osi&th=1&psc=1"><img src="https://m.media-amazon.com/images/I/51+p5xnClGL._SL500_.jpg" alt="Product Image"></a><p>DPDIAN Canvas Boards for Painting 40 Pack, 8 inch x 10 inch Super Value Pack, Artist Canvas Panels for Oil & Acrylic Painting</p><p>$29.99</p><a href="https://www.amazon.com/dp/B09CDKB9HY?tag=eloabder-20&linkCode=osi&th=1&psc=1">View Product</a></div><div class="product"><a href="https://www.amazon.com/dp/B0CFBGP29G?tag=eloabder-20&linkCode=osi&th=1&psc=1"><img src="https://m.media-amazon.com/images/I/3147Az5plbL._SL500_.jpg" alt="Product Image"></a><p>ArtSkills Stretched Canvases for Painting, 12x16 Canvas Painting Supplies for Artists, Blank Canvas Pack, 2-Pack</p><p>$16.99</p><a href="https://www.amazon.com/dp/B0CFBGP29G?tag=eloabder-20&linkCode=osi&th=1&psc=1">View Product</a></div><div class="product"><a href="https://www.amazon.com/dp/B07BNGQ1SS?tag=eloabder-20&linkCode=osi&th=1&psc=1"><img src="https://m.media-amazon.com/images/I/410ZVtygUwS._SL500_.jpg" alt="Product Image"></a><p>PHOENIX Stretched Canvas for Painting 8x10 Inch/10 Value Pack, 8 Oz Triple Primed 5/8 Inch Profile 100% Cotton White Blank Canvas, Artist Framed Canvas for Oil Acrylic & Pouring Art</p><p>$22.99</p><a href="https://www.amazon.com/dp/B07BNGQ1SS?tag=eloabder-20&linkCode=osi&th=1&psc=1">View Product</a></div><div class="product"><a href="https://www.amazon.com/dp/B0922JP1H4?tag=eloabder-20&linkCode=osi&th=1&psc=1"><img src="https://m.media-amazon.com/images/I/41BmiEND1KL._SL500_.jpg" alt="Product Image"></a><p>GOTIDEAL Canvases for Painting, 18 Pack Canvas Boards Multipack 4x4, 5x7, 8x10, 9x12,11x14,Primed White Blank Artist Canvas Variety Pack for Acrylic Paint, Oil Paint, Watercolor, Gouache</p><p>$19.99</p><a href="https://www.amazon.com/dp/B0922JP1H4?tag=eloabder-20&linkCode=osi&th=1&psc=1">View Product</a></div>


<div class="product"><a href="https://www.amazon.com/dp/B0872VFHBH?tag=eloabder-20&linkCode=osi&th=1&psc=1"><img src="https://m.media-amazon.com/images/I/51k3bekQheS._SL500_.jpg" alt="Product Image"></a><p>Bachmore Drawing Pad 9X12 Inch (110lb/180g), 60 Sheets, Top Spiral Bound Multi-Media for Artist Pro & Amateurs | Acrylic Art, Ink, Paint, Oil Pastels,Watercolor Mixed Media Sketch</p><p>$11.99</p><a href="https://www.amazon.com/dp/B0872VFHBH?tag=eloabder-20&linkCode=osi&th=1&psc=1">View Product</a></div><div class="product"><a href="https://www.amazon.com/dp/B0027A75A4?tag=eloabder-20&linkCode=osi&th=1&psc=1"><img src="https://m.media-amazon.com/images/I/51dyOxxcgYL._SL500_.jpg" alt="Product Image"></a><p>Strathmore 200 Series Sketch Pad, 9x12 inch, 100 Sheets, Tape Bound - Artist Sketchbook for Drawing, Illustration, Art Class Students</p><p>$6.99 ($0.07 / Count)</p><a href="https://www.amazon.com/dp/B0027A75A4?tag=eloabder-20&linkCode=osi&th=1&psc=1">View Product</a></div><div class="product"><a href="https://www.amazon.com/dp/B0BV13YQKX?tag=eloabder-20&linkCode=osi&th=1&psc=1"><img src="https://m.media-amazon.com/images/I/41VYfMpvXUL._SL500_.jpg" alt="Product Image"></a><p>Canson Graduate Watercolor Pad, Foldover, 9x12 inch, 20 Sheets | Artist Paper for Adults and Students - Painting, Gouache, Mixed Media and Ink</p><p>$4.97 ($0.41 / Count)</p><a href="https://www.amazon.com/dp/B0BV13YQKX?tag=eloabder-20&linkCode=osi&th=1&psc=1">View Product</a></div><div class="product"><a href="https://www.amazon.com/dp/B0024KMQ6K?tag=eloabder-20&linkCode=osi&th=1&psc=1"><img src="https://m.media-amazon.com/images/I/51sYdvPPUCL._SL500_.jpg" alt="Product Image"></a><p>Strathmore 400 Series Pastel Pad, Assorted Colors, 9"x12" Glue Bound, 24 Sheets</p><p>$9.11</p><a href="https://www.amazon.com/dp/B0024KMQ6K?tag=eloabder-20&linkCode=osi&th=1&psc=1">View Product</a></div><div class="product"><a href="https://www.amazon.com/dp/B00246O6PI?tag=eloabder-20&linkCode=osi&th=1&psc=1"><img src="https://m.media-amazon.com/images/I/517TUmckOIL._SL500_.jpg" alt="Product Image"></a><p>Strathmore 300 Series Drawing Paper Pad, Top Wire Bound, 11x14 inches, 50 Sheets (70lb/114g) - Artist Paper for Adults and Students - Charcoal, Colored Pencil, Ink, Pastel, Marker</p><p>$13.33</p><a href="https://www.amazon.com/dp/B00246O6PI?tag=eloabder-20&linkCode=osi&th=1&psc=1">View Product</a></div>
<div class="product"><a href="https://www.amazon.com/dp/B08ZMH7LJY?tag=eloabder-20&linkCode=osi&th=1&psc=1"><img src="https://m.media-amazon.com/images/I/51mJIsLJA-S._SL500_.jpg" alt="Product Image"></a><p>PANDAFLY Professional Drawing Sketching Pencil Set - 12 Pieces Graphite Pencils(14B - 2H), Ideal for Drawing Art, Sketching, Shading, Artist Pencils for Beginners & Pro Artists</p><p>$5.11</p><a href="https://www.amazon.com/dp/B08ZMH7LJY?tag=eloabder-20&linkCode=osi&th=1&psc=1">View Product</a></div><div class="product"><a href="https://www.amazon.com/dp/B088K1G5NL?tag=eloabder-20&linkCode=osi&th=1&psc=1"><img src="https://m.media-amazon.com/images/I/51F2bOMZWnL._SL500_.jpg" alt="Product Image"></a><p>MARKART Professional Drawing Sketching Pencil Set - 14 Pieces,Graphite,(12B - 4H), Ideal for Drawing Art, Sketching, Shading, Artist Pencils for Beginners & Pro Artists</p><p>$5.24</p><a href="https://www.amazon.com/dp/B088K1G5NL?tag=eloabder-20&linkCode=osi&th=1&psc=1">View Product</a></div><div class="product"><a href="https://www.amazon.com/dp/B08FHMRW4L?tag=eloabder-20&linkCode=osi&th=1&psc=1"><img src="https://m.media-amazon.com/images/I/51Pmn5gjyzL._SL500_.jpg" alt="Product Image"></a><p>Mr. Pen- Sketch Pencils for Drawing, 14 Pack, Drawing Pencils, Art Pencils, Graphite Pencils, Graphite Pencils for Drawing, Art Pencils for Drawing and Shading</p><p>$5.95</p><a href="https://www.amazon.com/dp/B08FHMRW4L?tag=eloabder-20&linkCode=osi&th=1&psc=1">View Product</a></div><div class="product"><a href="https://www.amazon.com/dp/B0BNQ58DC4?tag=eloabder-20&linkCode=osi&th=1&psc=1"><img src="https://m.media-amazon.com/images/I/51e-gQtCcCL._SL500_.jpg" alt="Product Image"></a><p>MARTCOLOR Drawing Sketching Pencils Set, 12 Pack Graphite Pencils(14B - 2H), Ideal for Drawing Art, Sketching, Shading, Artist Pencils for Beginners & Pro Artists</p><p>$5.99</p><a href="https://www.amazon.com/dp/B0BNQ58DC4?tag=eloabder-20&linkCode=osi&th=1&psc=1">View Product</a></div>

<div class="product"><a href="https://www.amazon.com/dp/B0851M3749?tag=eloabder-20&linkCode=osi&th=1&psc=1"><img src="https://m.media-amazon.com/images/I/41KKSGSDl5L._SL500_.jpg" alt="Product Image"></a><p>N NOROCME 12 PCS Blending Stumps and Tortillions Paper Art Blenders with Sandpaper Pencil Sharpener Pointer for Student Artist Charcoal Sketch Drawing Tools</p><p>$4.99</p><a href="https://www.amazon.com/dp/B0851M3749?tag=eloabder-20&linkCode=osi&th=1&psc=1">View Product</a></div><div class="product"><a href="https://www.amazon.com/dp/B09J3HKN8F?tag=eloabder-20&linkCode=osi&th=1&psc=1"><img src="https://m.media-amazon.com/images/I/51Qvx81eQLL._SL500_.jpg" alt="Product Image"></a><p>Eraser Pencils Set for Artists, Wooden Sketch Eraser Pen for Charcoal Drawings, Professional Highlight Painting Eraser for Sketching, Revise Erasing Details for Students Limner</p><p>$6.99</p><a href="https://www.amazon.com/dp/B09J3HKN8F?tag=eloabder-20&linkCode=osi&th=1&psc=1">View Product</a></div>
<div class="product"><a href="https://www.amazon.com/dp/B09WCQ89T8?tag=eloabder-20&linkCode=osi&th=1&psc=1"><img src="https://m.media-amazon.com/images/I/41gZz0qgBFL._SL500_.jpg" alt="Product Image"></a><p>Bernat BABY BLANKET BB Blue Dreams Yarn - 1 Pack of 10.5oz/300g - Polyester - #6 Super Bulky - 220 Yards - Knitting/Crochet</p><p>$6.97</p><a href="https://www.amazon.com/dp/B09WCQ89T8?tag=eloabder-20&linkCode=osi&th=1&psc=1">View Product</a></div><div class="product"><a href="https://www.amazon.com/dp/B07V5JVNFD?tag=eloabder-20&linkCode=osi&th=1&psc=1"><img src="https://m.media-amazon.com/images/I/41IS+HdtiOL._SL500_.jpg" alt="Product Image"></a><p>Lion Brand Yarn Basic Stitch Anti-Pilling Knitting Yarn, Yarn for Crocheting, 1-Pack, Baby Blue</p><p>$8.40 ($0.02 / Foot)</p><a href="https://www.amazon.com/dp/B07V5JVNFD?tag=eloabder-20&linkCode=osi&th=1&psc=1">View Product</a></div><div class="product"><a href="https://www.amazon.com/dp/B01M0AJID2?tag=eloabder-20&linkCode=osi&th=1&psc=1"><img src="https://m.media-amazon.com/images/I/41yVau0AUpL._SL500_.jpg" alt="Product Image"></a><p>Lion Brand Yarn (1 Skein) Lion Brand Yarn Babysoft Baby Yarn Yarn, Little Boy Blue Multicolor</p><p>$7.19 ($0.01 / Foot)</p><a href="https://www.amazon.com/dp/B01M0AJID2?tag=eloabder-20&linkCode=osi&th=1&psc=1">View Product</a></div><div class="product"><a href="https://www.amazon.com/dp/B09W1KHF42?tag=eloabder-20&linkCode=osi&th=1&psc=1"><img src="https://m.media-amazon.com/images/I/41maDlrio5L._SL500_.jpg" alt="Product Image"></a><p>Red Heart Super Saver Light Blue Yarn - 3 Pack of 198g/7oz - Acrylic - 4 Medium (Worsted) - 364 Yards - Knitting/Crochet</p><p>$13.29 ($4.43 / Count)</p><a href="https://www.amazon.com/dp/B09W1KHF42?tag=eloabder-20&linkCode=osi&th=1&psc=1">View Product</a></div><div class="product"><a href="https://www.amazon.com/dp/B08LKVZ3CX?tag=eloabder-20&linkCode=osi&th=1&psc=1"><img src="https://m.media-amazon.com/images/I/41GLizNx8UL._SL500_.jpg" alt="Product Image"></a><p>Bernat Baby Blanket Baby Blue Yarn - 3 Pack of 100g/3.5oz - Polyester - 6 Super Bulky - 72 Yards - Knitting/Crochet</p><p>$21.81</p><a href="https://www.amazon.com/dp/B08LKVZ3CX?tag=eloabder-20&linkCode=osi&th=1&psc=1">View Product</a></div><div class="product"><a href="https://www.amazon.com/dp/B0CHJ95WHJ?tag=eloabder-20&linkCode=osi&th=1&psc=1"><img src="https://m.media-amazon.com/images/I/314E1EQdihL._SL500_.jpg" alt="Product Image"></a><p>NORCIA Soft Velvet Yarn Chenille Yarn for Crocheting Baby Blanket Yarn for Knitting Amigurumi Yarn Fancy Yarn for Crochet Weaving Craft (Baby Blue, 1 Skein)</p><p>$9.99</p><a href="https://www.amazon.com/dp/B0CHJ95WHJ?tag=eloabder-20&linkCode=osi&th=1&psc=1">View Product</a></div>
<div class="product"><a href="https://www.amazon.com/dp/B0779F2TXJ?tag=eloabder-20&linkCode=osi&th=1&psc=1"><img src="https://m.media-amazon.com/images/I/31kqZr8DJzL._SL500_.jpg" alt="Product Image"></a><p>OPENDGO Feather Ballpoint Pen ，Black Ink Vintage Feather Quill Refined Plated Rod Quill Ballpoint Pen For School Writing ▏Wedding Gift Signature Pen (Black)</p><p>$6.97</p><a href="https://www.amazon.com/dp/B0779F2TXJ?tag=eloabder-20&linkCode=osi&th=1&psc=1">View Product</a></div><div class="product"><a href="https://www.amazon.com/dp/B0CQF3BJ3S?tag=eloabder-20&linkCode=osi&th=1&psc=1"><img src="https://m.media-amazon.com/images/I/41gs6AOiP6L._SL500_.jpg" alt="Product Image"></a><p>3 in 1 Retractable Ballpoint Pen with Light and Stylus, Nice Pens for Journaling Writing in The Dark - White/Red Light Tip- 0.7mm Black Ink</p><p>$12.99</p><a href="https://www.amazon.com/dp/B0CQF3BJ3S?tag=eloabder-20&linkCode=osi&th=1&psc=1">View Product</a></div><div class="product"><a href="https://www.amazon.com/dp/B08BBZ3B8G?tag=eloabder-20&linkCode=osi&th=1&psc=1"><img src="https://m.media-amazon.com/images/I/41cMHyw60wL._SL500_.jpg" alt="Product Image"></a><p>Mr. Pen- Pens, Black Pens, 12 Pack, Fast Dry, No Smear Pens, Bible Pens, Pens for Journaling, Pens No Bleed Through, Pens Fine Point, Journal Pens, Fine Tip, Planner Pens, Ball Point Journal Pens</p><p>$9.99</p><a href="https://www.amazon.com/dp/B08BBZ3B8G?tag=eloabder-20&linkCode=osi&th=1&psc=1">View Product</a></div><div class="product"><a href="https://www.amazon.com/dp/B0D4YWWGX6?tag=eloabder-20&linkCode=osi&th=1&psc=1"><img src="https://m.media-amazon.com/images/I/31xHBCCzJqL._SL500_.jpg" alt="Product Image"></a><p>PATIKIL 21cm/8" Feather Ballpoint Pen, 1Pcs Ink Vintage Quill Pen Refined Plated Dip Pen for Calligraphy Writing Signature Wedding Gift, Yellow</p><p>$7.49</p><a href="https://www.amazon.com/dp/B0D4YWWGX6?tag=eloabder-20&linkCode=osi&th=1&psc=1">View Product</a></div>

<div class="product"><a href="https://www.amazon.com/dp/B001TLDEVQ?tag=eloabder-20&linkCode=osi&th=1&psc=1"><img src="https://m.media-amazon.com/images/I/41jYF39F6lL._SL500_.jpg" alt="Product Image"></a><p>Beadalon SuppleMax Illusion Beading Cord, 0.40 mm / 0.016 in, Clear Monofilament, 50 m / 164 ft</p><p>$4.74</p><a href="https://www.amazon.com/dp/B001TLDEVQ?tag=eloabder-20&linkCode=osi&th=1&psc=1">View Product</a></div><div class="product"><a href="https://www.amazon.com/dp/B0D2HVFZ7Q?tag=eloabder-20&linkCode=osi&th=1&psc=1"><img src="https://m.media-amazon.com/images/I/41R66LMYz7L._SL500_.jpg" alt="Product Image"></a><p>Zxiixz 116Yards 0.5mm Bracelet String, Waxed String Cord for Bracelet Making, Beading Thread for Bracelet Beads, Friendship Bracelet String for Bracelet Making, Waxed Polyester Cord for Jewelry Making</p><p>$6.99</p><a href="https://www.amazon.com/dp/B0D2HVFZ7Q?tag=eloabder-20&linkCode=osi&th=1&psc=1">View Product</a></div><div class="product"><a href="https://www.amazon.com/dp/B07BNF8KH5?tag=eloabder-20&linkCode=osi&th=1&psc=1"><img src="https://m.media-amazon.com/images/I/51jVByheyVL._SL500_.jpg" alt="Product Image"></a><p>PH PandaHall 100 Yards 1mm Waxed Cotton Cord Thread Beading String for Bracelet Necklace Making Crafting Beading Macrame Vase Decor, Burlywood</p><p>$7.19 ($0.02 / Foot)</p><a href="https://www.amazon.com/dp/B07BNF8KH5?tag=eloabder-20&linkCode=osi&th=1&psc=1">View Product</a></div><div class="product"><a href="https://www.amazon.com/dp/B07HBPGXJG?tag=eloabder-20&linkCode=osi&th=1&psc=1"><img src="https://m.media-amazon.com/images/I/41xi8gO6kDL._SL500_.jpg" alt="Product Image"></a><p>Paxcoo 0.8mm Elastic String, Stretchy Bracelet String Crystal String Bead Cord for Bracelet, Beading and Jewelry Making (120m)</p><p>$6.99 ($0.02 / Foot)</p><a href="https://www.amazon.com/dp/B07HBPGXJG?tag=eloabder-20&linkCode=osi&th=1&psc=1">View Product</a></div><div class="product"><a href="https://www.amazon.com/dp/B0CNPST7D9?tag=eloabder-20&linkCode=osi&th=1&psc=1"><img src="https://m.media-amazon.com/images/I/41A9VISFC4L._SL500_.jpg" alt="Product Image"></a><p>Kblick Black Nylon String Cord - 1MM 100 Yards Black Twine, Bracelet String for Bracelet Making, Braided Ornament Lanyard Sting, Jewelry Thread Clay Bead String for Crafts, Macrame Satin Cord</p><p>$5.99 ($0.02 / Foot)</p><a href="https://www.amazon.com/dp/B0CNPST7D9?tag=eloabder-20&linkCode=osi&th=1&psc=1">View Product</a></div><div class="product"><a href="https://www.amazon.com/dp/B08GC3JF9X?tag=eloabder-20&linkCode=osi&th=1&psc=1"><img src="https://m.media-amazon.com/images/I/41FQZYhvQpL._SL500_.jpg" alt="Product Image"></a><p>Cheriswelry 100M 0.8mm Nylon Beading Cord Black Chinese Knotting Rattail Macrame Thread String Roll for Jewelry Making Kumihimo Wrapping Supplies DIY Crafts</p><p>$6.99 ($0.02 / Fl Oz)</p><a href="https://www.amazon.com/dp/B08GC3JF9X?tag=eloabder-20&linkCode=osi&th=1&psc=1">View Product</a></div><div class="product"><a href="https://www.amazon.com/dp/B0B3V9RWQC?tag=eloabder-20&linkCode=osi&th=1&psc=1"><img src="https://m.media-amazon.com/images/I/41F-OP+yCxL._SL500_.jpg" alt="Product Image"></a><p>Griffin Silk Bead Cord Perlseide – Black Color – Size 3 (0.50mm) – 2 Meters per Card – Stainless Steel Needle Attached – for Knotting Pearls, Gemstones, Crystals and Beads</p><p>$4.99 ($0.76 / Foot)</p><a href="https://www.amazon.com/dp/B0B3V9RWQC?tag=eloabder-20&linkCode=osi&th=1&psc=1">View Product</a></div><div class="product"><a href="https://www.amazon.com/dp/B08F49YVQP?tag=eloabder-20&linkCode=osi&th=1&psc=1"><img src="https://m.media-amazon.com/images/I/41yCMIpj0rS._SL500_.jpg" alt="Product Image"></a><p>1mm Stretchy Bracelet String, Sturdy Rainbow Elastic String Elastic Cord for Jewelry Making, Necklaces, Beading and Crafts</p><p>$6.99 ($0.04 / Foot)</p><a href="https://www.amazon.com/dp/B08F49YVQP?tag=eloabder-20&linkCode=osi&th=1&psc=1">View Product</a></div>

<div class="product"><a href="https://www.amazon.com/dp/B001GMUBJ6?tag=eloabder-20&linkCode=osi&th=1&psc=1"><img src="https://m.media-amazon.com/images/I/41V5qzn3H5L._SL500_.jpg" alt="Product Image"></a><p>The Beadsmith Fireline by Berkley – Micro-Fused Braided Thread – 6lb. Test, 006”/.15mm Diameter, 50 Yard Spool, Crystal Color – Super Strong Stringing Material for Jewelry Making and Bead Weaving</p><p>$12.59</p><a href="https://www.amazon.com/dp/B001GMUBJ6?tag=eloabder-20&linkCode=osi&th=1&psc=1">View Product</a></div><div class="product"><a href="https://www.amazon.com/dp/B001UAKK0Y?tag=eloabder-20&linkCode=osi&th=1&psc=1"><img src="https://m.media-amazon.com/images/I/41rY1D0wfuL._SL500_.jpg" alt="Product Image"></a><p>Beadalon Wildfire, 0.006 in, 0.15 mm, Break Strength 10 lb / 4.5 kg, Frost, 50 yd / 45 m</p><p>$8.85 ($0.06 / Foot)</p><a href="https://www.amazon.com/dp/B001UAKK0Y?tag=eloabder-20&linkCode=osi&th=1&psc=1">View Product</a></div><div class="product"><a href="https://www.amazon.com/dp/B095WY58F4?tag=eloabder-20&linkCode=osi&th=1&psc=1"><img src="https://m.media-amazon.com/images/I/41mXRfJqcjL._SL500_.jpg" alt="Product Image"></a><p>PH PandaHall 0.1mm Nylon Seed Bead Thread 100 Yards Black White Bracelet Cord Beading Thread Invisible Sewing Thread Nylon Braided Thread String for Leather Stitching Beading Jewelry Bracelets Making</p><p>$9.99 ($0.03 / Foot)</p><a href="https://www.amazon.com/dp/B095WY58F4?tag=eloabder-20&linkCode=osi&th=1&psc=1">View Product</a></div><div class="product"><a href="https://www.amazon.com/dp/B08RN2R2SZ?tag=eloabder-20&linkCode=osi&th=1&psc=1"><img src="https://m.media-amazon.com/images/I/41Tg2MMC++L._SL500_.jpg" alt="Product Image"></a><p>KO Nylon Beading Thread, White Color, Japanese Pre-Waxed 100% Nylon, 330TEX, Tangle Resistant Knotting Cords, 50m /55 yds Spool, Use for Seed Bead Projects, Loom Work & Bead Weaving</p><p>$7.06 ($0.04 / Foot)</p><a href="https://www.amazon.com/dp/B08RN2R2SZ?tag=eloabder-20&linkCode=osi&th=1&psc=1">View Product</a></div><div class="product"><a href="https://www.amazon.com/dp/B09J89ST79?tag=eloabder-20&linkCode=osi&th=1&psc=1"><img src="https://m.media-amazon.com/images/I/41hLuuOZeXL._SL500_.jpg" alt="Product Image"></a><p>2 Roll Polyester Thread, Heavy Duty Thread, 1500Yard/Reel 210D/3 nylon thread for sewing, Sewing Thread for Upholstery, Outdoor Market, Drapery, Leather, Beading, Crafts</p><p>$7.99 ($0.00 / Foot)</p><a href="https://www.amazon.com/dp/B09J89ST79?tag=eloabder-20&linkCode=osi&th=1&psc=1">View Product</a></div><div class="product"><a href="https://www.amazon.com/dp/B0C6MSY7QQ?tag=eloabder-20&linkCode=osi&th=1&psc=1"><img src="https://m.media-amazon.com/images/I/31Bn-MyA62L._SL500_.jpg" alt="Product Image"></a><p>PH PandaHall 0.1mm Nylon String 100 Yards Beading Thread White Nylon Seed Bead Thread Bracelet Beading Thread Sewing String for Leather Stitching Beading Jewelry Bracelets Making</p><p>$7.99 ($0.03 / Foot)</p><a href="https://www.amazon.com/dp/B0C6MSY7QQ?tag=eloabder-20&linkCode=osi&th=1&psc=1">View Product</a></div>

<div class="product"><a href="https://www.amazon.com/dp/B07NMNDT1W?tag=eloabder-20&linkCode=osi&th=1&psc=1"><img src="https://m.media-amazon.com/images/I/41-zwQIcVcL._SL500_.jpg" alt="Product Image"></a><p>Howemon White Beeswax Pellets 2LB 100% Pure and Natural Triple Filtered for Skin, Face, Body and Hair Care DIY Creams, Lotions, Lip Balm and Soap Making Supplies</p><p>$13.99 ($0.44 / Fl Oz)</p><a href="https://www.amazon.com/dp/B07NMNDT1W?tag=eloabder-20&linkCode=osi&th=1&psc=1">View Product</a></div><div class="product"><a href="https://www.amazon.com/dp/B00B3U0FW4?tag=eloabder-20&linkCode=osi&th=1&psc=1"><img src="https://m.media-amazon.com/images/I/51rWFCST+TL._SL500_.jpg" alt="Product Image"></a><p>Beesworks Yellow Beeswax Pellets (1 lb) | 100% Pure, Cosmetic Grade, Triple-Filtered Beeswax for DIY Skin care, Lip Balm, Lotion, and Candle Making</p><p>$13.99 ($0.87 / Ounce)</p><a href="https://www.amazon.com/dp/B00B3U0FW4?tag=eloabder-20&linkCode=osi&th=1&psc=1">View Product</a></div><div class="product"><a href="https://www.amazon.com/dp/B01LWX2IO1?tag=eloabder-20&linkCode=osi&th=1&psc=1"><img src="https://m.media-amazon.com/images/I/41MlNqhDyCL._SL500_.jpg" alt="Product Image"></a><p>Beesworks Yellow Beeswax Bars (6 oz) | 100% Pure, Cosmetic Grade, Triple-Filtered Beeswax for DIY Skin Care, Lip Balm, Lotion and Candle Making (1 oz Bars - Pack of 6)</p><p>$6.99</p><a href="https://www.amazon.com/dp/B01LWX2IO1?tag=eloabder-20&linkCode=osi&th=1&psc=1">View Product</a></div><div class="product"><a href="https://www.amazon.com/dp/B0BV77F19N?tag=eloabder-20&linkCode=osi&th=1&psc=1"><img src="https://m.media-amazon.com/images/I/41xzHaO1-EL._SL500_.jpg" alt="Product Image"></a><p>Beeswax Pellets 10LB Cosmetic Beeswax Triple Filtered Beeswax Pastilles for Candle Making Great for DIY Projects Creams Lotions Lip Balm and Soap Making Supplies(10LB)</p><p>$32.99</p><a href="https://www.amazon.com/dp/B0BV77F19N?tag=eloabder-20&linkCode=osi&th=1&psc=1">View Product</a></div><div class="product"><a href="https://www.amazon.com/dp/B0C9QSG3CY?tag=eloabder-20&linkCode=osi&th=1&psc=1"><img src="https://m.media-amazon.com/images/I/414XQcU6SRL._SL500_.jpg" alt="Product Image"></a><p>YASNAY White Beeswax Pellets 2LB, 100% Organic Beeswax, Beeswax for Candle Making, Body, Skin Care DIY, Lip Balm and Soap Making Supplies</p><p>$11.99</p><a href="https://www.amazon.com/dp/B0C9QSG3CY?tag=eloabder-20&linkCode=osi&th=1&psc=1">View Product</a></div><div class="product"><a href="https://www.amazon.com/dp/B097HTC4WN?tag=eloabder-20&linkCode=osi&th=1&psc=1"><img src="https://m.media-amazon.com/images/I/51pwMM7C6-L._SL500_.jpg" alt="Product Image"></a><p>Eco Lux 8 Yellow Beeswax Blocks 100% Pure Natural Organic Bees Wax 6.5oz</p><p>$8.49 ($1.35 / Ounce)</p><a href="https://www.amazon.com/dp/B097HTC4WN?tag=eloabder-20&linkCode=osi&th=1&psc=1">View Product</a></div><div class="product"><a href="https://www.amazon.com/dp/B00HDHQQCE?tag=eloabder-20&linkCode=osi&th=1&psc=1"><img src="https://m.media-amazon.com/images/I/41vF-7MwNhL._SL500_.jpg" alt="Product Image"></a><p>Murray's 100% Pure Beeswax 4 oz</p><p>$5.98 ($1.50 / Ounce)</p><a href="https://www.amazon.com/dp/B00HDHQQCE?tag=eloabder-20&linkCode=osi&th=1&psc=1">View Product</a></div><div class="product"><a href="https://www.amazon.com/dp/B09YM8JTLM?tag=eloabder-20&linkCode=osi&th=1&psc=1"><img src="https://m.media-amazon.com/images/I/41cjNuBnFEL._SL500_.jpg" alt="Product Image"></a><p>TRINIDa Beeswax Pellets 2LB(32 oz), 100% Organic Yellow Bees Wax for DIY Candles, Beeswax for Candle Making, Skin, Body, Face, and Hair Care, Lotions, DIY Creams, Lip Balm and Soap Making Supplies</p><p>$11.99</p><a href="https://www.amazon.com/dp/B09YM8JTLM?tag=eloabder-20&linkCode=osi&th=1&psc=1">View Product</a></div><div class="product"><a href="https://www.amazon.com/dp/B00F3CNMV4?tag=eloabder-20&linkCode=osi&th=1&psc=1"><img src="https://m.media-amazon.com/images/I/31pjrRAEa4L._SL500_.jpg" alt="Product Image"></a><p>Stakich Yellow Beeswax Block - Natural, Triple Filtered - 1 Pound, Honey Scent</p><p>$13.95 ($0.87 / Ounce)</p><a href="https://www.amazon.com/dp/B00F3CNMV4?tag=eloabder-20&linkCode=osi&th=1&psc=1">View Product</a></div><div class="product"><a href="https://www.amazon.com/dp/B0BXFZBZS9?tag=eloabder-20&linkCode=osi&th=1&psc=1"><img src="https://m.media-amazon.com/images/I/4178i9IB9KL._SL500_.jpg" alt="Product Image"></a><p>5LB Beeswax Pellets Beeswax for Candle Making Organic Beeswax Pellets for Skin Beeswax Beads Beeswax Bulk Beeswax for Lotion Making Organic for DIY and Craft Project</p><p>$22.99</p><a href="https://www.amazon.com/dp/B0BXFZBZS9?tag=eloabder-20&linkCode=osi&th=1&psc=1">View Product</a></div>
<div class="product"><a href="https://www.amazon.com/dp/B0052F1BVK?tag=eloabder-20&linkCode=osi&th=1&psc=1"><img src="https://m.media-amazon.com/images/I/41zE9eiGoLL._SL500_.jpg" alt="Product Image"></a><p>ACC Staples Large Binder Clips, 2" Width, 1" Capacity, Black, 12/Pk</p><p>$6.30</p><a href="https://www.amazon.com/dp/B0052F1BVK?tag=eloabder-20&linkCode=osi&th=1&psc=1">View Product</a></div><div class="product"><a href="https://www.amazon.com/dp/B07MLFR771?tag=eloabder-20&linkCode=osi&th=1&psc=1"><img src="https://m.media-amazon.com/images/I/51N2wxA7N0L._SL500_.jpg" alt="Product Image"></a><p>CooBigo 50 Pack Binder Ring, Metal Book Ring Paper Ring Holder 5/8-Inch Loose Leaf Binder Ring Clip for Index Card, Flash Card Ring, Card Calendar, Keychain Key Ring - Bronze</p><p>$6.99</p><a href="https://www.amazon.com/dp/B07MLFR771?tag=eloabder-20&linkCode=osi&th=1&psc=1">View Product</a></div><div class="product"><a href="https://www.amazon.com/dp/B01563NHGY?tag=eloabder-20&linkCode=osi&th=1&psc=1"><img src="https://m.media-amazon.com/images/I/41gj+0ZftqL._SL500_.jpg" alt="Product Image"></a><p>vanki Pack of 40 Cute Lovely Smiling Face Spring-Loaded File Organizer Paper Holder Metal Binder Clips, Assorted Color</p><p>$8.99</p><a href="https://www.amazon.com/dp/B01563NHGY?tag=eloabder-20&linkCode=osi&th=1&psc=1">View Product</a></div><div class="product"><a href="https://www.amazon.com/dp/B000GOUDSO?tag=eloabder-20&linkCode=osi&th=1&psc=1"><img src="https://m.media-amazon.com/images/I/41ZANISHgML._SL500_.jpg" alt="Product Image"></a><p>Small Binder Clips .75" 8/Pkg-Assorted Colors</p><p>$4.46</p><a href="https://www.amazon.com/dp/B000GOUDSO?tag=eloabder-20&linkCode=osi&th=1&psc=1">View Product</a></div>
<div class="product"><a href="https://www.amazon.com/dp/B07PRPX4VR?tag=eloabder-20&linkCode=osi&th=1&psc=1"><img src="https://m.media-amazon.com/images/I/41IMH12fdPL._SL500_.jpg" alt="Product Image"></a><p>Durable Sheet Lifters, Durable Easy Flow, 11" x 3", Lifts Sheets Over Rings and Protects Sheets from Tearing, Fit Standard 3-Ring Binders, Black (20 Pack)</p><p>$14.99</p><a href="https://www.amazon.com/dp/B07PRPX4VR?tag=eloabder-20&linkCode=osi&th=1&psc=1">View Product</a></div><div class="product"><a href="https://www.amazon.com/dp/B0CM8QJHFW?tag=eloabder-20&linkCode=osi&th=1&psc=1"><img src="https://m.media-amazon.com/images/I/31cJGS74oCL._SL500_.jpg" alt="Product Image"></a><p>Wantane D-Shaped Tape Storage Ring Tape Storage Ring 4" D-Shaped Washi Tape Storage Ring for DIY Decoration and Storage（Nickel）-2PCS</p><p>$7.99</p><a href="https://www.amazon.com/dp/B0CM8QJHFW?tag=eloabder-20&linkCode=osi&th=1&psc=1">View Product</a></div>
<div class="product"><a href="https://www.amazon.com/dp/B00006IAS3?tag=eloabder-20&linkCode=osi&th=1&psc=1"><img src="https://m.media-amazon.com/images/I/317DvSXhT1L._SL500_.jpg" alt="Product Image"></a><p>GBC Binding System, Manual, Desktop Binding Punch, 6 Sheet Punch Capacity, ProClick P50 (2515650)</p><p>$123.89</p><a href="https://www.amazon.com/dp/B00006IAS3?tag=eloabder-20&linkCode=osi&th=1&psc=1">View Product</a></div><div class="product"><a href="https://www.amazon.com/dp/B004BP81KQ?tag=eloabder-20&linkCode=osi&th=1&psc=1"><img src="https://m.media-amazon.com/images/I/51SqfeZ12KL._SL500_.jpg" alt="Product Image"></a><p>We R Memory Keepers Cinch Book Binding Wire (1-Inch, Silver (2 Pack))</p><p>$5.99</p><a href="https://www.amazon.com/dp/B004BP81KQ?tag=eloabder-20&linkCode=osi&th=1&psc=1">View Product</a></div>

<div class="product"><a href="https://www.amazon.com/dp/B0007ZJ8TM?tag=eloabder-20&linkCode=osi&th=1&psc=1"><img src="https://m.media-amazon.com/images/I/41i49sz3UAL._SL500_.jpg" alt="Product Image"></a><p>Speedball Super Black India Ink, 2-Ounce</p><p>$9.99 ($9.99 / Count)</p><a href="https://www.amazon.com/dp/B0007ZJ8TM?tag=eloabder-20&linkCode=osi&th=1&psc=1">View Product</a></div><div class="product"><a href="https://www.amazon.com/dp/B0026I10AI?tag=eloabder-20&linkCode=osi&th=1&psc=1"><img src="https://m.media-amazon.com/images/I/31vklP4uBsL._SL500_.jpg" alt="Product Image"></a><p>Dr. Ph. Martin's Bombay India (7BY) Ink Bottle, 1.0 oz, Black</p><p>$6.99</p><a href="https://www.amazon.com/dp/B0026I10AI?tag=eloabder-20&linkCode=osi&th=1&psc=1">View Product</a></div><div class="product"><a href="https://www.amazon.com/dp/B000KNP96C?tag=eloabder-20&linkCode=osi&th=1&psc=1"><img src="https://m.media-amazon.com/images/I/51e9srYtG0L._SL500_.jpg" alt="Product Image"></a><p>Winsor & Newton Drawing Ink, 14ml Bottle, Black Indian</p><p>$10.99</p><a href="https://www.amazon.com/dp/B000KNP96C?tag=eloabder-20&linkCode=osi&th=1&psc=1">View Product</a></div><div class="product"><a href="https://www.amazon.com/dp/B07BQG5QF4?tag=eloabder-20&linkCode=osi&th=1&psc=1"><img src="https://m.media-amazon.com/images/I/41nEMDYZaiL._SL500_.jpg" alt="Product Image"></a><p>Speedball Super Black India Ink, 16-Ounce</p><p>$19.99</p><a href="https://www.amazon.com/dp/B07BQG5QF4?tag=eloabder-20&linkCode=osi&th=1&psc=1">View Product</a></div><div class="product"><a href="https://www.amazon.com/dp/B001038NLY?tag=eloabder-20&linkCode=osi&th=1&psc=1"><img src="https://m.media-amazon.com/images/I/418i4sxJJ0L._SL500_.jpg" alt="Product Image"></a><p>Speedball Fabric Screen Printing Ink, 8-Ounce, Black for T-Shirt and Silkscreen Printmaking</p><p>$12.99 ($1.62 / Fl Oz)</p><a href="https://www.amazon.com/dp/B001038NLY?tag=eloabder-20&linkCode=osi&th=1&psc=1">View Product</a></div><div class="product"><a href="https://www.amazon.com/dp/B00161OPSA?tag=eloabder-20&linkCode=osi&th=1&psc=1"><img src="https://m.media-amazon.com/images/I/41C32y3CJAL._SL500_.jpg" alt="Product Image"></a><p>Tsukineko VersaFine inkpad, Full-Size, Onyx Black</p><p>$4.99 ($4.99 / Count)</p><a href="https://www.amazon.com/dp/B00161OPSA?tag=eloabder-20&linkCode=osi&th=1&psc=1">View Product</a></div>
<div class="product"><a href="https://www.amazon.com/dp/B07Q4TJCDJ?tag=eloabder-20&linkCode=osi&th=1&psc=1"><img src="https://m.media-amazon.com/images/I/315HYvYg-BL._SL500_.jpg" alt="Product Image"></a><p>Primbeeks 300pcs Blank Business Cards, Premium Blank White Cards, 3.5" x 2.2" Small Blank Cards, Blank Cardstock Cards, Small Note Cards, white blank cards, white business cards, kraft paper cards</p><p>$7.99</p><a href="https://www.amazon.com/dp/B07Q4TJCDJ?tag=eloabder-20&linkCode=osi&th=1&psc=1">View Product</a></div><div class="product"><a href="https://www.amazon.com/dp/B0CRGHFLT8?tag=eloabder-20&linkCode=osi&th=1&psc=1"><img src="https://m.media-amazon.com/images/I/41S1NLpb8hL._SL500_.jpg" alt="Product Image"></a><p>Watercolor Cards and Envelopes Set - 50 Folded 5x7 Inch Blank Heavyweight Paper Cards (140lb/300gsm) with Matching Envelopes for DIY Greeting Cards, Festivals, and Events</p><p>$17.99 ($0.36 / Count)</p><a href="https://www.amazon.com/dp/B0CRGHFLT8?tag=eloabder-20&linkCode=osi&th=1&psc=1">View Product</a></div><div class="product"><a href="https://www.amazon.com/dp/B08MX4TZ3H?tag=eloabder-20&linkCode=osi&th=1&psc=1"><img src="https://m.media-amazon.com/images/I/41D2u4vdLQL._SL500_.jpg" alt="Product Image"></a><p>50 Pack Blank Kraft Cards Cardstock Thick Paper Brown Greeting Cards for DIY Gift Card Menus, Baby Shower and Wedding Invitations (Multicolored, 5x7IN)</p><p>$8.99</p><a href="https://www.amazon.com/dp/B08MX4TZ3H?tag=eloabder-20&linkCode=osi&th=1&psc=1">View Product</a></div><div class="product"><a href="https://www.amazon.com/dp/B08BDGGVMK?tag=eloabder-20&linkCode=osi&th=1&psc=1"><img src="https://m.media-amazon.com/images/I/41W-dTUoBqL._SL500_.jpg" alt="Product Image"></a><p>100pcs 3.54"x2" Blank Kraft Paper Business Card, Words Message Notes paper Tags, Mini Craft Cardboard Festival gifts - 6 colors</p><p>$5.98</p><a href="https://www.amazon.com/dp/B08BDGGVMK?tag=eloabder-20&linkCode=osi&th=1&psc=1">View Product</a></div><div class="product"><a href="https://www.amazon.com/dp/B08BFDJJ78?tag=eloabder-20&linkCode=osi&th=1&psc=1"><img src="https://m.media-amazon.com/images/I/61LZ1Csb+dL._SL500_.jpg" alt="Product Image"></a><p>Nettbe 100pcs 3.54"x2" Blank Kraft Paper Business Card, Words Message Notes paper Tags, Mini Craft Cardboard Festival gifts</p><p>$5.99</p><a href="https://www.amazon.com/dp/B08BFDJJ78?tag=eloabder-20&linkCode=osi&th=1&psc=1">View Product</a></div><div class="product"><a href="https://www.amazon.com/dp/B07Q8YBJM3?tag=eloabder-20&linkCode=osi&th=1&psc=1"><img src="https://m.media-amazon.com/images/I/31w6U4cCqEL._SL500_.jpg" alt="Product Image"></a><p>Primbeeks 228pcs Blank Business Cards, Premium Blank White Cards, 3.5" x 2.2" Small Blank Cards, Blank Cardstock Cards, Small Note Cards, white blank cards, white business cards, kraft paper cards</p><p>$5.99</p><a href="https://www.amazon.com/dp/B07Q8YBJM3?tag=eloabder-20&linkCode=osi&th=1&psc=1">View Product</a></div><div class="product"><a href="https://www.amazon.com/dp/B08X4Z9TGN?tag=eloabder-20&linkCode=osi&th=1&psc=1"><img src="https://m.media-amazon.com/images/I/41Jqhe35tDL._SL500_.jpg" alt="Product Image"></a><p>321Done Blank Rustic Cards, Made in USA - 4x6 Thick, Heavy Cardstock - Make Invites, Greeting, Note, Thank You Cards - Plain Kraft for Writing, Stamping, Printing, Art - No Envelopes - Set of 50</p><p>$14.99</p><a href="https://www.amazon.com/dp/B08X4Z9TGN?tag=eloabder-20&linkCode=osi&th=1&psc=1">View Product</a></div><div class="product"><a href="https://www.amazon.com/dp/B0D2KDWBNM?tag=eloabder-20&linkCode=osi&th=1&psc=1"><img src="https://m.media-amazon.com/images/I/31dAhnBJ7aL._SL500_.jpg" alt="Product Image"></a><p>4x6 Blank White Cardstock (Set of 100) - Card Stock for Printer Postcards, Photo Paper Invitations, Greeting, Note, Thank You, DIY Making, Index Cards - Plain for Writing, Stamping, Printing, Art</p><p>$8.99</p><a href="https://www.amazon.com/dp/B0D2KDWBNM?tag=eloabder-20&linkCode=osi&th=1&psc=1">View Product</a></div><div class="product"><a href="https://www.amazon.com/dp/B0BB858RYN?tag=eloabder-20&linkCode=osi&th=1&psc=1"><img src="https://m.media-amazon.com/images/I/317zmriPKNL._SL500_.jpg" alt="Product Image"></a><p>WANDERINGS Handmade White Deckle Edge Blank Greeting Cards- Folded to 5x7” - Pack of 25 - Writers, Artists, Crafters - Thank Yous, Invitations, Menus, Greeting Cards, Notes - Thick 150 GSM</p><p>$21.99 ($0.88 / Count)</p><a href="https://www.amazon.com/dp/B0BB858RYN?tag=eloabder-20&linkCode=osi&th=1&psc=1">View Product</a></div><div class="product"><a href="https://www.amazon.com/dp/B0BZPPXRZW?tag=eloabder-20&linkCode=osi&th=1&psc=1"><img src="https://m.media-amazon.com/images/I/21Da-WQhrpL._SL500_.jpg" alt="Product Image"></a><p>100 Pack Thick Paper Cardstock Blank Heavy Cards Stock for Invitations, Greeting Cards Making, Postcards, Photos, 250GSM Thick Paper (White, 2x3.5 inches)</p><p>$5.99</p><a href="https://www.amazon.com/dp/B0BZPPXRZW?tag=eloabder-20&linkCode=osi&th=1&psc=1">View Product</a></div>
<div class="product"><a href="https://www.amazon.com/dp/B0BZRDQKH6?tag=eloabder-20&linkCode=osi&th=1&psc=1"><img src="https://m.media-amazon.com/images/I/41GYYRiusgL._SL500_.jpg" alt="Product Image"></a><p>feela 8 Pack Unlined Kraft Paper Notebooks, Blank Journal Note Pad for Drawing Writing, Small Sketchbook Travel Journal Bulk for Women Kids Students Office School Supplies, A5, 60 Pages, 8.3” X 5.5”</p><p>$9.99</p><a href="https://www.amazon.com/dp/B0BZRDQKH6?tag=eloabder-20&linkCode=osi&th=1&psc=1">View Product</a></div><div class="product"><a href="https://www.amazon.com/dp/B0BXLB74KK?tag=eloabder-20&linkCode=osi&th=1&psc=1"><img src="https://m.media-amazon.com/images/I/313vYzg7HpL._SL500_.jpg" alt="Product Image"></a><p>ZZTX 4 Pack Blank Kraft Notebooks, Blank Paper Sketchbooks for Drawing Doodling Writing,Travel Journal Set, A5, 36 Pages, 8.3” X 5.5”</p><p>$5.99</p><a href="https://www.amazon.com/dp/B0BXLB74KK?tag=eloabder-20&linkCode=osi&th=1&psc=1">View Product</a></div><div class="product"><a href="https://www.amazon.com/dp/B0BW5TNPXJ?tag=eloabder-20&linkCode=osi&th=1&psc=1"><img src="https://m.media-amazon.com/images/I/31Wu8UP78iL._SL500_.jpg" alt="Product Image"></a><p>EOOUT Kraft Notebooks, Blank Page Journals in Bulk, 16pcs A5, 8.3 X 5.5 Inches, 60 Pages, 80gsm, Travel Journal Set, for Art Camp, Travelers, Students and Office Supplies Sketchbooks Bulk for Kids</p><p>$15.99</p><a href="https://www.amazon.com/dp/B0BW5TNPXJ?tag=eloabder-20&linkCode=osi&th=1&psc=1">View Product</a></div><div class="product"><a href="https://www.amazon.com/dp/B08P3F46SD?tag=eloabder-20&linkCode=osi&th=1&psc=1"><img src="https://m.media-amazon.com/images/I/41jeBDcZJ1L._SL500_.jpg" alt="Product Image"></a><p>Krafty Soft Cover Blank Notebook Journal, Spiral Sketchbook Pad, Drawing Book, 60 Sheets/140gsm (A4)/120 Pages</p><p>$7.99</p><a href="https://www.amazon.com/dp/B08P3F46SD?tag=eloabder-20&linkCode=osi&th=1&psc=1">View Product</a></div><div class="product"><a href="https://www.amazon.com/dp/B0CWNPMC4T?tag=eloabder-20&linkCode=osi&th=1&psc=1"><img src="https://m.media-amazon.com/images/I/31BZeVGe6TL._SL500_.jpg" alt="Product Image"></a><p>zmybcpack 5 Pack Blank Journal Notebooks, Blank Paper Sketchbook for Drawing Writing, Travel Journal Notebook Kraft Paper Notebook for Travelers, Students, Office, A5, 8.26” x 5.5”, 60 Pages/30 Sheets</p><p>$8.99</p><a href="https://www.amazon.com/dp/B0CWNPMC4T?tag=eloabder-20&linkCode=osi&th=1&psc=1">View Product</a></div><div class="product"><a href="https://www.amazon.com/dp/B07WHYP9WN?tag=eloabder-20&linkCode=osi&th=1&psc=1"><img src="https://m.media-amazon.com/images/I/41ZhyCux1yL._SL500_.jpg" alt="Product Image"></a><p>Thick Blank Journal Notebook with Unlined / Unruled / Plain Pages | Deluxe 120gsm Ink Resistant Paper for Writing, Sketch Book, 160 Pages | Hardcover Sketchbook with Pen Holder, Pocket, Ribbon (Black)</p><p>$14.99</p><a href="https://www.amazon.com/dp/B07WHYP9WN?tag=eloabder-20&linkCode=osi&th=1&psc=1">View Product</a></div>
<div class="product"><a href="https://www.amazon.com/dp/B07MT7HKZW?tag=eloabder-20&linkCode=osi&th=1&psc=1"><img src="https://m.media-amazon.com/images/I/413JwH5JREL._SL500_.jpg" alt="Product Image"></a><p>Spiral Sketch Book Large Notebook（Built-in Drawing Board） Kraft Cover Blank Sketch Pad Wirebound Sketching for Drawing Painting 8.5x11-Inch (2 Pack) 200 Sheets, 100 Sheets, 200Pages Each</p><p>$17.99 ($9.00 / Count)</p><a href="https://www.amazon.com/dp/B07MT7HKZW?tag=eloabder-20&linkCode=osi&th=1&psc=1">View Product</a></div><div class="product"><a href="https://www.amazon.com/dp/B0BDQ82WB9?tag=eloabder-20&linkCode=osi&th=1&psc=1"><img src="https://m.media-amazon.com/images/I/51FoWr3GPwL._SL500_.jpg" alt="Product Image"></a><p>feela 170 Pack Blank Kraft Notebooks, Unlined Sketchbook Mini Cute Note Pad for Drawing Writing, Journal Bulk For Kids Students Office School Supplies, A6, 48 Pages, 4.25” X 5.5”, Black and Brown</p><p>$51.99</p><a href="https://www.amazon.com/dp/B0BDQ82WB9?tag=eloabder-20&linkCode=osi&th=1&psc=1">View Product</a></div><div class="product"><a href="https://www.amazon.com/dp/B0B3WWHWT2?tag=eloabder-20&linkCode=osi&th=1&psc=1"><img src="https://m.media-amazon.com/images/I/31m0FzXtPxL._SL500_.jpg" alt="Product Image"></a><p>Tamaki 6 Pack Colorful Blank Books for kids to Write, Drawing, Cute Sketchbook for Kid, 6 Colors (4.25 x 5.5 Inches)</p><p>$6.99</p><a href="https://www.amazon.com/dp/B0B3WWHWT2?tag=eloabder-20&linkCode=osi&th=1&psc=1">View Product</a></div>
<div class="product"><a href="https://www.amazon.com/dp/B0BGH2P9M6?tag=eloabder-20&linkCode=osi&th=1&psc=1"><img src="https://m.media-amazon.com/images/I/41ozOaYoHEL._SL500_.jpg" alt="Product Image"></a><p>EOOUT 100pcs A5 Kraft Notebooks, Blank Page Journals in Bulk, Sketchbooks Bulk for Kids, 60 Pages, 80GSM, 8.3 X 5.5 Inch, Travel Journal Set, for Art Camp, Travelers, Students and Office Supplies</p><p>$51.99</p><a href="https://www.amazon.com/dp/B0BGH2P9M6?tag=eloabder-20&linkCode=osi&th=1&psc=1">View Product</a></div><div class="product"><a href="https://www.amazon.com/dp/B07MT99F94?tag=eloabder-20&linkCode=osi&th=1&psc=1"><img src="https://m.media-amazon.com/images/I/41Ug7gpSWDL._SL500_.jpg" alt="Product Image"></a><p>Spiral Sketch Book Large Notebook（Built-in Drawing Board） Kraft Cover Blank Sketch Pad Wirebound Sketching for Drawing Painting 8.5x11-Inch (1 Pack) 200 Pages, 100 Sheets</p><p>$9.99</p><a href="https://www.amazon.com/dp/B07MT99F94?tag=eloabder-20&linkCode=osi&th=1&psc=1">View Product</a></div><div class="product"><a href="https://www.amazon.com/dp/B07CM32KLM?tag=eloabder-20&linkCode=osi&th=1&psc=1"><img src="https://m.media-amazon.com/images/I/41ENhBLE9DL._SL500_.jpg" alt="Product Image"></a><p>Kraft Cover Drawing Notebook & Sketchbook – Set of 2 Blank Plain Sketch Books – 125g Thick Paper A5 Size, 150x210mm Paper Ideal for Drawing & Sketching- 128 sheets/256 pages – 180 Degree Opening, 2pcs</p><p>$20.99 ($0.08 / Count)</p><a href="https://www.amazon.com/dp/B07CM32KLM?tag=eloabder-20&linkCode=osi&th=1&psc=1">View Product</a></div><div class="product"><a href="https://www.amazon.com/dp/B08ZLMLF7C?tag=eloabder-20&linkCode=osi&th=1&psc=1"><img src="https://m.media-amazon.com/images/I/41X-5yj83vL._SL500_.jpg" alt="Product Image"></a><p>BEECHMORE BOOKS Sketch Book, A4 8.5 x 11.5 inch Blank Sketchbook for Drawing, Paint and Draw, 156 Pages Thick Paper 160gsm, Hardcover Leather Art Notebook, Boxed for Gifts (Chestnut Brown)</p><p>$21.20</p><a href="https://www.amazon.com/dp/B08ZLMLF7C?tag=eloabder-20&linkCode=osi&th=1&psc=1">View Product</a></div>
<div class="product"><a href="https://www.amazon.com/dp/B075M9MSFH?tag=eloabder-20&linkCode=osi&th=1&psc=1"><img src="https://m.media-amazon.com/images/I/51x+szTX6TL._SL500_.jpg" alt="Product Image"></a><p>Bianyo Bleedproof Marker Paper Pad, A4(8.27"X11.69"), 50 Sheets, 18 LB / 70 GSM, Glue-Bound, 100% Cotton, White, Ideal for Use with Markers and Ink Mediums</p><p>$9.99</p><a href="https://www.amazon.com/dp/B075M9MSFH?tag=eloabder-20&linkCode=osi&th=1&psc=1">View Product</a></div><div class="product"><a href="https://www.amazon.com/dp/B08FX5S2NL?tag=eloabder-20&linkCode=osi&th=1&psc=1"><img src="https://m.media-amazon.com/images/I/41CA0ZfazKL._SL500_.jpg" alt="Product Image"></a><p>Marker Paper Sketchbook, Bleedproof Art Marker Pad, (8.27 X 11.69) Inch, White, 40 Sheets</p><p>$6.99</p><a href="https://www.amazon.com/dp/B08FX5S2NL?tag=eloabder-20&linkCode=osi&th=1&psc=1">View Product</a></div><div class="product"><a href="https://www.amazon.com/dp/B0CJRBFSJ8?tag=eloabder-20&linkCode=osi&th=1&psc=1"><img src="https://m.media-amazon.com/images/I/51DLA8TpwEL._SL500_.jpg" alt="Product Image"></a><p>Shuttle Art Marker Pad, 8.3”x8.9” Portable Square Sketchbook, 80 Sheets Marker Drawing Paper, 120LB/200GSM Bleedproof Art Paper, Spiral-Bound, Great for Professional Artist to Draw, Paint & Sketch</p><p>$16.99</p><a href="https://www.amazon.com/dp/B0CJRBFSJ8?tag=eloabder-20&linkCode=osi&th=1&psc=1">View Product</a></div><div class="product"><a href="https://www.amazon.com/dp/B09N7VX5Z5?tag=eloabder-20&linkCode=osi&th=1&psc=1"><img src="https://m.media-amazon.com/images/I/51xCPs9HZyL._SL500_.jpg" alt="Product Image"></a><p>Marker Paper Sketchbook - Marker Sketchbook with Bleedproof Smooth Coated Art Paper, 120 GSM 80 LBS - Marker Pad for Alcohol Markers, Sketching, Drawing - 8.11 x 8.5 Inch | 50 Sheets, 2 Pack</p><p>$15.99 ($8.00 / Count)</p><a href="https://www.amazon.com/dp/B09N7VX5Z5?tag=eloabder-20&linkCode=osi&th=1&psc=1">View Product</a></div><div class="product"><a href="https://www.amazon.com/dp/B07CK94W9T?tag=eloabder-20&linkCode=osi&th=1&psc=1"><img src="https://m.media-amazon.com/images/I/41ocoSNDjdL._SL500_.jpg" alt="Product Image"></a><p>BOXUN Premium 50 Sheets Sketch Marker Paper Pad, Bleedproof Artist Drawing Paper, 8.27 x 11.69 Inch</p><p>$8.29 ($0.17 / Count)</p><a href="https://www.amazon.com/dp/B07CK94W9T?tag=eloabder-20&linkCode=osi&th=1&psc=1">View Product</a></div><div class="product"><a href="https://www.amazon.com/dp/B0CPXWD11W?tag=eloabder-20&linkCode=osi&th=1&psc=1"><img src="https://m.media-amazon.com/images/I/51ApKzpDVNL._SL500_.jpg" alt="Product Image"></a><p>FEITAKE Marker Paper Pad Sketchbook Bleedproof for Alcohol Markers 120lb/200gsm Double Sided Thick Art Drawing Papers 60pages (30Sheets) / A4(8.3"x11.7") Gift for Artists Students Kids</p><p>$13.99 ($0.47 / Count)</p><a href="https://www.amazon.com/dp/B0CPXWD11W?tag=eloabder-20&linkCode=osi&th=1&psc=1">View Product</a></div><div class="product"><a href="https://www.amazon.com/dp/B0025TWYW6?tag=eloabder-20&linkCode=osi&th=1&psc=1"><img src="https://m.media-amazon.com/images/I/51t6UkUHCvL._SL500_.jpg" alt="Product Image"></a><p>Bee Paper Bleedproof Marker Pack, 8-1/2-Inch by 11-Inch, 50 Sheets per Pack</p><p>$17.09 ($0.34 / Count)</p><a href="https://www.amazon.com/dp/B0025TWYW6?tag=eloabder-20&linkCode=osi&th=1&psc=1">View Product</a></div><div class="product"><a href="https://www.amazon.com/dp/B0CJRBYYQB?tag=eloabder-20&linkCode=osi&th=1&psc=1"><img src="https://m.media-amazon.com/images/I/41knBnjZ25L._SL500_.jpg" alt="Product Image"></a><p>Shuttle Art Marker Pad, 8.3”x7.67” Portable Square Sketchbook, 50 Sheets Marker Drawing Paper, 60LB/90GSM Smooth Surface Bleedproof Art Paper, Glue-Bound, Great for Beginners to Draw, Paint & Sketch</p><p>$8.99 ($0.18 / Count)</p><a href="https://www.amazon.com/dp/B0CJRBYYQB?tag=eloabder-20&linkCode=osi&th=1&psc=1">View Product</a></div>
<div class="product"><a href="https://www.amazon.com/dp/B00881IU8M?tag=eloabder-20&linkCode=osi&th=1&psc=1"><img src="https://m.media-amazon.com/images/I/41hbSgdLBtL._SL500_.jpg" alt="Product Image"></a><p>Speedball Fabric & Paper Block Printing Ink 6-Color Set, 1.25-Ounce x 6</p><p>$28.99 ($28.99 / Count)</p><a href="https://www.amazon.com/dp/B00881IU8M?tag=eloabder-20&linkCode=osi&th=1&psc=1">View Product</a></div><div class="product"><a href="https://www.amazon.com/dp/B000J09PFM?tag=eloabder-20&linkCode=osi&th=1&psc=1"><img src="https://m.media-amazon.com/images/I/51yPRc4nvoL._SL500_.jpg" alt="Product Image"></a><p>Speedball Water-Soluble Block Printing Ink Starter Set, 6 Bold Colors with Satin Finish, 1.25-Ounce Tubes</p><p>$29.99 ($4.00 / Fl Oz)</p><a href="https://www.amazon.com/dp/B000J09PFM?tag=eloabder-20&linkCode=osi&th=1&psc=1">View Product</a></div><div class="product"><a href="https://www.amazon.com/dp/B000BYT24U?tag=eloabder-20&linkCode=osi&th=1&psc=1"><img src="https://m.media-amazon.com/images/I/51pDlo+LlKL._SL500_.jpg" alt="Product Image"></a><p>Speedball Water-Soluble Block Printing Ink, 8-Ounce Jar, Black</p><p>$14.49</p><a href="https://www.amazon.com/dp/B000BYT24U?tag=eloabder-20&linkCode=osi&th=1&psc=1">View Product</a></div><div class="product"><a href="https://www.amazon.com/dp/B00C1JUJWW?tag=eloabder-20&linkCode=osi&th=1&psc=1"><img src="https://m.media-amazon.com/images/I/41zDtJ6f5hL._SL500_.jpg" alt="Product Image"></a><p>Speedball Fabric Block Printing Ink, 2.5-Ounce, Black</p><p>$9.99 ($4.00 / Fl Oz)</p><a href="https://www.amazon.com/dp/B00C1JUJWW?tag=eloabder-20&linkCode=osi&th=1&psc=1">View Product</a></div><div class="product"><a href="https://www.amazon.com/dp/B004PZ1ZJG?tag=eloabder-20&linkCode=osi&th=1&psc=1"><img src="https://m.media-amazon.com/images/I/41+GkhhpR5L._SL500_.jpg" alt="Product Image"></a><p>Speedball Water-Soluble Block Printing Ink Starter Set, 4-Color Set, 1.25-Ounce Tubes</p><p>$20.99</p><a href="https://www.amazon.com/dp/B004PZ1ZJG?tag=eloabder-20&linkCode=osi&th=1&psc=1">View Product</a></div><div class="product"><a href="https://www.amazon.com/dp/B0017CZF3C?tag=eloabder-20&linkCode=osi&th=1&psc=1"><img src="https://m.media-amazon.com/images/I/41S17SYPAZL._SL500_.jpg" alt="Product Image"></a><p>Speedball Water Soluble Block Printing Ink, Black, 2-1/2 Ounces - 380663</p><p>$9.99</p><a href="https://www.amazon.com/dp/B0017CZF3C?tag=eloabder-20&linkCode=osi&th=1&psc=1">View Product</a></div><div class="product"><a href="https://www.amazon.com/dp/B0BXNX8FSH?tag=eloabder-20&linkCode=osi&th=1&psc=1"><img src="https://m.media-amazon.com/images/I/51JGm1VxVOL._SL500_.jpg" alt="Product Image"></a><p>Falling in Art Water-Soluble Block Printing Ink, 6-Color Printmaking Ink Set for Linoleum Block, 3.5 floz</p><p>$28.99</p><a href="https://www.amazon.com/dp/B0BXNX8FSH?tag=eloabder-20&linkCode=osi&th=1&psc=1">View Product</a></div><div class="product"><a href="https://www.amazon.com/dp/B0027ACJBO?tag=eloabder-20&linkCode=osi&th=1&psc=1"><img src="https://m.media-amazon.com/images/I/41OzayB9ojL._SL500_.jpg" alt="Product Image"></a><p>Speedball 3476 Oil-Based Block Printing Ink Starter Set for Professional, Permanent Prints AP Certified – 1.25 FL OZ Tubes</p><p>$33.99</p><a href="https://www.amazon.com/dp/B0027ACJBO?tag=eloabder-20&linkCode=osi&th=1&psc=1">View Product</a></div>
<div class="product"><a href="https://www.amazon.com/dp/B0027AGDWK?tag=eloabder-20&linkCode=osi&th=1&psc=1"><img src="https://m.media-amazon.com/images/I/515LDer6GPL._SL500_.jpg" alt="Product Image"></a><p>Speedball Deluxe Block Printing Kit - Includes Inks, Brayer, Bench Hook, Lino Handle and Cutters, Speedy-Carve Block, Mounted Linoleum Block</p><p>$59.99</p><a href="https://www.amazon.com/dp/B0027AGDWK?tag=eloabder-20&linkCode=osi&th=1&psc=1">View Product</a></div><div class="product"><a href="https://www.amazon.com/dp/B07ZJBZN5S?tag=eloabder-20&linkCode=osi&th=1&psc=1"><img src="https://m.media-amazon.com/images/I/41UbN58y9uS._SL500_.jpg" alt="Product Image"></a><p>SGHUO 12pcs 4"x6" Pink Rubber Carving Blocks Linoleum Block Stamp Making Kit</p><p>$22.99 ($1.92 / Count)</p><a href="https://www.amazon.com/dp/B07ZJBZN5S?tag=eloabder-20&linkCode=osi&th=1&psc=1">View Product</a></div>
<div class="product"><a href="https://www.amazon.com/dp/B00L2DYUM8?tag=eloabder-20&linkCode=osi&th=1&psc=1"><img src="https://m.media-amazon.com/images/I/51l5FZ0+5AL._SL500_.jpg" alt="Product Image"></a><p>Strathmore 300 Series Printmaking Paper Pad, Glue Bound, 5x7 inches, 40 Sheets (120g) - Artist Paper for Adults and Students - Block Printing, Linocut, Screen Printing, White</p><p>$7.26</p><a href="https://www.amazon.com/dp/B00L2DYUM8?tag=eloabder-20&linkCode=osi&th=1&psc=1">View Product</a></div><div class="product"><a href="https://www.amazon.com/dp/B07BSYS5XC?tag=eloabder-20&linkCode=osi&th=1&psc=1"><img src="https://m.media-amazon.com/images/I/51Uwfq0jv+L._SL500_.jpg" alt="Product Image"></a><p>Ucreate Printmaking Paper, 9"x12", White, 100 Sheet, P9001</p><p>$9.79</p><a href="https://www.amazon.com/dp/B07BSYS5XC?tag=eloabder-20&linkCode=osi&th=1&psc=1">View Product</a></div><div class="product"><a href="https://www.amazon.com/dp/B00K5562WA?tag=eloabder-20&linkCode=osi&th=1&psc=1"><img src="https://m.media-amazon.com/images/I/51Dm+TeJGdL._SL500_.jpg" alt="Product Image"></a><p>Strathmore Printmaking Paper Pad 8"X10"-20 Sheets -62433800, White</p><p>$10.19</p><a href="https://www.amazon.com/dp/B00K5562WA?tag=eloabder-20&linkCode=osi&th=1&psc=1">View Product</a></div><div class="product"><a href="https://www.amazon.com/dp/B001DNH8I0?tag=eloabder-20&linkCode=osi&th=1&psc=1"><img src="https://m.media-amazon.com/images/I/51UzoKdUojL._SL500_.jpg" alt="Product Image"></a><p>Black Ink 9-Inch by 12-Inch Bleached Mulberry Block Printing Paper, 25-Pack</p><p>$19.35 ($0.77 / Count)</p><a href="https://www.amazon.com/dp/B001DNH8I0?tag=eloabder-20&linkCode=osi&th=1&psc=1">View Product</a></div><div class="product"><a href="https://www.amazon.com/dp/B00C6G6L5Y?tag=eloabder-20&linkCode=osi&th=1&psc=1"><img src="https://m.media-amazon.com/images/I/5103h0Rm8sL._SL500_.jpg" alt="Product Image"></a><p>Black Ink Thai Mulberry Block Printing Paper Packs small assorted colors</p><p>$21.99</p><a href="https://www.amazon.com/dp/B00C6G6L5Y?tag=eloabder-20&linkCode=osi&th=1&psc=1">View Product</a></div>
<div class="product"><a href="https://www.amazon.com/dp/B003IG27OK?tag=eloabder-20&linkCode=osi&th=1&psc=1"><img src="https://m.media-amazon.com/images/I/416NUaYo1DL._SL500_.jpg" alt="Product Image"></a><p>Speedball Block Printing Baren - Comfortable Wooden Handle, Made in the USA - 4 Inches</p><p>$29.49</p><a href="https://www.amazon.com/dp/B003IG27OK?tag=eloabder-20&linkCode=osi&th=1&psc=1">View Product</a></div>
<div class="product"><a href="https://www.amazon.com/dp/B0CMZYY8CJ?tag=eloabder-20&linkCode=osi&th=1&psc=1"><img src="https://m.media-amazon.com/images/I/41TifSIP7SL._SL500_.jpg" alt="Product Image"></a><p>Ecoofor Blotting Paper for Flower Press, 20 Sheets Highly Absorbent and Reusable Blotter Paper for Flower Press Paper Craft 9 x 9 inch</p><p>$9.99</p><a href="https://www.amazon.com/dp/B0CMZYY8CJ?tag=eloabder-20&linkCode=osi&th=1&psc=1">View Product</a></div><div class="product"><a href="https://www.amazon.com/dp/B0CYRT3RM4?tag=eloabder-20&linkCode=osi&th=1&psc=1"><img src="https://m.media-amazon.com/images/I/31+qvVq3giL._SL500_.jpg" alt="Product Image"></a><p>Hygge & Sage Premium Natural Fiber Blotting Paper for Flower Press Art; 20 Large Sheets for a Press up to 8x11 Inches; Absorbent, Versatile, and Acid-Free Reusable Blotter Paper for Flower Pressing</p><p>$9.50 ($0.48 / Count)</p><a href="https://www.amazon.com/dp/B0CYRT3RM4?tag=eloabder-20&linkCode=osi&th=1&psc=1">View Product</a></div><div class="product"><a href="https://www.amazon.com/dp/B0D41GDLHM?tag=eloabder-20&linkCode=osi&th=1&psc=1"><img src="https://m.media-amazon.com/images/I/41LIF5dHXaL._SL500_.jpg" alt="Product Image"></a><p>Aboofx 20 Sheets Blotting Paper for Flower Press, 15" x 10" Extra Large Highly Absorbent Blotter Paper for Flower Press Reusable Herbarium Paper Craft Blotter Paper Sheets</p><p>$19.99</p><a href="https://www.amazon.com/dp/B0D41GDLHM?tag=eloabder-20&linkCode=osi&th=1&psc=1">View Product</a></div><div class="product"><a href="https://www.amazon.com/dp/B0CQMMYSBR?tag=eloabder-20&linkCode=osi&th=1&psc=1"><img src="https://m.media-amazon.com/images/I/413SlUi6IDL._SL500_.jpg" alt="Product Image"></a><p>Wisreach Blotting Paper for Flower Press, 20 Sheets Flower Press Paper Highly Absorbent and Reusable Blotter Paper for Flower Art A4 Size 8.26 x 11.4 inch</p><p>$9.99</p><a href="https://www.amazon.com/dp/B0CQMMYSBR?tag=eloabder-20&linkCode=osi&th=1&psc=1">View Product</a></div><div class="product"><a href="https://www.amazon.com/dp/B093FQ22PG?tag=eloabder-20&linkCode=osi&th=1&psc=1"><img src="https://m.media-amazon.com/images/I/41B2jXhe+QL._SL500_.jpg" alt="Product Image"></a><p>Blotting Paper for Flower Press by Berstuk® • Large A4 Flower Press Paper • Highly Absorbent and Reusable Herbarium Paper • Pack of 10 Blotter Paper Sheets</p><p>$6.99 ($69.90 / 100 Sheets)</p><a href="https://www.amazon.com/dp/B093FQ22PG?tag=eloabder-20&linkCode=osi&th=1&psc=1">View Product</a></div><div class="product"><a href="https://www.amazon.com/dp/B0C6PW4VGB?tag=eloabder-20&linkCode=osi&th=1&psc=1"><img src="https://m.media-amazon.com/images/I/21C64VB3iVL._SL500_.jpg" alt="Product Image"></a><p>PATIKIL 16"x12" Flower Press Paper, 1 Set/30 Sheet Refill Lining Blotter Paper Absorbent Reusable Blotting Paper for DIY Art Handicraft Scrapbook</p><p>$11.19</p><a href="https://www.amazon.com/dp/B0C6PW4VGB?tag=eloabder-20&linkCode=osi&th=1&psc=1">View Product</a></div><div class="product"><a href="https://www.amazon.com/dp/B0C6PTK915?tag=eloabder-20&linkCode=osi&th=1&psc=1"><img src="https://m.media-amazon.com/images/I/21UviFCGjtL._SL500_.jpg" alt="Product Image"></a><p>PATIKIL 12"x8" Flower Press Paper, 2 Set/60 Sheet Refill Lining Blotter Paper Absorbent Reusable Blotting Paper for DIY Art Handicraft Scrapbook</p><p>$13.69</p><a href="https://www.amazon.com/dp/B0C6PTK915?tag=eloabder-20&linkCode=osi&th=1&psc=1">View Product</a></div><div class="product"><a href="https://www.amazon.com/dp/B0CDJZ4MD7?tag=eloabder-20&linkCode=osi&th=1&psc=1"><img src="https://m.media-amazon.com/images/I/41iwkW+QQOL._SL500_.jpg" alt="Product Image"></a><p>30 PCS Blotting Paper for Flower Press Large A4 Flower Press Paper Highly Absorbent and Reusable Blotter Paper Refill Lining Paper for Flower Press Art Craft Scrapbook Making, 11.8 x 7.9 Inches Blue</p><p>$9.99</p><a href="https://www.amazon.com/dp/B0CDJZ4MD7?tag=eloabder-20&linkCode=osi&th=1&psc=1">View Product</a></div>

<div class="product"><a href="https://www.amazon.com/dp/B0D2T4F1DZ?tag=eloabder-20&linkCode=osi&th=1&psc=1"><img src="https://m.media-amazon.com/images/I/41KNcatyBWL._SL500_.jpg" alt="Product Image"></a><p>10pcs Book Cloth,14”x10”,Fabric Surface and Paper Backed, book cloth for book binding,book binding fabric,5 Colors Bookbinding Cloth for DIY fabric book cover,bookbinding paper (Style B)</p><p>$9.99</p><a href="https://www.amazon.com/dp/B0D2T4F1DZ?tag=eloabder-20&linkCode=osi&th=1&psc=1">View Product</a></div><div class="product"><a href="https://www.amazon.com/dp/B0CMD2LWR8?tag=eloabder-20&linkCode=osi&th=1&psc=1"><img src="https://m.media-amazon.com/images/I/31QVUZVSB+L._SL500_.jpg" alt="Product Image"></a><p>Mozeat Lens 33 ft Bookbinding Tape Book Tape Repair Book Binding Tape Cloth Book Repair Kit 2 Inch Wide Book Spine Tape Cloth Bookbinding Repair Tape White Book Tape for Reinforcing Book Spine Tape</p><p>$7.99</p><a href="https://www.amazon.com/dp/B0CMD2LWR8?tag=eloabder-20&linkCode=osi&th=1&psc=1">View Product</a></div><div class="product"><a href="https://www.amazon.com/dp/B0D1KC168C?tag=eloabder-20&linkCode=osi&th=1&psc=1"><img src="https://m.media-amazon.com/images/I/31wWgk-1V4L._SL500_.jpg" alt="Product Image"></a><p>AKONEGE Book Cloth for Book Binding 35 x 16 Inch Fabric Surface and Paper Backed, Strong, Easy to Use, Fabric Materials Bookbinding Supplies Bookcloth for Scrapbooking Album DIY Crafts, Black</p><p>$9.99</p><a href="https://www.amazon.com/dp/B0D1KC168C?tag=eloabder-20&linkCode=osi&th=1&psc=1">View Product</a></div><div class="product"><a href="https://www.amazon.com/dp/B0BC48CCWW?tag=eloabder-20&linkCode=osi&th=1&psc=1"><img src="https://m.media-amazon.com/images/I/41vTc+L-XyL._SL500_.jpg" alt="Product Image"></a><p>Wooqu Book Cloth, Fabric Surface and Paper Backed, Easy to Use, Strong, 17x29”, for Book Binding, Dark Green</p><p>$13.99</p><a href="https://www.amazon.com/dp/B0BC48CCWW?tag=eloabder-20&linkCode=osi&th=1&psc=1">View Product</a></div><div class="product"><a href="https://www.amazon.com/dp/B00W3S7LU4?tag=eloabder-20&linkCode=osi&th=1&psc=1"><img src="https://m.media-amazon.com/images/I/41mUL1LmSHS._SL500_.jpg" alt="Product Image"></a><p>BookGuard 2 inch Premium Bookbinding Repair Cloth Tape, 15 Yard Roll Burgundy</p><p>$14.95</p><a href="https://www.amazon.com/dp/B00W3S7LU4?tag=eloabder-20&linkCode=osi&th=1&psc=1">View Product</a></div>

<div class="product"><a href="https://www.amazon.com/dp/B08217DGL7?tag=eloabder-20&linkCode=osi&th=1&psc=1"><img src="https://m.media-amazon.com/images/I/51Gy-qfph7L._SL500_.jpg" alt="Product Image"></a><p>24 Colors Waxed Thread, Leather Sewing Thread,Hand Stitching Thread for Hand Sewing Leather and Bookbinding, 13Yards Per Color</p><p>$11.99 ($0.01 / Foot)</p><a href="https://www.amazon.com/dp/B08217DGL7?tag=eloabder-20&linkCode=osi&th=1&psc=1">View Product</a></div><div class="product"><a href="https://www.amazon.com/dp/B08GCHJ3FP?tag=eloabder-20&linkCode=osi&th=1&psc=1"><img src="https://m.media-amazon.com/images/I/41TK-XNxTFL._SL500_.jpg" alt="Product Image"></a><p>FANDOL 100% Natural Linen Thread Waxed thread for Bookbingding, Leather Sewing, Beading or Macrame (Natural)</p><p>$14.98</p><a href="https://www.amazon.com/dp/B08GCHJ3FP?tag=eloabder-20&linkCode=osi&th=1&psc=1">View Product</a></div><div class="product"><a href="https://www.amazon.com/dp/B0025U108E?tag=eloabder-20&linkCode=osi&th=1&psc=1"><img src="https://m.media-amazon.com/images/I/4172yrURiVL._SL500_.jpg" alt="Product Image"></a><p>Books by Hand Linen Thread, Archival Quality Natural Unbleached and Unwaxed, 50 Yards 35/3 Gauge, Ideal for Bookbinding and Sewing Signatures</p><p>$9.47</p><a href="https://www.amazon.com/dp/B0025U108E?tag=eloabder-20&linkCode=osi&th=1&psc=1">View Product</a></div><div class="product"><a href="https://www.amazon.com/dp/B08S78KLRN?tag=eloabder-20&linkCode=osi&th=1&psc=1"><img src="https://m.media-amazon.com/images/I/413NGMtJdrL._SL500_.jpg" alt="Product Image"></a><p>Jupean Waxed Thread, 150m /164Yards Beige Leather Waxed Thread, Leather Sewing Thread, Hand Stitching Thread for Hand Sewing Leather, Bookbinding, and Beginners Leather Craft DIY</p><p>$6.49 ($0.01 / Foot)</p><a href="https://www.amazon.com/dp/B08S78KLRN?tag=eloabder-20&linkCode=osi&th=1&psc=1">View Product</a></div><div class="product"><a href="https://www.amazon.com/dp/B015D9E6UM?tag=eloabder-20&linkCode=osi&th=1&psc=1"><img src="https://m.media-amazon.com/images/I/51VnWPI+Q5L._SL500_.jpg" alt="Product Image"></a><p>Lineco, Natural Waxed Linen Thread 20 Yards, Books by Hand Natural, Black, Brown Color for Sewing, Bookbinding (3/Pkg)</p><p>$13.77</p><a href="https://www.amazon.com/dp/B015D9E6UM?tag=eloabder-20&linkCode=osi&th=1&psc=1">View Product</a></div>
<div class="product"><a href="https://www.amazon.com/dp/B0CMD53C1C?tag=eloabder-20&linkCode=osi&th=1&psc=1"><img src="https://m.media-amazon.com/images/I/31dU4wqS0rL._SL500_.jpg" alt="Product Image"></a><p>5-in-1 Bookbinding Kit,Book Cover Guide, Bookbinding Cover Tool, Stainless Steel Book Binding Kit, Bookbinding Ruler, Scrapbooking Tools for Making Book Cover Chipboard Covers Album Planner</p><p>$7.88</p><a href="https://www.amazon.com/dp/B0CMD53C1C?tag=eloabder-20&linkCode=osi&th=1&psc=1">View Product</a></div>
<div class="product"><a href="https://www.amazon.com/dp/B007TIEG6U?tag=eloabder-20&linkCode=osi&th=1&psc=1"><img src="https://m.media-amazon.com/images/I/31d6r6R5lGL._SL500_.jpg" alt="Product Image"></a><p>Handy Art Empty 2 ounce Marker Bottle, Dauber Tip and Cap, 12-Each (900-003) , White</p><p>$23.12 ($1.93 / Count)</p><a href="https://www.amazon.com/dp/B007TIEG6U?tag=eloabder-20&linkCode=osi&th=1&psc=1">View Product</a></div>
<div class="product"><a href="https://www.amazon.com/dp/B07YDNKSH6?tag=eloabder-20&linkCode=osi&th=1&psc=1"><img src="https://m.media-amazon.com/images/I/41JGrHa7mSL._SL500_.jpg" alt="Product Image"></a><p>4-Inch Rubber Brayer Roller for Printmaking, Great for Gluing Application Also. (Original Version)</p><p>$6.99</p><a href="https://www.amazon.com/dp/B07YDNKSH6?tag=eloabder-20&linkCode=osi&th=1&psc=1">View Product</a></div>
<div class="product"><a href="https://www.amazon.com/dp/B005U7BNPE?tag=eloabder-20&linkCode=osi&th=1&psc=1"><img src="https://m.media-amazon.com/images/I/418YfTClSxL._SL500_.jpg" alt="Product Image"></a><p>Apple Barrel Acrylic Paint in Assorted Colors (2 oz), 20513, Bright Yellow</p><p>$0.58 ($0.29 / Fl Oz)</p><a href="https://www.amazon.com/dp/B005U7BNPE?tag=eloabder-20&linkCode=osi&th=1&psc=1">View Product</a></div><div class="product"><a href="https://www.amazon.com/dp/B099DWCRZ5?tag=eloabder-20&linkCode=osi&th=1&psc=1"><img src="https://m.media-amazon.com/images/I/41rr5hT-8TL._SL500_.jpg" alt="Product Image"></a><p>milo Fluorescent Acrylic Paint Set of 6 Colors | 4 oz Bottles | Student Neon Colors Acrylics Painting Pack | Made in the USA | Non-Toxic Art & Craft Paints for Artists, Kids, & Hobby Painters</p><p>$22.90 ($0.95 / Fl Oz)</p><a href="https://www.amazon.com/dp/B099DWCRZ5?tag=eloabder-20&linkCode=osi&th=1&psc=1">View Product</a></div><div class="product"><a href="https://www.amazon.com/dp/B07ZPPPWPL?tag=eloabder-20&linkCode=osi&th=1&psc=1"><img src="https://m.media-amazon.com/images/I/51Vqk2rrZwL._SL500_.jpg" alt="Product Image"></a><p>Apple Barrel, Pastel Dreams & Vivid Wonders Collection Acrylic Craft Paint, PROMOTCK, 2 fl oz each, 18 assorted matte colors, 18 count</p><p>$22.66 ($0.63 / Fl Oz)</p><a href="https://www.amazon.com/dp/B07ZPPPWPL?tag=eloabder-20&linkCode=osi&th=1&psc=1">View Product</a></div><div class="product"><a href="https://www.amazon.com/dp/B0CKQR52XC?tag=eloabder-20&linkCode=osi&th=1&psc=1"><img src="https://m.media-amazon.com/images/I/51WTPlhN2WL._SL500_.jpg" alt="Product Image"></a><p>ARTME Glow in The Dark Paint, 10 Bright Colors 60ml/2oz Blacklight Paint Set, Neon Craft Paint, Acrylic Glow Fluorescent Paint Perfect for Art Painting, DIY projects, Halloween and Christmas</p><p>$23.99 ($1.20 / Fl Oz)</p><a href="https://www.amazon.com/dp/B0CKQR52XC?tag=eloabder-20&linkCode=osi&th=1&psc=1">View Product</a></div><div class="product"><a href="https://www.amazon.com/dp/B09XXHBL3Y?tag=eloabder-20&linkCode=osi&th=1&psc=1"><img src="https://m.media-amazon.com/images/I/51taBeDdeIL._SL500_.jpg" alt="Product Image"></a><p>Fantastory Glow in the Dark Acrylic Paint, 10 Extra Bright Colors, 30ml/1oz Waterproof Glow in Dark Paint,Indoor Outdoor Blacklight Paint for Kids,Adults, Rocks,Walls,Halloween,Craft &Fabric</p><p>$9.99 ($1.00 / Fl Oz)</p><a href="https://www.amazon.com/dp/B09XXHBL3Y?tag=eloabder-20&linkCode=osi&th=1&psc=1">View Product</a></div><div class="product"><a href="https://www.amazon.com/dp/B0BS3JM8ZR?tag=eloabder-20&linkCode=osi&th=1&psc=1"><img src="https://m.media-amazon.com/images/I/51S8FteGgPL._SL500_.jpg" alt="Product Image"></a><p>Acrylic Paint, Shuttle Art 24 Colors Acrylic Paint Bottle Set, 250ml/8.45oz Each, Rich Pigments, High Viscosity, Bulk Paint for Artists, Beginners and Kids Painting on Rocks Crafts Canvas Wood Ceramic</p><p>$49.99 ($0.25 / Fl Oz)</p><a href="https://www.amazon.com/dp/B0BS3JM8ZR?tag=eloabder-20&linkCode=osi&th=1&psc=1">View Product</a></div><div class="product"><a href="https://www.amazon.com/dp/B00CIW3EDI?tag=eloabder-20&linkCode=osi&th=1&psc=1"><img src="https://m.media-amazon.com/images/I/41PMnxyBo5L._SL500_.jpg" alt="Product Image"></a><p>FolkArt Multi-Surface Acrylic Paint in Assorted Colors (2 oz), 2896, Bright Pink</p><p>$1.47 ($0.74 / Fl Oz)</p><a href="https://www.amazon.com/dp/B00CIW3EDI?tag=eloabder-20&linkCode=osi&th=1&psc=1">View Product</a></div><div class="product"><a href="https://www.amazon.com/dp/B085ZB5ZK9?tag=eloabder-20&linkCode=osi&th=1&psc=1"><img src="https://m.media-amazon.com/images/I/51nmRq1eicL._SL500_.jpg" alt="Product Image"></a><p>FolkArt 4 Bottle Multi-Surface Acrylic Paint Set, 2oz, Neon Blacklight Colors</p><p>$8.12 ($1.02 / Fl Oz)</p><a href="https://www.amazon.com/dp/B085ZB5ZK9?tag=eloabder-20&linkCode=osi&th=1&psc=1">View Product</a></div><div class="product"><a href="https://www.amazon.com/dp/B08N585VN5?tag=eloabder-20&linkCode=osi&th=1&psc=1"><img src="https://m.media-amazon.com/images/I/51nwFBdxwVL._SL500_.jpg" alt="Product Image"></a><p>Acrylic Paint Set Value Pack of 12 Colors | Craft Painting Kit with 2 oz Squeeze Bottles for Beginners, Artists, Professionals | Non-Toxic Water Based Paints for Canvas, Paper, Wood | Bright Hues</p><p>$11.99 ($0.50 / Fl Oz)</p><a href="https://www.amazon.com/dp/B08N585VN5?tag=eloabder-20&linkCode=osi&th=1&psc=1">View Product</a></div>
<div class="product"><a href="https://www.amazon.com/dp/B0009RRT9Y?tag=eloabder-20&linkCode=osi&th=1&psc=1"><img src="https://m.media-amazon.com/images/I/51ZhyYPOB5L._SL500_.jpg" alt="Product Image"></a><p>General Pencil Company The Masters Brush Cleaner & Preserver 2.5 0z.</p><p>$12.00</p><a href="https://www.amazon.com/dp/B0009RRT9Y?tag=eloabder-20&linkCode=osi&th=1&psc=1">View Product</a></div><div class="product"><a href="https://www.amazon.com/dp/B00F38YVQS?tag=eloabder-20&linkCode=osi&th=1&psc=1"><img src="https://m.media-amazon.com/images/I/51yjmSTzzML._SL500_.jpg" alt="Product Image"></a><p>B & J Original Brush Cleaner - 2.5 Oz/12ct Display</p><p>$12.77</p><a href="https://www.amazon.com/dp/B00F38YVQS?tag=eloabder-20&linkCode=osi&th=1&psc=1">View Product</a></div><div class="product"><a href="https://www.amazon.com/dp/B004BN7QQ8?tag=eloabder-20&linkCode=osi&th=1&psc=1"><img src="https://m.media-amazon.com/images/I/31fEWB-h4VL._SL500_.jpg" alt="Product Image"></a><p>Winsor & Newton Brush Cleaner & Restorer, 16.0-oz Bottle</p><p>$21.87 ($1.37 / Fl Oz)</p><a href="https://www.amazon.com/dp/B004BN7QQ8?tag=eloabder-20&linkCode=osi&th=1&psc=1">View Product</a></div><div class="product"><a href="https://www.amazon.com/dp/B09NCHL2LM?tag=eloabder-20&linkCode=osi&th=1&psc=1"><img src="https://m.media-amazon.com/images/I/31UzwasdL6L._SL500_.jpg" alt="Product Image"></a><p>U.S. Art Supply Brush Cleaner and Restorer, 4 Ounce Bottle - Quickly Cleans Paint Brushes, Airbrushes, Art Tools - Cleaning Solution to Remove Dried On Acrylic, Oil and Water-Based Paint Colors</p><p>$8.99 ($2.25 / Fl Oz)</p><a href="https://www.amazon.com/dp/B09NCHL2LM?tag=eloabder-20&linkCode=osi&th=1&psc=1">View Product</a></div><div class="product"><a href="https://www.amazon.com/dp/B09J8L55SK?tag=eloabder-20&linkCode=osi&th=1&psc=1"><img src="https://m.media-amazon.com/images/I/41qgWS2nSsL._SL500_.jpg" alt="Product Image"></a><p>Green Piece® Paint Brush Cleaner and Restorer for Art Paint Brushes - 100% Natural - Non-Toxic - Wet or Dry Paint - No Chemicals - Oil or Acrylic Paints, Wood and Metal - Amazing Power - 18 Oz</p><p>$19.88</p><a href="https://www.amazon.com/dp/B09J8L55SK?tag=eloabder-20&linkCode=osi&th=1&psc=1">View Product</a></div><div class="product"><a href="https://www.amazon.com/dp/B0027A79I2?tag=eloabder-20&linkCode=osi&th=1&psc=1"><img src="https://m.media-amazon.com/images/I/31J6S+mCjuL._SL500_.jpg" alt="Product Image"></a><p>Pink Soap 12-Ounce Paint Brush Cleaner and Conditioner, Solution Cleans and Restores, Removes Dried Paint on Airbrushes and Other Artist Tools & Supplies</p><p>$15.49 ($1.29 / Fl Oz)</p><a href="https://www.amazon.com/dp/B0027A79I2?tag=eloabder-20&linkCode=osi&th=1&psc=1">View Product</a></div><div class="product"><a href="https://www.amazon.com/dp/B0027AEANE?tag=eloabder-20&linkCode=osi&th=1&psc=1"><img src="https://m.media-amazon.com/images/I/51bHOLU1pVL._SL500_.jpg" alt="Product Image"></a><p>General Pencil General 105-BP Pencil Masters Brush Cleaner & Preserver, 1 Pack, Clear</p><p>$9.99 ($4.00 / Ounce)</p><a href="https://www.amazon.com/dp/B0027AEANE?tag=eloabder-20&linkCode=osi&th=1&psc=1">View Product</a></div>

<div class="product"><a href="https://www.amazon.com/dp/B00N9UUWLA?tag=eloabder-20&linkCode=osi&th=1&psc=1"><img src="https://m.media-amazon.com/images/I/41be4n09wZL._SL500_.jpg" alt="Product Image"></a><p>Pentel Arts Portable Pocket Brush Pen (Medium Point), 1Pen & 2Refills</p><p>$7.00</p><a href="https://www.amazon.com/dp/B00N9UUWLA?tag=eloabder-20&linkCode=osi&th=1&psc=1">View Product</a></div><div class="product"><a href="https://www.amazon.com/dp/B07DQ4292Y?tag=eloabder-20&linkCode=osi&th=1&psc=1"><img src="https://m.media-amazon.com/images/I/41-kgHpaPvL._SL500_.jpg" alt="Product Image"></a><p>Tombow 62039 Fudenosuke Brush Pens, 3-Pack. Soft, Hard, and Twin Tip Markers for Calligraphy and Art Drawings</p><p>$7.59 ($2.53 / Count)</p><a href="https://www.amazon.com/dp/B07DQ4292Y?tag=eloabder-20&linkCode=osi&th=1&psc=1">View Product</a></div><div class="product"><a href="https://www.amazon.com/dp/B0995FNMKW?tag=eloabder-20&linkCode=osi&th=1&psc=1"><img src="https://m.media-amazon.com/images/I/51kpGsTNvlL._SL500_.jpg" alt="Product Image"></a><p>WRITECH Arts Sign Brush Pen Brush Tip Marker Felt Tip Water Based Ink Color Pens 12 Assorted Vintage Colors Great for Lettering Journaling Calligraphy (Vintage)</p><p>$13.99 ($1.17 / Count)</p><a href="https://www.amazon.com/dp/B0995FNMKW?tag=eloabder-20&linkCode=osi&th=1&psc=1">View Product</a></div><div class="product"><a href="https://www.amazon.com/dp/B07H89R749?tag=eloabder-20&linkCode=osi&th=1&psc=1"><img src="https://m.media-amazon.com/images/I/51nTGZ-eAsL._SL500_.jpg" alt="Product Image"></a><p>Tombow Fudenosuke Brush Pen - Hard - 10 Colors Set (WS-BH10C)</p><p>$11.73</p><a href="https://www.amazon.com/dp/B07H89R749?tag=eloabder-20&linkCode=osi&th=1&psc=1">View Product</a></div><div class="product"><a href="https://www.amazon.com/dp/B002PIFTRE?tag=eloabder-20&linkCode=osi&th=1&psc=1"><img src="https://m.media-amazon.com/images/I/41IVnNPD1hL._SL500_.jpg" alt="Product Image"></a><p>Pentel Color Brush Pen, Black (GFLBP101)</p><p>$7.89</p><a href="https://www.amazon.com/dp/B002PIFTRE?tag=eloabder-20&linkCode=osi&th=1&psc=1">View Product</a></div>
<div class="product"><a href="https://www.amazon.com/dp/B0CLLSY2BT?tag=eloabder-20&linkCode=osi&th=1&psc=1"><img src="https://m.media-amazon.com/images/I/51sQM3lrN9L._SL500_.jpg" alt="Product Image"></a><p>CUGEBANNA Paint Brush Washer,Airtight Stainless Steel Brush Cleaner for Oil Painting Acrylic,Brush Washer with Cleaning Beads and Wringer</p><p>$22.99</p><a href="https://www.amazon.com/dp/B0CLLSY2BT?tag=eloabder-20&linkCode=osi&th=1&psc=1">View Product</a></div><div class="product"><a href="https://www.amazon.com/dp/B013PB35N4?tag=eloabder-20&linkCode=osi&th=1&psc=1"><img src="https://m.media-amazon.com/images/I/419miJHrhtL._SL500_.jpg" alt="Product Image"></a><p>US Art Supply Deluxe Brush Cleaner-Brush Washer with Wash Tank</p><p>$18.99</p><a href="https://www.amazon.com/dp/B013PB35N4?tag=eloabder-20&linkCode=osi&th=1&psc=1">View Product</a></div>
<div class="product"><a href="https://www.amazon.com/dp/B07GH7WGC3?tag=eloabder-20&linkCode=osi&th=1&psc=1"><img src="https://m.media-amazon.com/images/I/51vzX1OZI6L._SL500_.jpg" alt="Product Image"></a><p>BOSOBO Paint Brushes Set, 2 Pack 20 Pcs Round-Pointed Tip Paintbrushes Nylon Hair Artist Acrylic Paint Brushes for Acrylic Oil Watercolor, Face Nail Art, Miniature Detailing & Rock Painting, Blue</p><p>$7.49 ($0.37 / Count)</p><a href="https://www.amazon.com/dp/B07GH7WGC3?tag=eloabder-20&linkCode=osi&th=1&psc=1">View Product</a></div><div class="product"><a href="https://www.amazon.com/dp/B078XJ2DCJ?tag=eloabder-20&linkCode=osi&th=1&psc=1"><img src="https://m.media-amazon.com/images/I/616oHEXPN1S._SL500_.jpg" alt="Product Image"></a><p>Pro Grade - Chip Paint Brushes - 36-Pack - 2 Inch Chip Brush for Paints, Stains, Varnishes, Glues, & Gesso</p><p>$17.99</p><a href="https://www.amazon.com/dp/B078XJ2DCJ?tag=eloabder-20&linkCode=osi&th=1&psc=1">View Product</a></div>

<div class="product"><a href="https://www.amazon.com/dp/B000YQJVFA?tag=eloabder-20&linkCode=osi&th=1&psc=1"><img src="https://m.media-amazon.com/images/I/51so-OSRt+L._SL500_.jpg" alt="Product Image"></a><p>Winsor & Newton Calligraphy Ink, 30ml (1-oz) Bottle, Black</p><p>$10.07 ($10.07 / Count)</p><a href="https://www.amazon.com/dp/B000YQJVFA?tag=eloabder-20&linkCode=osi&th=1&psc=1">View Product</a></div><div class="product"><a href="https://www.amazon.com/dp/B0026SBYUE?tag=eloabder-20&linkCode=osi&th=1&psc=1"><img src="https://m.media-amazon.com/images/I/412Ga9k1q8L._SL500_.jpg" alt="Product Image"></a><p>Higgins Black Calligraphy Ink, 2.5 Ounce Bottle (44314)</p><p>$5.99</p><a href="https://www.amazon.com/dp/B0026SBYUE?tag=eloabder-20&linkCode=osi&th=1&psc=1">View Product</a></div><div class="product"><a href="https://www.amazon.com/dp/B0CXDBD77N?tag=eloabder-20&linkCode=osi&th=1&psc=1"><img src="https://m.media-amazon.com/images/I/41x1EZv3P3L._SL500_.jpg" alt="Product Image"></a><p>SEAMEW 250 ML/8.8 OZ Calligraphy and Sumi Liquid Ink - Versatile Elegance for Chinese Traditional Art Works and Japanese Brush Art</p><p>$11.49</p><a href="https://www.amazon.com/dp/B0CXDBD77N?tag=eloabder-20&linkCode=osi&th=1&psc=1">View Product</a></div><div class="product"><a href="https://www.amazon.com/dp/B0CR3ML8VS?tag=eloabder-20&linkCode=osi&th=1&psc=1"><img src="https://m.media-amazon.com/images/I/41fLIKySQZL._SL500_.jpg" alt="Product Image"></a><p>Hmayart Prepared Super Thick Liquid Black Ink for Japanese Brush Calligraphy & Chinese Traditional Artworks (MZ010 250g)</p><p>$11.99</p><a href="https://www.amazon.com/dp/B0CR3ML8VS?tag=eloabder-20&linkCode=osi&th=1&psc=1">View Product</a></div><div class="product"><a href="https://www.amazon.com/dp/B0039OQ0J4?tag=eloabder-20&linkCode=osi&th=1&psc=1"><img src="https://m.media-amazon.com/images/I/41RRlR55P9L._SL500_.jpg" alt="Product Image"></a><p>Daiso Sumi Calligraphy Liquid Ink in a 180ml Bottle (Japan Import)</p><p>$8.99</p><a href="https://www.amazon.com/dp/B0039OQ0J4?tag=eloabder-20&linkCode=osi&th=1&psc=1">View Product</a></div><div class="product"><a href="https://www.amazon.com/dp/B074KJ289G?tag=eloabder-20&linkCode=osi&th=1&psc=1"><img src="https://m.media-amazon.com/images/I/41FZT3aCChL._SL500_.jpg" alt="Product Image"></a><p>Easyou Redstar Liquid Ink for Professioanl Traditional Calligraphy and Brush Painting Chinese Ink Liquid (Black&1pcs*180ML)</p><p>$10.99</p><a href="https://www.amazon.com/dp/B074KJ289G?tag=eloabder-20&linkCode=osi&th=1&psc=1">View Product</a></div><div class="product"><a href="https://www.amazon.com/dp/B07JYJ6C1W?tag=eloabder-20&linkCode=osi&th=1&psc=1"><img src="https://m.media-amazon.com/images/I/51IAnrWkw6L._SL500_.jpg" alt="Product Image"></a><p>MZ001 HmayartBlack Sumi Liquid Ink for Japanese Brush Calligraphy & Chinese Traditional Artworks 250ml (black)</p><p>$13.99</p><a href="https://www.amazon.com/dp/B07JYJ6C1W?tag=eloabder-20&linkCode=osi&th=1&psc=1">View Product</a></div><div class="product"><a href="https://www.amazon.com/dp/B0894L9M2C?tag=eloabder-20&linkCode=osi&th=1&psc=1"><img src="https://m.media-amazon.com/images/I/51H5LBUAZcL._SL500_.jpg" alt="Product Image"></a><p>24 Colors Calligraphy Ink Set, Calligraphy Fountain Glass Dip Pen Color Ink Caligrapher Pen Ink Bottle Set, Gold Powder Drawing Writing Art Ink with Gift Box - 24 x 7ml</p><p>$21.98</p><a href="https://www.amazon.com/dp/B0894L9M2C?tag=eloabder-20&linkCode=osi&th=1&psc=1">View Product</a></div><div class="product"><a href="https://www.amazon.com/dp/B0C49WVM7L?tag=eloabder-20&linkCode=osi&th=1&psc=1"><img src="https://m.media-amazon.com/images/I/41zxtjGWS1L._SL500_.jpg" alt="Product Image"></a><p>AOKUY 24 Colors Calligraphy Ink Set,Calligraphy Inks,Colorful Dip Pen Ink Set,Gold Powder Drawing Writing Art Ink with Gift Box</p><p>$16.99</p><a href="https://www.amazon.com/dp/B0C49WVM7L?tag=eloabder-20&linkCode=osi&th=1&psc=1">View Product</a></div>
<div class="product"><a href="https://www.amazon.com/dp/B0007ZJ8QU?tag=eloabder-20&linkCode=osi&th=1&psc=1"><img src="https://m.media-amazon.com/images/I/41vTwN7L9NL._SL500_.jpg" alt="Product Image"></a><p>Speedball C-Series Lettering Pen Set - 1 Penholder w/ 6 Nibs</p><p>$11.99</p><a href="https://www.amazon.com/dp/B0007ZJ8QU?tag=eloabder-20&linkCode=osi&th=1&psc=1">View Product</a></div><div class="product"><a href="https://www.amazon.com/dp/B003IGNH30?tag=eloabder-20&linkCode=osi&th=1&psc=1"><img src="https://m.media-amazon.com/images/I/412WGB9WzGL._SL500_.jpg" alt="Product Image"></a><p>Speedball 30710 10 Pen Nib Assorted Set</p><p>$21.99</p><a href="https://www.amazon.com/dp/B003IGNH30?tag=eloabder-20&linkCode=osi&th=1&psc=1">View Product</a></div><div class="product"><a href="https://www.amazon.com/dp/B0CQTCZRYC?tag=eloabder-20&linkCode=osi&th=1&psc=1"><img src="https://m.media-amazon.com/images/I/41+d7oXaTvL._SL500_.jpg" alt="Product Image"></a><p>10PCS Oblique Calligraphy Dip Pen Set Comic Pen Nib Set Fluid Writer Pen, 2-in-1 Drawing Pen Holder with 8 Pieces Stainless Steel Pen Replacement Nibs Nib for Writing, Painting, Signing, Sketch</p><p>$6.49</p><a href="https://www.amazon.com/dp/B0CQTCZRYC?tag=eloabder-20&linkCode=osi&th=1&psc=1">View Product</a></div><div class="product"><a href="https://www.amazon.com/dp/B000BYQLT4?tag=eloabder-20&linkCode=osi&th=1&psc=1"><img src="https://m.media-amazon.com/images/I/41Tmn+y1-xL._SL500_.jpg" alt="Product Image"></a><p>Speedball Calligraphy Pen Set - 1 Penholder w/ 4 Nibs, 2 Pen Tips</p><p>$13.99</p><a href="https://www.amazon.com/dp/B000BYQLT4?tag=eloabder-20&linkCode=osi&th=1&psc=1">View Product</a></div><div class="product"><a href="https://www.amazon.com/dp/B0B3CVPWMF?tag=eloabder-20&linkCode=osi&th=1&psc=1"><img src="https://m.media-amazon.com/images/I/41Zw4tqW+HL._SL500_.jpg" alt="Product Image"></a><p>Mewutal 2Pcs/Set Comic Pen Nib Set Pen Nibs Replacements for Calligraphy Manga Writing Painting(Pumpkin Head Nib)</p><p>$7.99</p><a href="https://www.amazon.com/dp/B0B3CVPWMF?tag=eloabder-20&linkCode=osi&th=1&psc=1">View Product</a></div><div class="product"><a href="https://www.amazon.com/dp/B0BVR4M5X4?tag=eloabder-20&linkCode=osi&th=1&psc=1"><img src="https://m.media-amazon.com/images/I/515TyiGpQKL._SL500_.jpg" alt="Product Image"></a><p>Wonwood_direct Calligraphy set, 7 Calligraphy Pens with Different Nibs and 40 Ink Cartridges in 13 Colors for Beginner Writing Drawing for Greeting Card Signature Calligraphy (Type 1)</p><p>$15.99</p><a href="https://www.amazon.com/dp/B0BVR4M5X4?tag=eloabder-20&linkCode=osi&th=1&psc=1">View Product</a></div><div class="product"><a href="https://www.amazon.com/dp/B0BGRM97MF?tag=eloabder-20&linkCode=osi&th=1&psc=1"><img src="https://m.media-amazon.com/images/I/41vB7fs3VbL._SL500_.jpg" alt="Product Image"></a><p>Gullor A Bunch of Nibs for Comic Dip Pen, Assorted Calligraphy Dip Pen Nibs, Various Sizes and Shapes, 33 Nibs in Box</p><p>$9.99</p><a href="https://www.amazon.com/dp/B0BGRM97MF?tag=eloabder-20&linkCode=osi&th=1&psc=1">View Product</a></div>
<div class="product"><a href="https://www.amazon.com/dp/B000KNNVX0?tag=eloabder-20&linkCode=osi&th=1&psc=1"><img src="https://m.media-amazon.com/images/I/51RAGoN6UsL._SL500_.jpg" alt="Product Image"></a><p>Strathmore STR- 50 Sheet Tape Bound Calligraphy Pad, 8.5 by 11", White</p><p>$7.83</p><a href="https://www.amazon.com/dp/B000KNNVX0?tag=eloabder-20&linkCode=osi&th=1&psc=1">View Product</a></div><div class="product"><a href="https://www.amazon.com/dp/B00PGBVNM2?tag=eloabder-20&linkCode=osi&th=1&psc=1"><img src="https://m.media-amazon.com/images/I/51VvCXPD-QL._SL500_.jpg" alt="Product Image"></a><p>U.S. Art Supply (Pack of 2 Pads) - 9" x 12" Premium Calligraphic Practice Paper Pad, 19 Pound Bond (70gsm), Pad of 50-Sheets, Calligraphy Paper with Printed Practice Rule and Slanted Grid</p><p>$12.99</p><a href="https://www.amazon.com/dp/B00PGBVNM2?tag=eloabder-20&linkCode=osi&th=1&psc=1">View Product</a></div><div class="product"><a href="https://www.amazon.com/dp/B0CQ1VTM1R?tag=eloabder-20&linkCode=osi&th=1&psc=1"><img src="https://m.media-amazon.com/images/I/31pMzPI5pdL._SL500_.jpg" alt="Product Image"></a><p>50 Sheets Watercolor Paper 8 x 6inch Deckled Edge Paper 190 GSM Rough/Textured Handmade Paper Cotton Paper White Textured Paper for Watercolor, Writing Calligraphy, Invitations, Letters</p><p>$12.99 ($0.26 / Count)</p><a href="https://www.amazon.com/dp/B0CQ1VTM1R?tag=eloabder-20&linkCode=osi&th=1&psc=1">View Product</a></div><div class="product"><a href="https://www.amazon.com/dp/B0CGHVSX6W?tag=eloabder-20&linkCode=osi&th=1&psc=1"><img src="https://m.media-amazon.com/images/I/41pAexcoWlL._SL500_.jpg" alt="Product Image"></a><p>KYMY Chinese/Japanese Calligraphy Paper 100PCS, Sumi/Rice Paper for Writing Painting Drawing Practice, Chinese Brush Ink Xuan Paper, Half Sheng Shu (Half Raw Ripe) (34 x 34 cm (13.38 x 13.38 Inch))</p><p>$10.99 ($0.11 / Count)</p><a href="https://www.amazon.com/dp/B0CGHVSX6W?tag=eloabder-20&linkCode=osi&th=1&psc=1">View Product</a></div>
<div class="product"><a href="https://www.amazon.com/dp/B08FCZC2R3?tag=eloabder-20&linkCode=osi&th=1&psc=1"><img src="https://m.media-amazon.com/images/I/51TWqPlqpfL._SL500_.jpg" alt="Product Image"></a><p>Craft 'n' Beyond Calligraphy Brush Pens Pack of 3 Small, Medium and Large Markers for Hand Lettering, Art Drawing, Sketching, Scrapbooking, Journaling - Beginner Kit with Fadeproof Black Ink</p><p>$5.49</p><a href="https://www.amazon.com/dp/B08FCZC2R3?tag=eloabder-20&linkCode=osi&th=1&psc=1">View Product</a></div><div class="product"><a href="https://www.amazon.com/dp/B0B67TWWDG?tag=eloabder-20&linkCode=osi&th=1&psc=1"><img src="https://m.media-amazon.com/images/I/5188ARIL9sL._SL500_.jpg" alt="Product Image"></a><p>Brusarth Calligraphy Pens, 8 Size Calligraphy Pens for Writing, Brush Pens Calligraphy Set for Beginners, Hand Lettering Pens, Brush Markers Set, Black Ink Drawing Pens</p><p>$8.95</p><a href="https://www.amazon.com/dp/B0B67TWWDG?tag=eloabder-20&linkCode=osi&th=1&psc=1">View Product</a></div><div class="product"><a href="https://www.amazon.com/dp/B000SHQFEA?tag=eloabder-20&linkCode=osi&th=1&psc=1"><img src="https://m.media-amazon.com/images/I/41sx3qStImL._SL500_.jpg" alt="Product Image"></a><p>edding 1255 calligraphy pen - black - 3 pens - calligraphy nib 2 - 5 mm - fibre pens for paper, wood, terracotta, canvas - hand lettering, bullet journals, thank you cards, calligraphy books</p><p>$6.50</p><a href="https://www.amazon.com/dp/B000SHQFEA?tag=eloabder-20&linkCode=osi&th=1&psc=1">View Product</a></div><div class="product"><a href="https://www.amazon.com/dp/B001DKJLEC?tag=eloabder-20&linkCode=osi&th=1&psc=1"><img src="https://m.media-amazon.com/images/I/41x7A8wo7YL._SL500_.jpg" alt="Product Image"></a><p>Speedball Elegant Writer Calligraphy 4 Marker Set, Black, 2.0 mm, 2.5 mm & 3.0 mm Chisel Nib Tip Pens for Drawing, Journaling, and Scrapbooking</p><p>$9.99 ($2.50 / Count)</p><a href="https://www.amazon.com/dp/B001DKJLEC?tag=eloabder-20&linkCode=osi&th=1&psc=1">View Product</a></div><div class="product"><a href="https://www.amazon.com/dp/B08RYWH185?tag=eloabder-20&linkCode=osi&th=1&psc=1"><img src="https://m.media-amazon.com/images/I/51GFkyfC3iL._SL500_.jpg" alt="Product Image"></a><p>Piochoo Calligraphy Pens,8 Size Calligraphy Pens for Writing,Brush Pens Calligraphy Set for Beginners, Hand Lettering Pens</p><p>$12.99</p><a href="https://www.amazon.com/dp/B08RYWH185?tag=eloabder-20&linkCode=osi&th=1&psc=1">View Product</a></div>
<div class="product"><a href="https://www.amazon.com/dp/B0C66K9NHR?tag=eloabder-20&linkCode=osi&th=1&psc=1"><img src="https://m.media-amazon.com/images/I/51As2T+7gzL._SL500_.jpg" alt="Product Image"></a><p>Calligraphy Kit for Beginners - Calligraphy Pen Set with Calligraphy Workbook</p><p>$26.89</p><a href="https://www.amazon.com/dp/B0C66K9NHR?tag=eloabder-20&linkCode=osi&th=1&psc=1">View Product</a></div><div class="product"><a href="https://www.amazon.com/dp/B081J6QLZN?tag=eloabder-20&linkCode=osi&th=1&psc=1"><img src="https://m.media-amazon.com/images/I/41lK2Gw0JZL._SL500_.jpg" alt="Product Image"></a><p>Trustela Calligraphy Set for Beginners, Dip Pen Set with 19 Nibs, Oblique Pen Holder, Wooden Pen Set</p><p>$21.99</p><a href="https://www.amazon.com/dp/B081J6QLZN?tag=eloabder-20&linkCode=osi&th=1&psc=1">View Product</a></div><div class="product"><a href="https://www.amazon.com/dp/B0BCVDNPRJ?tag=eloabder-20&linkCode=osi&th=1&psc=1"><img src="https://m.media-amazon.com/images/I/51J-hFN4AeL._SL500_.jpg" alt="Product Image"></a><p>GC QUILL Calligraphy Pens Set 64pcs - Calligraphy Fountain Pen Set with 3 Fountain Pens, 7 Varied Nibs, 54 Ink Cartridges(10 Colors) - Writing, Drawing and Calligraphy Practice for beginner GC-F354</p><p>$23.99</p><a href="https://www.amazon.com/dp/B0BCVDNPRJ?tag=eloabder-20&linkCode=osi&th=1&psc=1">View Product</a></div>
<div class="product"><a href="https://www.amazon.com/dp/B092Q8BQC1?tag=eloabder-20&linkCode=osi&th=1&psc=1"><img src="https://m.media-amazon.com/images/I/51gdXkGIguS._SL500_.jpg" alt="Product Image"></a><p>AIYNC Feather Calligraphy Pen Ink Set, Includes Quill Pen and Wooden Dip Pen, Ink,17 Replacement Nib, Pen Base, 3 Wax Seal Sticks, Stamp, White Wax, Spoon, Envelope Letter Paper, Envelope Tool(Green)</p><p>$22.99</p><a href="https://www.amazon.com/dp/B092Q8BQC1?tag=eloabder-20&linkCode=osi&th=1&psc=1">View Product</a></div>
<div class="product"><a href="https://www.amazon.com/dp/B09J228BSF?tag=eloabder-20&linkCode=osi&th=1&psc=1"><img src="https://m.media-amazon.com/images/I/61MByvIyHGL._SL500_.jpg" alt="Product Image"></a><p>Candle dye - 18 Colors Liquid Oil-Based dye for Candle Wax, Vivid Candle Color for DIY Candle Making, Highly Concentrate Natural Candle Color</p><p>$15.59 ($2.47 / Fl Oz)</p><a href="https://www.amazon.com/dp/B09J228BSF?tag=eloabder-20&linkCode=osi&th=1&psc=1">View Product</a></div><div class="product"><a href="https://www.amazon.com/dp/B06Y3T5RV4?tag=eloabder-20&linkCode=osi&th=1&psc=1"><img src="https://m.media-amazon.com/images/I/61yZyP8eZTL._SL500_.jpg" alt="Product Image"></a><p>Candle Dyes for Soy Candle Making - Wax Сolor Dye Color Chips for Soy Wax - 16 Popular Colors Wax Dye Flakes</p><p>$16.99 ($10.62 / Ounce)</p><a href="https://www.amazon.com/dp/B06Y3T5RV4?tag=eloabder-20&linkCode=osi&th=1&psc=1">View Product</a></div><div class="product"><a href="https://www.amazon.com/dp/B0CMCPGLQZ?tag=eloabder-20&linkCode=osi&th=1&psc=1"><img src="https://m.media-amazon.com/images/I/51G9e-Epa0L._SL500_.jpg" alt="Product Image"></a><p>Candle Dye - 12 Colors Wax Melt Dye for Candle Making, Oil-Based Dye for Wax, Highly Concentrate Liquid Candle Color Dye</p><p>$8.99</p><a href="https://www.amazon.com/dp/B0CMCPGLQZ?tag=eloabder-20&linkCode=osi&th=1&psc=1">View Product</a></div><div class="product"><a href="https://www.amazon.com/dp/B09GLMZ5PS?tag=eloabder-20&linkCode=osi&th=1&psc=1"><img src="https://m.media-amazon.com/images/I/51SCG6n6Y4L._SL500_.jpg" alt="Product Image"></a><p>OSBANG Oil-Based Candle Color Dye Non-Toxic Non-Irritating 20 Colors for DIY Candle Making Supplies - Vibrant Concentrated Candle Coloring for Soy Wax Dyes, Beeswax, Gel Wax, Candle Making Kit</p><p>$14.99 ($2.22 / Fl Oz)</p><a href="https://www.amazon.com/dp/B09GLMZ5PS?tag=eloabder-20&linkCode=osi&th=1&psc=1">View Product</a></div><div class="product"><a href="https://www.amazon.com/dp/B0C8D2X4F1?tag=eloabder-20&linkCode=osi&th=1&psc=1"><img src="https://m.media-amazon.com/images/I/51e0mqPDEJL._SL500_.jpg" alt="Product Image"></a><p>Candle Dye - 14 Colors Highly Concentrate Oil-Based Liquid Candle Dye Kit, Candle Dyes for Candle Making, Beeswax, Gel Wax, Paraffin Wax - Each 0.35 fl oz</p><p>$9.99</p><a href="https://www.amazon.com/dp/B0C8D2X4F1?tag=eloabder-20&linkCode=osi&th=1&psc=1">View Product</a></div>

<div class="product"><a href="https://www.amazon.com/dp/B0C6FHSQR7?tag=eloabder-20&linkCode=osi&th=1&psc=1"><img src="https://m.media-amazon.com/images/I/41hBOCPELBL._SL500_.jpg" alt="Product Image"></a><p>Mold Release, Silicone Mold Release Spray (16.9 fl oz / 500ml) Mold Release for Epoxy Resin and Candle Mold Release Spray (1 Pack Mega Size)</p><p>$9.99 ($0.59 / Fl Oz)</p><a href="https://www.amazon.com/dp/B0C6FHSQR7?tag=eloabder-20&linkCode=osi&th=1&psc=1">View Product</a></div>
<div class="product"><a href="https://www.amazon.com/dp/B015W8DWUO?tag=eloabder-20&linkCode=osi&th=1&psc=1"><img src="https://m.media-amazon.com/images/I/41umHqV4zhL._SL500_.jpg" alt="Product Image"></a><p>EricX Light 100 Piece Cotton Candle Wick 6" Pre-Waxed for Candle Making,Candle DIY</p><p>$5.35</p><a href="https://www.amazon.com/dp/B015W8DWUO?tag=eloabder-20&linkCode=osi&th=1&psc=1">View Product</a></div><div class="product"><a href="https://www.amazon.com/dp/B08XZB43NZ?tag=eloabder-20&linkCode=osi&th=1&psc=1"><img src="https://m.media-amazon.com/images/I/51cyFvwhpJL._SL500_.jpg" alt="Product Image"></a><p>Candle Wicks 100 Pcs 6 inch with 30Pcs Candle Wick Stickers and 10 Pcs Wooden Candle Wick Centering Device for Soy Beeswax Candle Making and Candle DIY</p><p>$4.99</p><a href="https://www.amazon.com/dp/B08XZB43NZ?tag=eloabder-20&linkCode=osi&th=1&psc=1">View Product</a></div><div class="product"><a href="https://www.amazon.com/dp/B084ZSZQ4T?tag=eloabder-20&linkCode=osi&th=1&psc=1"><img src="https://m.media-amazon.com/images/I/41vLRbXIHhL._SL500_.jpg" alt="Product Image"></a><p>Candle Wick,100 Piece Candle Wicks for Candle Making DIY, 6 Inch Pre-Waxed Cotton Wick with Tabs</p><p>$4.79</p><a href="https://www.amazon.com/dp/B084ZSZQ4T?tag=eloabder-20&linkCode=osi&th=1&psc=1">View Product</a></div><div class="product"><a href="https://www.amazon.com/dp/B097D7S6KB?tag=eloabder-20&linkCode=osi&th=1&psc=1"><img src="https://m.media-amazon.com/images/I/41jpnnrDAjL._SL500_.jpg" alt="Product Image"></a><p>CandMak Candle Wick Kit, 60 Cotton Candle Wicks with Candle Making Tools for Candle Making (Thick 4"+6"+8")</p><p>$5.99</p><a href="https://www.amazon.com/dp/B097D7S6KB?tag=eloabder-20&linkCode=osi&th=1&psc=1">View Product</a></div><div class="product"><a href="https://www.amazon.com/dp/B08DLSG8NW?tag=eloabder-20&linkCode=osi&th=1&psc=1"><img src="https://m.media-amazon.com/images/I/41QkciWLWjL._SL500_.jpg" alt="Product Image"></a><p>Bulk 6inch Candle Wicks 100 Pcs with 60Pcs Candle Wick Stickers and 10 Pcs Wooden Candle Wick Centering Device for Soy Beeswax Candle Making (6inch)</p><p>$5.45</p><a href="https://www.amazon.com/dp/B08DLSG8NW?tag=eloabder-20&linkCode=osi&th=1&psc=1">View Product</a></div><div class="product"><a href="https://www.amazon.com/dp/B08Z334W66?tag=eloabder-20&linkCode=osi&th=1&psc=1"><img src="https://m.media-amazon.com/images/I/51nsfCzAwwL._SL500_.jpg" alt="Product Image"></a><p>DINGPAI 100pcs Cotton Candle Wicks, 6 inches Low Smoke Pre-Waxed Candle Wicks for Candle Making, Candle DIY</p><p>$4.99</p><a href="https://www.amazon.com/dp/B08Z334W66?tag=eloabder-20&linkCode=osi&th=1&psc=1">View Product</a></div><div class="product"><a href="https://www.amazon.com/dp/B0BV1NCQ28?tag=eloabder-20&linkCode=osi&th=1&psc=1"><img src="https://m.media-amazon.com/images/I/41lmQ4K9ccL._SL500_.jpg" alt="Product Image"></a><p>Ziosxin 100pcs Smokeless Cherry Wood Candle Wicks, Long Lasting Flame, Easily Burn, Natural Candle Cores with Stand and Glue Dot, Warning Label for DIY Candle Making</p><p>$9.99</p><a href="https://www.amazon.com/dp/B0BV1NCQ28?tag=eloabder-20&linkCode=osi&th=1&psc=1">View Product</a></div><div class="product"><a href="https://www.amazon.com/dp/B08LPKTVZW?tag=eloabder-20&linkCode=osi&th=1&psc=1"><img src="https://m.media-amazon.com/images/I/41AtaynrIqL._SL500_.jpg" alt="Product Image"></a><p>BEADNOVA Candle Cotton Wicks 4 Inch 150pcs Short Candle Making Wicks Cotton Wicks for Candle Making DIY</p><p>$4.99</p><a href="https://www.amazon.com/dp/B08LPKTVZW?tag=eloabder-20&linkCode=osi&th=1&psc=1">View Product</a></div><div class="product"><a href="https://www.amazon.com/dp/B0925G2VBY?tag=eloabder-20&linkCode=osi&th=1&psc=1"><img src="https://m.media-amazon.com/images/I/51EzgDRsxoL._SL500_.jpg" alt="Product Image"></a><p>CHEFBEE 200 FT Organic Hemp Wick, Hemp Wick Well Coated Natural Beeswax for Hemp Wick Lighter or Candle Making, Slow Burn, No Dripping, Standard Size(1.1mm)</p><p>$6.99</p><a href="https://www.amazon.com/dp/B0925G2VBY?tag=eloabder-20&linkCode=osi&th=1&psc=1">View Product</a></div>
<div class="product"><a href="https://www.amazon.com/dp/B0BJZYCQV3?tag=eloabder-20&linkCode=osi&th=1&psc=1"><img src="https://m.media-amazon.com/images/I/41dS7xm9bKL._SL500_.jpg" alt="Product Image"></a><p>Simetufy Canvas Boards for Painting 12 Pack,8 x 10 Inch Painting Canvas Panels, Blank Canvas for Painting- Gesso Primed Acid-Free 100% Cotton for Acrylics Oil Watercolor Tempera Paints</p><p>$12.99</p><a href="https://www.amazon.com/dp/B0BJZYCQV3?tag=eloabder-20&linkCode=osi&th=1&psc=1">View Product</a></div><div class="product"><a href="https://www.amazon.com/dp/B085F4JH1H?tag=eloabder-20&linkCode=osi&th=1&psc=1"><img src="https://m.media-amazon.com/images/I/41l7Efp7ILL._SL500_.jpg" alt="Product Image"></a><p>KEFF Canvas Boards for Painting - 24 Pack - Art Supplies Paint Canvas 5x7, 8x10, 9x12, 11x14 Canvas Panels, 100% Cotton Pre-Primed Large Canvas for Painting Supplies, Acrylic, Oil, Watercolor, Tempera</p><p>$24.99</p><a href="https://www.amazon.com/dp/B085F4JH1H?tag=eloabder-20&linkCode=osi&th=1&psc=1">View Product</a></div><div class="product"><a href="https://www.amazon.com/dp/B0CMXFTNDC?tag=eloabder-20&linkCode=osi&th=1&psc=1"><img src="https://m.media-amazon.com/images/I/41WZD2Y6GfL._SL500_.jpg" alt="Product Image"></a><p>ESRICH Canvas Boards for Painting, 5 Pack Canvases for Painting 8x10 Cotton Primed Acid Free Blank Canvas Panels for Oil Paint, Watercolor, Acrylic Paint, Gouache and Tempera.</p><p>$5.99</p><a href="https://www.amazon.com/dp/B0CMXFTNDC?tag=eloabder-20&linkCode=osi&th=1&psc=1">View Product</a></div><div class="product"><a href="https://www.amazon.com/dp/B0C6LMPMPJ?tag=eloabder-20&linkCode=osi&th=1&psc=1"><img src="https://m.media-amazon.com/images/I/51QF5c5qRiL._SL500_.jpg" alt="Product Image"></a><p>Simetufy Canvas Boards for Painting 32 Pack, Paint Canvas Panels Set - 5x7, 8x10, 9x12, 11x14 Inches, Pre-Primed 100% Cotton Blank Canvases for Oil Acrylic Watercolor Pouring Paint for Kids & Artists</p><p>$24.99</p><a href="https://www.amazon.com/dp/B0C6LMPMPJ?tag=eloabder-20&linkCode=osi&th=1&psc=1">View Product</a></div><div class="product"><a href="https://www.amazon.com/dp/B0CSD8VYYM?tag=eloabder-20&linkCode=osi&th=1&psc=1"><img src="https://m.media-amazon.com/images/I/41PeXd8MwvL._SL500_.jpg" alt="Product Image"></a><p>4 Pack 11x14 Inch Canvas Boards for Painting, Blank Canvases for Painting,Triple Primed for Oil & Acrylic Paints,100% Cotton Canvas Panels for Acrylics Oil Watercolor Tempera Paints,3mm Thickness</p><p>$8.49</p><a href="https://www.amazon.com/dp/B0CSD8VYYM?tag=eloabder-20&linkCode=osi&th=1&psc=1">View Product</a></div><div class="product"><a href="https://www.amazon.com/dp/B0D59RDVM5?tag=eloabder-20&linkCode=osi&th=1&psc=1"><img src="https://m.media-amazon.com/images/I/519TRFsibfL._SL500_.jpg" alt="Product Image"></a><p>Paroto Canvas Boards for Painting 12 Pack, Multi-Size Painting Canvas Set 5x7, 8x10, 10x12, 12x16 Inches, 100% Cotton Blank Canvas Oil Acrylic Watercolor Pouring Paint for Kids, Beginners, Artists</p><p>$23.99</p><a href="https://www.amazon.com/dp/B0D59RDVM5?tag=eloabder-20&linkCode=osi&th=1&psc=1">View Product</a></div><div class="product"><a href="https://www.amazon.com/dp/B0CSD8YM4L?tag=eloabder-20&linkCode=osi&th=1&psc=1"><img src="https://m.media-amazon.com/images/I/41ZgWqkIMFL._SL500_.jpg" alt="Product Image"></a><p>4 Pack 8x10 Inch Canvas Boards for Painting, Blank Canvases for Painting,Triple Primed for Oil & Acrylic Paints, 100% Cotton Canvas Panels, 3mm Thickness</p><p>$3.99</p><a href="https://www.amazon.com/dp/B0CSD8YM4L?tag=eloabder-20&linkCode=osi&th=1&psc=1">View Product</a></div><div class="product"><a href="https://www.amazon.com/dp/B0CQFTW7MH?tag=eloabder-20&linkCode=osi&th=1&psc=1"><img src="https://m.media-amazon.com/images/I/41PiitKvQTL._SL500_.jpg" alt="Product Image"></a><p>Simetufy 4 Pack Canvas Boards for Painting 12x16 inch, Canvases for Painting, Gesso Primed Acid-Free 100% Cotton Large Canvas Panels for Acrylics Oil Watercolor Tempera Paints</p><p>$11.99</p><a href="https://www.amazon.com/dp/B0CQFTW7MH?tag=eloabder-20&linkCode=osi&th=1&psc=1">View Product</a></div>
<div class="product"><a href="https://www.amazon.com/dp/B07D6V7H85?tag=eloabder-20&linkCode=osi&th=1&psc=1"><img src="https://m.media-amazon.com/images/I/41EEPf6prIL._SL500_.jpg" alt="Product Image"></a><p>U.S. Art Supply 36" Wide x 6 Yards (18 Feet) Long Unstretched Canvas Roll - 100% Cotton, 12-Ounce Triple Primed Gesso, Acid-Free - Pro Artist Quality, Oil & Acrylic Painting, Murals Backdrop, Cut Size</p><p>$49.99</p><a href="https://www.amazon.com/dp/B07D6V7H85?tag=eloabder-20&linkCode=osi&th=1&psc=1">View Product</a></div><div class="product"><a href="https://www.amazon.com/dp/B0C98L44GG?tag=eloabder-20&linkCode=osi&th=1&psc=1"><img src="https://m.media-amazon.com/images/I/31gEyNH9+sL._SL500_.jpg" alt="Product Image"></a><p>Kinlop Double Primed Cotton Canvas White Canvas Roll for Oil and Acrylic Paint (20 Feet x 48 Inch)</p><p>$38.99</p><a href="https://www.amazon.com/dp/B0C98L44GG?tag=eloabder-20&linkCode=osi&th=1&psc=1">View Product</a></div><div class="product"><a href="https://www.amazon.com/dp/B0CLSXCD1W?tag=eloabder-20&linkCode=osi&th=1&psc=1"><img src="https://m.media-amazon.com/images/I/414jbnjcrQL._SL500_.jpg" alt="Product Image"></a><p>U.S. Art Supply 10-Ounce Unprimed 63" Wide x 2 Yards (6 Feet) Long Heavyweight Unstretched Canvas Roll - 100% Cotton, Woven - Oil & Acrylic Painting, Murals, Backdrop - Cut To Stretcher Bar Frame Size</p><p>$24.99</p><a href="https://www.amazon.com/dp/B0CLSXCD1W?tag=eloabder-20&linkCode=osi&th=1&psc=1">View Product</a></div><div class="product"><a href="https://www.amazon.com/dp/B09MCHDSPR?tag=eloabder-20&linkCode=osi&th=1&psc=1"><img src="https://m.media-amazon.com/images/I/41S+37Lx2wL._SL500_.jpg" alt="Product Image"></a><p>100% Natural Cotton 7 oz Canvas Fabric (Duck), 63 Inches Wide X 3 Yards Long</p><p>$29.95</p><a href="https://www.amazon.com/dp/B09MCHDSPR?tag=eloabder-20&linkCode=osi&th=1&psc=1">View Product</a></div><div class="product"><a href="https://www.amazon.com/dp/B07VX9TLM1?tag=eloabder-20&linkCode=osi&th=1&psc=1"><img src="https://m.media-amazon.com/images/I/41-bqGVrblL._SL500_.jpg" alt="Product Image"></a><p>Premium Polyster Matte Canvas Roll, Quick Dry, Wide Format Inkjet Printer Compatible, Perfect for Fine Art, Photography, Giclée Printing, Archival Quality Prints. (24"x60' 290gsm Polyester)</p><p>$69.99</p><a href="https://www.amazon.com/dp/B07VX9TLM1?tag=eloabder-20&linkCode=osi&th=1&psc=1">View Product</a></div><div class="product"><a href="https://www.amazon.com/dp/B079VP3F1B?tag=eloabder-20&linkCode=osi&th=1&psc=1"><img src="https://m.media-amazon.com/images/I/31eaUH1-cWL._SL500_.jpg" alt="Product Image"></a><p>VViViD Double Primed Cotton Canvas 12" Wide Roll Choose Your Size! (10ft x 12" Roll)</p><p>$16.88</p><a href="https://www.amazon.com/dp/B079VP3F1B?tag=eloabder-20&linkCode=osi&th=1&psc=1">View Product</a></div><div class="product"><a href="https://www.amazon.com/dp/B09954KKH3?tag=eloabder-20&linkCode=osi&th=1&psc=1"><img src="https://m.media-amazon.com/images/I/41SwQCPSmAL._SL500_.jpg" alt="Product Image"></a><p>Polyester Canvas Roll Professional Matte Canvas Roll Wide format Inkjet Printing For Printing Drawing Oil Acrylic Or Water-Based Painting (200GSM Polyester 36"x100ft)</p><p>$123.99</p><a href="https://www.amazon.com/dp/B09954KKH3?tag=eloabder-20&linkCode=osi&th=1&psc=1">View Product</a></div>
<div class="product"><a href="https://www.amazon.com/dp/B003A2I5T8?tag=eloabder-20&linkCode=osi&th=1&psc=1"><img src="https://m.media-amazon.com/images/I/41LvtrGFjVL._SL500_.jpg" alt="Product Image"></a><p>Astrobrights/Neenah Bright White Cardstock, 8.5" x 11", 65 lb/176 gsm, White, 75 Sheets (90905-02) - Packaging May Vary</p><p>$6.99</p><a href="https://www.amazon.com/dp/B003A2I5T8?tag=eloabder-20&linkCode=osi&th=1&psc=1">View Product</a></div><div class="product"><a href="https://www.amazon.com/dp/B00006IDRW?tag=eloabder-20&linkCode=osi&th=1&psc=1"><img src="https://m.media-amazon.com/images/I/412xLv5ae7L._SL500_.jpg" alt="Product Image"></a><p>Neenah Premium Cardstock, 8.5" x 11", 65 lb/176 gsm, Bright White, 250 Sheets (91904)</p><p>$14.29</p><a href="https://www.amazon.com/dp/B00006IDRW?tag=eloabder-20&linkCode=osi&th=1&psc=1">View Product</a></div><div class="product"><a href="https://www.amazon.com/dp/B07FX5LCXK?tag=eloabder-20&linkCode=osi&th=1&psc=1"><img src="https://m.media-amazon.com/images/I/41n9D1rlKgL._SL500_.jpg" alt="Product Image"></a><p>Printworks White Cardstock, 67 lb, 92 Bright, FSC Certified, Perfect for School and Craft Projects, 8.5 x 11 Inch, 100 Sheets (00540)</p><p>$11.49</p><a href="https://www.amazon.com/dp/B07FX5LCXK?tag=eloabder-20&linkCode=osi&th=1&psc=1">View Product</a></div><div class="product"><a href="https://www.amazon.com/dp/B07QQ3L753?tag=eloabder-20&linkCode=osi&th=1&psc=1"><img src="https://m.media-amazon.com/images/I/41n0Ue3DLbL._SL500_.jpg" alt="Product Image"></a><p>Neenah White Index Paper, Mediumweight, 300 Sheets, 199 gsm, 94 Brightness, 8.5" x 11" - MORE SHEETS! (91635)</p><p>$15.99</p><a href="https://www.amazon.com/dp/B07QQ3L753?tag=eloabder-20&linkCode=osi&th=1&psc=1">View Product</a></div><div class="product"><a href="https://www.amazon.com/dp/B07D4YF3K4?tag=eloabder-20&linkCode=osi&th=1&psc=1"><img src="https://m.media-amazon.com/images/I/41ffykOOE7L._SL500_.jpg" alt="Product Image"></a><p>Neenah Index Cardstock, 8.5" x 11", 90 lb/163 gsm, White, Lightweight, 94 Brightness, 300 Sheets (91437)</p><p>$19.24</p><a href="https://www.amazon.com/dp/B07D4YF3K4?tag=eloabder-20&linkCode=osi&th=1&psc=1">View Product</a></div><div class="product"><a href="https://www.amazon.com/dp/B08DCF5B4P?tag=eloabder-20&linkCode=osi&th=1&psc=1"><img src="https://m.media-amazon.com/images/I/41GRzmuulDL._SL500_.jpg" alt="Product Image"></a><p>Hammermill White Cardstock, 110 Lb, 8.5 x 11 Colored Cardstock, 1 Pack (200 Sheets) - Thick Card Stock, Made in the USA, 168380R</p><p>$13.32</p><a href="https://www.amazon.com/dp/B08DCF5B4P?tag=eloabder-20&linkCode=osi&th=1&psc=1">View Product</a></div><div class="product"><a href="https://www.amazon.com/dp/B0CYPPHFV9?tag=eloabder-20&linkCode=osi&th=1&psc=1"><img src="https://m.media-amazon.com/images/I/51IQR4E5R1L._SL500_.jpg" alt="Product Image"></a><p>96 Sheets Colored Cardstock 24 Colors, 8.5x11 Color Cardstock Bulk, 200gsm/75lb Assorted Colors Construction Paper for Printing, Card Making, Die Cutting, Crafts, Scrapbooking, Party Decorations</p><p>$12.99</p><a href="https://www.amazon.com/dp/B0CYPPHFV9?tag=eloabder-20&linkCode=osi&th=1&psc=1">View Product</a></div><div class="product"><a href="https://www.amazon.com/dp/B07QNMF4ZP?tag=eloabder-20&linkCode=osi&th=1&psc=1"><img src="https://m.media-amazon.com/images/I/41mVi2qUcyL._SL500_.jpg" alt="Product Image"></a><p>Printworks White Cardstock, Standard, 67 lb. Vellum, 92 Bright, 250 sheets, 8.5 x 11, For Office, Home & School Printing, Craft Projects (00564)</p><p>$12.92</p><a href="https://www.amazon.com/dp/B07QNMF4ZP?tag=eloabder-20&linkCode=osi&th=1&psc=1">View Product</a></div><div class="product"><a href="https://www.amazon.com/dp/B09Y681BML?tag=eloabder-20&linkCode=osi&th=1&psc=1"><img src="https://m.media-amazon.com/images/I/41whFoq6OEL._SL500_.jpg" alt="Product Image"></a><p>Astrobrights Mega Collection, Colored Cardstock, Punchy Pastel 5-Color Assortment, 320 Sheets, 65 lb./176 gsm, 8.5" x 11" - MORE SHEETS! (91780)</p><p>$19.87</p><a href="https://www.amazon.com/dp/B09Y681BML?tag=eloabder-20&linkCode=osi&th=1&psc=1">View Product</a></div>


<div class="product"><a href="https://www.amazon.com/dp/B0B7DZ4YPN?tag=eloabder-20&linkCode=osi&th=1&psc=1"><img src="https://m.media-amazon.com/images/I/51NIBuS801L._SL500_.jpg" alt="Product Image"></a><p>Epoxy Resin 64OZ - Crystal Clear Epoxy Resin Kit - No Yellowing No Bubble Art Resin Casting Resin for Art Crafts, Jewelry Making, Wood & Resin Molds(32OZ x 2)</p><p>$34.99 ($0.55 / Ounce)</p><a href="https://www.amazon.com/dp/B0B7DZ4YPN?tag=eloabder-20&linkCode=osi&th=1&psc=1">View Product</a></div><div class="product"><a href="https://www.amazon.com/dp/B0CPVCRD93?tag=eloabder-20&linkCode=osi&th=1&psc=1"><img src="https://m.media-amazon.com/images/I/51mBmD2NCqL._SL500_.jpg" alt="Product Image"></a><p>Puduo Epoxy Resin Kit 72OZ，Newly Formulated Crystal Clear Epoxy Resin，Strong, Bubble-Free, Anti-Yellowing Art Resin That，Suitable for Casting, DIY, Resin Art, Molds, Jewelry, Easy to Mix 1:1 Ratio</p><p>$36.99 ($0.51 / Ounce)</p><a href="https://www.amazon.com/dp/B0CPVCRD93?tag=eloabder-20&linkCode=osi&th=1&psc=1">View Product</a></div><div class="product"><a href="https://www.amazon.com/dp/B0BY2PFY62?tag=eloabder-20&linkCode=osi&th=1&psc=1"><img src="https://m.media-amazon.com/images/I/51jY4DbLEVL._SL500_.jpg" alt="Product Image"></a><p>LET'S RESIN Polyurethane Resin, 60oz 2 Part Casting Resin, Fast Cured Resin within 10 Minutes, Ultra Low Viscosity & Low Odor Pourable Liquid Plastic for Casting Models, Prototypes & Other Resin Craft</p><p>$40.99 ($0.68 / Ounce)</p><a href="https://www.amazon.com/dp/B0BY2PFY62?tag=eloabder-20&linkCode=osi&th=1&psc=1">View Product</a></div><div class="product"><a href="https://www.amazon.com/dp/B0CXLX1BF1?tag=eloabder-20&linkCode=osi&th=1&psc=1"><img src="https://m.media-amazon.com/images/I/51B03piFSWL._SL500_.jpg" alt="Product Image"></a><p>Epoxy Resin,1 Gallon Crystal Clear Epoxy Resin Kit, High-Gloss & Bubbles Free Resin and Hardener Kit, Art Resin Casting Resin for Art Crafts, Jewelry Making, Wood & Resin Molds…</p><p>$49.99</p><a href="https://www.amazon.com/dp/B0CXLX1BF1?tag=eloabder-20&linkCode=osi&th=1&psc=1">View Product</a></div><div class="product"><a href="https://www.amazon.com/dp/B0B79JKMTN?tag=eloabder-20&linkCode=osi&th=1&psc=1"><img src="https://m.media-amazon.com/images/I/51awzY+fOoL._SL500_.jpg" alt="Product Image"></a><p>Teexpert Crystal Clear Epoxy Resin Kit 1 Gallon Self-Leveling Coating and Casting Resin, High-Gloss & Bubbles Free Resin and Hardener Kit for DIY Art, Jewelry, Table Top, Molds, Wood 1:1 Ratio</p><p>$49.49 ($0.39 / Fl Oz)</p><a href="https://www.amazon.com/dp/B0B79JKMTN?tag=eloabder-20&linkCode=osi&th=1&psc=1">View Product</a></div><div class="product"><a href="https://www.amazon.com/dp/B0CZDCWRDS?tag=eloabder-20&linkCode=osi&th=1&psc=1"><img src="https://m.media-amazon.com/images/I/51NoC3Siy8L._SL500_.jpg" alt="Product Image"></a><p>Puduo Epoxy Resin Kit 1.1Gallon，Newly Formulated Crystal Clear Epoxy Resin，Strong, Bubble-Free, Anti-Yellowing Art Resin That，Suitable for Casting, DIY, Resin Art, Molds, Easy to Mix 1:1 Ratio</p><p>$48.99 ($0.35 / Ounce)</p><a href="https://www.amazon.com/dp/B0CZDCWRDS?tag=eloabder-20&linkCode=osi&th=1&psc=1">View Product</a></div><div class="product"><a href="https://www.amazon.com/dp/B0C786S8ZW?tag=eloabder-20&linkCode=osi&th=1&psc=1"><img src="https://m.media-amazon.com/images/I/51PD1cgR+-L._SL500_.jpg" alt="Product Image"></a><p>LET'S RESIN EPOXY RESIN 2 Gallon Casting Resin with Pumps, Bubble Free & High-Gloss Resin Epoxy Kit, Crystal Clear Epoxy Resin and Hardener for DIY Art, Molds Casting,Craft</p><p>$87.00 ($0.34 / Fl Oz)</p><a href="https://www.amazon.com/dp/B0C786S8ZW?tag=eloabder-20&linkCode=osi&th=1&psc=1">View Product</a></div><div class="product"><a href="https://www.amazon.com/dp/B0BYV7YX2K?tag=eloabder-20&linkCode=osi&th=1&psc=1"><img src="https://m.media-amazon.com/images/I/41dTpbgWB+L._SL500_.jpg" alt="Product Image"></a><p>TAKIMO 1 Gallon Crystal Clear Resin Kit,No Bubble & Not Yellowing Epoxy Resin for Coating, Casting, Table Top,DIY, Bar Top, River Tables, Resin Art, Wood with High Gloss Finish</p><p>$39.99</p><a href="https://www.amazon.com/dp/B0BYV7YX2K?tag=eloabder-20&linkCode=osi&th=1&psc=1">View Product</a></div>
<div class="product"><a href="https://www.amazon.com/dp/B093D6Q4V2?tag=eloabder-20&linkCode=osi&th=1&psc=1"><img src="https://m.media-amazon.com/images/I/51GS6ht5RsS._SL500_.jpg" alt="Product Image"></a><p>Brusarth Professional Charcoal Pencils Drawing Set - 6 Pieces Soft Medium and Hard Charcoal Pencils for Drawing, Sketching, Shading</p><p>$5.57</p><a href="https://www.amazon.com/dp/B093D6Q4V2?tag=eloabder-20&linkCode=osi&th=1&psc=1">View Product</a></div><div class="product"><a href="https://www.amazon.com/dp/B000VXONF4?tag=eloabder-20&linkCode=osi&th=1&psc=1"><img src="https://m.media-amazon.com/images/I/51DxvUPz4nL._SL500_.jpg" alt="Product Image"></a><p>General Pencil 957ABP Compressed Charcoal Sticks 4/Pkg-Black - Soft Assorted</p><p>$6.09 ($1.52 / Count)</p><a href="https://www.amazon.com/dp/B000VXONF4?tag=eloabder-20&linkCode=osi&th=1&psc=1">View Product</a></div><div class="product"><a href="https://www.amazon.com/dp/B0BZSZ2W1B?tag=eloabder-20&linkCode=osi&th=1&psc=1"><img src="https://m.media-amazon.com/images/I/41aJEjrQ16L._SL500_.jpg" alt="Product Image"></a><p>ANNECOSK Willow Charcoal Sticks, 10PCS Willow Charcoal Pencils for Artists Drawing, Sketching</p><p>$7.99</p><a href="https://www.amazon.com/dp/B0BZSZ2W1B?tag=eloabder-20&linkCode=osi&th=1&psc=1">View Product</a></div><div class="product"><a href="https://www.amazon.com/dp/B088K31QB7?tag=eloabder-20&linkCode=osi&th=1&psc=1"><img src="https://m.media-amazon.com/images/I/51giSzQeUzL._SL500_.jpg" alt="Product Image"></a><p>MARKART Professional Charcoal Pencils Drawing Set - 10 Pieces Soft Medium and Hard Charcoal Pencils for Drawing, Sketching, Shading</p><p>$5.99</p><a href="https://www.amazon.com/dp/B088K31QB7?tag=eloabder-20&linkCode=osi&th=1&psc=1">View Product</a></div><div class="product"><a href="https://www.amazon.com/dp/B0CHM9YB18?tag=eloabder-20&linkCode=osi&th=1&psc=1"><img src="https://m.media-amazon.com/images/I/51-cFJewi5L._SL500_.jpg" alt="Product Image"></a><p>PANDAFLY Willow Charcoal Sticks, Soft, Black Artist Vine Charcoal for Artists, Beginners, Students, Great for Sketching, Drawing, Shading and Fine Art, 7-9mm, 25 Pack</p><p>$7.99</p><a href="https://www.amazon.com/dp/B0CHM9YB18?tag=eloabder-20&linkCode=osi&th=1&psc=1">View Product</a></div><div class="product"><a href="https://www.amazon.com/dp/B004O7FFR8?tag=eloabder-20&linkCode=osi&th=1&psc=1"><img src="https://m.media-amazon.com/images/I/51JJnYm-n2L._SL500_.jpg" alt="Product Image"></a><p>Strathmore 300 Series Charcoal Paper Pad, Top Wire Bound, 9x12 inches, 32 Sheets (64lb/95g) - Artist Paper for Adults and Students - Charcoal and Pastel</p><p>$8.86</p><a href="https://www.amazon.com/dp/B004O7FFR8?tag=eloabder-20&linkCode=osi&th=1&psc=1">View Product</a></div><div class="product"><a href="https://www.amazon.com/dp/B09KY8MT2T?tag=eloabder-20&linkCode=osi&th=1&psc=1"><img src="https://m.media-amazon.com/images/I/31buTPEV5IL._SL500_.jpg" alt="Product Image"></a><p>Raven Powders Premium Charcoal Powder for Drawing and Art</p><p>$9.99</p><a href="https://www.amazon.com/dp/B09KY8MT2T?tag=eloabder-20&linkCode=osi&th=1&psc=1">View Product</a></div><div class="product"><a href="https://www.amazon.com/dp/B0021IK626?tag=eloabder-20&linkCode=osi&th=1&psc=1"><img src="https://m.media-amazon.com/images/I/317wgA0GITL._SL500_.jpg" alt="Product Image"></a><p>Winsor & Newton Artist Vine Charcoal Sticks, Soft, Box of 12 Sticks</p><p>$10.56</p><a href="https://www.amazon.com/dp/B0021IK626?tag=eloabder-20&linkCode=osi&th=1&psc=1">View Product</a></div>
<div class="product"><a href="https://www.amazon.com/dp/B0CHF9KZSW?tag=eloabder-20&linkCode=osi&th=1&psc=1"><img src="https://m.media-amazon.com/images/I/61lm2iV1gGL._SL500_.jpg" alt="Product Image"></a><p>KALOUR Professional Charcoal Pencils Drawing Set -12 Pieces Soft, Medium and Hard Charcoal Pencils for Drawing, Sketching, Shading, Artist Pencils for Beginners & Artists</p><p>$5.99</p><a href="https://www.amazon.com/dp/B0CHF9KZSW?tag=eloabder-20&linkCode=osi&th=1&psc=1">View Product</a></div><div class="product"><a href="https://www.amazon.com/dp/B0D41JG73W?tag=eloabder-20&linkCode=osi&th=1&psc=1"><img src="https://m.media-amazon.com/images/I/41K5KaeEE0L._SL500_.jpg" alt="Product Image"></a><p>Aenir White Charcoal Pencils, Pack of 12 Charcoal Drawing Pencils, Charcoal Pencils for Artists, Art Supplies for Drawing and Highlighting, Charcoal Pencils for Drawing, Sketching, Shading & Coloring.</p><p>$7.99</p><a href="https://www.amazon.com/dp/B0D41JG73W?tag=eloabder-20&linkCode=osi&th=1&psc=1">View Product</a></div><div class="product"><a href="https://www.amazon.com/dp/B004BPNUMA?tag=eloabder-20&linkCode=osi&th=1&psc=1"><img src="https://m.media-amazon.com/images/I/41EWfMXntlL._SL500_.jpg" alt="Product Image"></a><p>Peel & Sketch Charcoal Pencils 3/Pkg-</p><p>$6.96</p><a href="https://www.amazon.com/dp/B004BPNUMA?tag=eloabder-20&linkCode=osi&th=1&psc=1">View Product</a></div><div class="product"><a href="https://www.amazon.com/dp/B0C5V1QWPJ?tag=eloabder-20&linkCode=osi&th=1&psc=1"><img src="https://m.media-amazon.com/images/I/51bZBOoKtoL._SL500_.jpg" alt="Product Image"></a><p>Brusarth Charcoal Drawing Set -12 pc Black charcoal pencils, White Charcoal Pencils, Eraser Pencils, Blending Stumps for Drawing, Sketching, Shading, Artist Pencils for Beginners & Artists</p><p>$7.99</p><a href="https://www.amazon.com/dp/B0C5V1QWPJ?tag=eloabder-20&linkCode=osi&th=1&psc=1">View Product</a></div>
<div class="product"><a href="https://www.amazon.com/dp/B001BYK7RA?tag=eloabder-20&linkCode=osi&th=1&psc=1"><img src="https://m.media-amazon.com/images/I/316EZYjc1XL._SL500_.jpg" alt="Product Image"></a><p>Winsor & Newton Artist Vine Charcoal Sticks, Soft, Box of 3 Sticks</p><p>$4.09 ($1.36 / Count)</p><a href="https://www.amazon.com/dp/B001BYK7RA?tag=eloabder-20&linkCode=osi&th=1&psc=1">View Product</a></div>
<div class="product"><a href="https://www.amazon.com/dp/B08LR2TBPG?tag=eloabder-20&linkCode=osi&th=1&psc=1"><img src="https://m.media-amazon.com/images/I/31VBhMwmhTL._SL500_.jpg" alt="Product Image"></a><p>Chipboard Sheets 8.5" x 11" - 100 Sheets of 22 Point Chip Board for Crafts - This Kraft Board is a Great Alternative to MDF Board and Cardboard Sheets</p><p>$19.97</p><a href="https://www.amazon.com/dp/B08LR2TBPG?tag=eloabder-20&linkCode=osi&th=1&psc=1">View Product</a></div><div class="product"><a href="https://www.amazon.com/dp/B079F1FYG3?tag=eloabder-20&linkCode=osi&th=1&psc=1"><img src="https://m.media-amazon.com/images/I/41-kpBNtjSL._SL500_.jpg" alt="Product Image"></a><p>100 Thick Kraft Chipboard (30pt) - 8 1/2" x 11" - Perfect for Scrapbooking, Crafts & Product Backing…</p><p>$19.95</p><a href="https://www.amazon.com/dp/B079F1FYG3?tag=eloabder-20&linkCode=osi&th=1&psc=1">View Product</a></div><div class="product"><a href="https://www.amazon.com/dp/B07BYPGP5H?tag=eloabder-20&linkCode=osi&th=1&psc=1"><img src="https://m.media-amazon.com/images/I/31rUtsWIN5L._SL500_.jpg" alt="Product Image"></a><p>100 Chipboard Sheets 8 x 10 inch - 22pt (point) Light Weight Brown Kraft Cardboard for Scrapbooking & Picture Frame Backing (.022 Caliper Thick) Paper Board | MagicWater Supply</p><p>$21.99</p><a href="https://www.amazon.com/dp/B07BYPGP5H?tag=eloabder-20&linkCode=osi&th=1&psc=1">View Product</a></div><div class="product"><a href="https://www.amazon.com/dp/B07BYP99DJ?tag=eloabder-20&linkCode=osi&th=1&psc=1"><img src="https://m.media-amazon.com/images/I/31EMxvnjGrL._SL500_.jpg" alt="Product Image"></a><p>25 Chipboard Sheets 11 x 17 inch - 50pt (point) Heavy Weight Brown Kraft Cardboard for Scrapbooking & Picture Frame Backing (.050 Caliper Thick) Paper Board | MagicWater Supply</p><p>$26.99</p><a href="https://www.amazon.com/dp/B07BYP99DJ?tag=eloabder-20&linkCode=osi&th=1&psc=1">View Product</a></div><div class="product"><a href="https://www.amazon.com/dp/B07BYFXJDL?tag=eloabder-20&linkCode=osi&th=1&psc=1"><img src="https://m.media-amazon.com/images/I/310RbtxO26L._SL500_.jpg" alt="Product Image"></a><p>100 Chipboard Sheets 5 x 7 inch - 22pt (point) Light Weight Brown Kraft Cardboard for Scrapbooking & Picture Frame Backing (.022 Caliper Thick) Paper Board | MagicWater Supply</p><p>$14.99</p><a href="https://www.amazon.com/dp/B07BYFXJDL?tag=eloabder-20&linkCode=osi&th=1&psc=1">View Product</a></div><div class="product"><a href="https://www.amazon.com/dp/B0B6GK2MFD?tag=eloabder-20&linkCode=osi&th=1&psc=1"><img src="https://m.media-amazon.com/images/I/31-IEV+iYgL._SL500_.jpg" alt="Product Image"></a><p>10 EcoSwift 8.5x11 Chipboard Cardboard Craft Scrapbook Material Scrapbooking Packaging Sheets Shipping Pads Inserts 8 1/2 inch x 11 inch Chip Board</p><p>$4.99</p><a href="https://www.amazon.com/dp/B0B6GK2MFD?tag=eloabder-20&linkCode=osi&th=1&psc=1">View Product</a></div><div class="product"><a href="https://www.amazon.com/dp/B07BYKB2ZL?tag=eloabder-20&linkCode=osi&th=1&psc=1"><img src="https://m.media-amazon.com/images/I/31WIwma4xfL._SL500_.jpg" alt="Product Image"></a><p>Chipboard Sheets 8.5 x 11 inch - 50pt (Point) Heavy Weight Brown Kraft Cardboard for Scrapbooking & Picture Frame Backing (.050 Caliper Thick) Paper Board | MagicWater Supply (Kraft 100 Pack)</p><p>$38.99</p><a href="https://www.amazon.com/dp/B07BYKB2ZL?tag=eloabder-20&linkCode=osi&th=1&psc=1">View Product</a></div><div class="product"><a href="https://www.amazon.com/dp/B00161W6L8?tag=eloabder-20&linkCode=osi&th=1&psc=1"><img src="https://m.media-amazon.com/images/I/41MflHlo3JL._SL500_.jpg" alt="Product Image"></a><p>GRAFIX Natural Medium Weight Chipboard Sheets 8.5"X11" 25/Pkg, 8.5"x11"x0.057", Count</p><p>$15.14 ($0.61 / Count)</p><a href="https://www.amazon.com/dp/B00161W6L8?tag=eloabder-20&linkCode=osi&th=1&psc=1">View Product</a></div><div class="product"><a href="https://www.amazon.com/dp/B0013JRFUA?tag=eloabder-20&linkCode=osi&th=1&psc=1"><img src="https://m.media-amazon.com/images/I/41JzQAJkDoL._SL500_.jpg" alt="Product Image"></a><p>Grafix Medium Weight Acid-Free 0.057” Chipboard Sheets, Create Three-Dimensional Embellishments for Cards, Papercrafts, Mixed Media, Home Décor, and More, 12 x 12, Natural, 25 Count</p><p>$14.51 ($0.58 / Count)</p><a href="https://www.amazon.com/dp/B0013JRFUA?tag=eloabder-20&linkCode=osi&th=1&psc=1">View Product</a></div>








<div class="product"><a href="https://www.amazon.com/dp/B0C2YPJDFL?tag=eloabder-20&linkCode=osi&th=1&psc=1"><img src="https://m.media-amazon.com/images/I/51WB6B3vguL._SL500_.jpg" alt="Product Image"></a><p>Yagol Colored Pencils for Adult Coloring Books, 72 Colored Professional Drawing Pencils, Coloring Pencils for Adults Beginners kids & Pro.</p><p>$9.99</p><a href="https://www.amazon.com/dp/B0C2YPJDFL?tag=eloabder-20&linkCode=osi&th=1&psc=1">View Product</a></div><div class="product"><a href="https://www.amazon.com/dp/B01N09ZDEI?tag=eloabder-20&linkCode=osi&th=1&psc=1"><img src="https://m.media-amazon.com/images/I/51awfumPEiL._SL500_.jpg" alt="Product Image"></a><p>Soucolor 72-Color Colored Pencils for Adult Coloring Books, Back to School Supplies, Soft Core Artist Sketching Drawing Pencils Drawing Supplies, Art Supplies Kit for Adults Kids, Coloring Pencils Set</p><p>$9.99</p><a href="https://www.amazon.com/dp/B01N09ZDEI?tag=eloabder-20&linkCode=osi&th=1&psc=1">View Product</a></div><div class="product"><a href="https://www.amazon.com/dp/B0B772BZ4G?tag=eloabder-20&linkCode=osi&th=1&psc=1"><img src="https://m.media-amazon.com/images/I/41VSyVENyTL._SL500_.jpg" alt="Product Image"></a><p>FUNLAVIE Colored Pencils 48 Coloring Pencils Premium Professional Art Drawing Pencil for Adults Coloring Book</p><p>$9.99</p><a href="https://www.amazon.com/dp/B0B772BZ4G?tag=eloabder-20&linkCode=osi&th=1&psc=1">View Product</a></div><div class="product"><a href="https://www.amazon.com/dp/B0B8MFGW36?tag=eloabder-20&linkCode=osi&th=1&psc=1"><img src="https://m.media-amazon.com/images/I/51umBJsfZDL._SL500_.jpg" alt="Product Image"></a><p>KALOUR Premium Colored Pencils,Set of 120 Colors,Artists Soft Core with Vibrant Color,Ideal for Drawing Sketching Shading,Coloring Pencils for Adults Beginners kids</p><p>$24.99</p><a href="https://www.amazon.com/dp/B0B8MFGW36?tag=eloabder-20&linkCode=osi&th=1&psc=1">View Product</a></div><div class="product"><a href="https://www.amazon.com/dp/B0D5GSMGMG?tag=eloabder-20&linkCode=osi&th=1&psc=1"><img src="https://m.media-amazon.com/images/I/41aprDliB4L._SL500_.jpg" alt="Product Image"></a><p>Colored Pencils for Adult Coloring Books, Set of 72 Color Pencils, Oil-Based Core Drawing Pencils, 3.8mm Soft Leads with Adult Coloring Pencils, Professional Art Supplies for Adults, Beginner and Kids</p><p>$9.99</p><a href="https://www.amazon.com/dp/B0D5GSMGMG?tag=eloabder-20&linkCode=osi&th=1&psc=1">View Product</a></div><div class="product"><a href="https://www.amazon.com/dp/B0CZBPK6L5?tag=eloabder-20&linkCode=osi&th=1&psc=1"><img src="https://m.media-amazon.com/images/I/31Q1khczz5L._SL500_.jpg" alt="Product Image"></a><p>Colored Pencils for Adult Coloring Books, 72 Colors Drawing Pencils with Oil-Based Cores, Professional Art Supplies for Artists, Coloring Pencils for Adults, Color Pencils Set for Beginners and Teens.</p><p>$9.49</p><a href="https://www.amazon.com/dp/B0CZBPK6L5?tag=eloabder-20&linkCode=osi&th=1&psc=1">View Product</a></div>
<div class="product"><a href="https://www.amazon.com/dp/B0BTJRPJHJ?tag=eloabder-20&linkCode=osi&th=1&psc=1"><img src="https://m.media-amazon.com/images/I/61eh6iSlGRL._SL500_.jpg" alt="Product Image"></a><p>READY 2 LEARN Colored Sand - Turquoise - 2.2 lbs - Play Sand for Kids - Perfect for Arts and Crafts, Sensory Bins, Wedding Decorations and Vase Filler</p><p>$9.32</p><a href="https://www.amazon.com/dp/B0BTJRPJHJ?tag=eloabder-20&linkCode=osi&th=1&psc=1">View Product</a></div><div class="product"><a href="https://www.amazon.com/dp/B0BTJWH6L3?tag=eloabder-20&linkCode=osi&th=1&psc=1"><img src="https://m.media-amazon.com/images/I/61OHaobOoGL._SL500_.jpg" alt="Product Image"></a><p>READY 2 LEARN Colored Sand - Light Blue - 2.2 lbs - Play Sand for Kids - Perfect for Wedding Unity Ceremonies, Crafts, Sensory Bins and Vase Filler</p><p>$9.99</p><a href="https://www.amazon.com/dp/B0BTJWH6L3?tag=eloabder-20&linkCode=osi&th=1&psc=1">View Product</a></div><div class="product"><a href="https://www.amazon.com/dp/B00DZS4AA0?tag=eloabder-20&linkCode=osi&th=1&psc=1"><img src="https://m.media-amazon.com/images/I/41htpdoeWSL._SL500_.jpg" alt="Product Image"></a><p>Activa Pink Decorative Colored Sand in Resealable Bag, 5lb (2.27kg) | Fine Grain & Fade-Proof Sand For Arts & Crafts</p><p>$8.99</p><a href="https://www.amazon.com/dp/B00DZS4AA0?tag=eloabder-20&linkCode=osi&th=1&psc=1">View Product</a></div><div class="product"><a href="https://www.amazon.com/dp/B00GNED6YE?tag=eloabder-20&linkCode=osi&th=1&psc=1"><img src="https://m.media-amazon.com/images/I/41T-AKVqV5L._SL500_.jpg" alt="Product Image"></a><p>Sandsational Sparkle Champagne Unity Sand - 1.5 LB (22oz), Beige Colored Sand for Weddings, Vase Filler, Home Décor, Craft Sand, Aquarium Sand, and More</p><p>$15.99</p><a href="https://www.amazon.com/dp/B00GNED6YE?tag=eloabder-20&linkCode=osi&th=1&psc=1">View Product</a></div><div class="product"><a href="https://www.amazon.com/dp/B007VC4F6A?tag=eloabder-20&linkCode=osi&th=1&psc=1"><img src="https://m.media-amazon.com/images/I/51EtMIBeueL._SL500_.jpg" alt="Product Image"></a><p>Sandsational Sparkle Tropic Blue Unity Sand, 1 LB (16 oz), Colored Sand for Weddings, Vase Filler, Home Décor, Craft Sand, Aquarium Sand, and More</p><p>$9.99</p><a href="https://www.amazon.com/dp/B007VC4F6A?tag=eloabder-20&linkCode=osi&th=1&psc=1">View Product</a></div><div class="product"><a href="https://www.amazon.com/dp/B007VC497K?tag=eloabder-20&linkCode=osi&th=1&psc=1"><img src="https://m.media-amazon.com/images/I/51oZOs1VRDL._SL500_.jpg" alt="Product Image"></a><p>Sandsational Sparkle Burnt Orange Unity Sand, 1 LB (16 oz), Colored Sand for Weddings, Vase Filler, Home Décor, Craft Sand, Aquarium Sand, and More</p><p>$9.99</p><a href="https://www.amazon.com/dp/B007VC497K?tag=eloabder-20&linkCode=osi&th=1&psc=1">View Product</a></div><div class="product"><a href="https://www.amazon.com/dp/B004BN9WWY?tag=eloabder-20&linkCode=osi&th=1&psc=1"><img src="https://m.media-amazon.com/images/I/41Hehnr6HkL._SL500_.jpg" alt="Product Image"></a><p>Activa Turquoise Decorative Colored Sand in Resealable Bag, 5lb (2.27kg) | Fine Grain & Fade-Proof Sand For Arts & Crafts</p><p>$17.99 ($0.22 / Ounce)</p><a href="https://www.amazon.com/dp/B004BN9WWY?tag=eloabder-20&linkCode=osi&th=1&psc=1">View Product</a></div><div class="product"><a href="https://www.amazon.com/dp/B007VC4CMM?tag=eloabder-20&linkCode=osi&th=1&psc=1"><img src="https://m.media-amazon.com/images/I/51MDELk9-bL._SL500_.jpg" alt="Product Image"></a><p>Sandsational Sparkle Hazelnut Unity Sand, 1 LB (16 oz), Colored Sand for Weddings, Vase Filler, Home Décor, Craft Sand, Aquarium Sand, and More</p><p>$9.99</p><a href="https://www.amazon.com/dp/B007VC4CMM?tag=eloabder-20&linkCode=osi&th=1&psc=1">View Product</a></div>

<div class="product"><a href="https://www.amazon.com/dp/B0868M9MFP?tag=eloabder-20&linkCode=osi&th=1&psc=1"><img src="https://m.media-amazon.com/images/I/41MathwPKuL._SL500_.jpg" alt="Product Image"></a><p>SIMETUFY 360 Sheets 36 Multicolor Tissue Paper Bulk Gift Wrapping Tissue Paper Decorative Art Rainbow Tissue Paper 11.5in x 8in for Art Craft Floral Birthday Party Festival Tissue Paper Pom Pom</p><p>$6.98 ($0.02 / Count)</p><a href="https://www.amazon.com/dp/B0868M9MFP?tag=eloabder-20&linkCode=osi&th=1&psc=1">View Product</a></div><div class="product"><a href="https://www.amazon.com/dp/B0CZNYNJL3?tag=eloabder-20&linkCode=osi&th=1&psc=1"><img src="https://m.media-amazon.com/images/I/41ZspqqmKpL._SL500_.jpg" alt="Product Image"></a><p>160 Sheets Colored Tissue Paper, Tissue Paper Bulk 14 X 20 Inches Tissue Paper for Gift Bags Wrapping DIY Crafts Wedding Birthday</p><p>$7.99 ($0.03 / Sq Ft)</p><a href="https://www.amazon.com/dp/B0CZNYNJL3?tag=eloabder-20&linkCode=osi&th=1&psc=1">View Product</a></div><div class="product"><a href="https://www.amazon.com/dp/B07QY9FQN2?tag=eloabder-20&linkCode=osi&th=1&psc=1"><img src="https://m.media-amazon.com/images/I/51DR9nknn7L._SL500_.jpg" alt="Product Image"></a><p>120 Sheets Colored Tissue Paper Bulk Wrapping Craft Paper 20 x 26" for Art Gift Tissue Decoration (24 Colors)</p><p>$15.59 ($0.13 / Count)</p><a href="https://www.amazon.com/dp/B07QY9FQN2?tag=eloabder-20&linkCode=osi&th=1&psc=1">View Product</a></div><div class="product"><a href="https://www.amazon.com/dp/B0CWR5FKGQ?tag=eloabder-20&linkCode=osi&th=1&psc=1"><img src="https://m.media-amazon.com/images/I/31iRzSH4cbL._SL500_.jpg" alt="Product Image"></a><p>Hlonon 100 Sheets Colored Tissue Paper 12×20 Inch Tissue Paper Bulk Gift Wrapping for Gift Bags DIY Crafts Birthday Wedding Holidays Decor 10 Colors</p><p>$4.59</p><a href="https://www.amazon.com/dp/B0CWR5FKGQ?tag=eloabder-20&linkCode=osi&th=1&psc=1">View Product</a></div><div class="product"><a href="https://www.amazon.com/dp/B09RXR9SXB?tag=eloabder-20&linkCode=osi&th=1&psc=1"><img src="https://m.media-amazon.com/images/I/51xWE-5f2lL._SL500_.jpg" alt="Product Image"></a><p>120 Sheets Colored Tissue Paper for Gift Bags - 25 Assorted Colors Tissue Paper for Packaging Bulk Colored Tissue Paper for Gift Wrapping -Tissue Paper Bulk for Crafts Large 20 X 26 Sheets</p><p>$13.99 ($0.12 / Count)</p><a href="https://www.amazon.com/dp/B09RXR9SXB?tag=eloabder-20&linkCode=osi&th=1&psc=1">View Product</a></div><div class="product"><a href="https://www.amazon.com/dp/B0BWPNFLXM?tag=eloabder-20&linkCode=osi&th=1&psc=1"><img src="https://m.media-amazon.com/images/I/51KYkgeBLCL._SL500_.jpg" alt="Product Image"></a><p>Colored Tissue Paper for Gift Bags, Colored Tissue Paper for Crafts, Gift Wrapping Tissue Paper Bulk - 375 Sheets in 36 Assorted Colors (12 in x 8.4 in)</p><p>$12.99 ($0.03 / Count)</p><a href="https://www.amazon.com/dp/B0BWPNFLXM?tag=eloabder-20&linkCode=osi&th=1&psc=1">View Product</a></div><div class="product"><a href="https://www.amazon.com/dp/B0D1JYM64F?tag=eloabder-20&linkCode=osi&th=1&psc=1"><img src="https://m.media-amazon.com/images/I/41wvUKH9PbL._SL500_.jpg" alt="Product Image"></a><p>Phinus 6300 Pcs 1 Inch Tissue Paper Squares, Tissue Paper for Crafts, 42 Assorted Colored Tissue Paper, Colors Art Rainbow Tissue Paper Bulk for Crafts, Art Projects, Birthday Party</p><p>$5.99</p><a href="https://www.amazon.com/dp/B0D1JYM64F?tag=eloabder-20&linkCode=osi&th=1&psc=1">View Product</a></div>
<div class="product"><a href="https://www.amazon.com/dp/B085DP36VF?tag=eloabder-20&linkCode=osi&th=1&psc=1"><img src="https://m.media-amazon.com/images/I/516vaNkg0iL._SL500_.jpg" alt="Product Image"></a><p>Soucolor Art Brush Markers Pens for Adult Coloring Books, 34 Colors Numbered Dual Tip (Brush and Fine Point) Marker Pen for Kids Note taking Planner Lettering Calligraphy Drawing Preppy School Stuff</p><p>$9.99</p><a href="https://www.amazon.com/dp/B085DP36VF?tag=eloabder-20&linkCode=osi&th=1&psc=1">View Product</a></div><div class="product"><a href="https://www.amazon.com/dp/B075WQPKNK?tag=eloabder-20&linkCode=osi&th=1&psc=1"><img src="https://m.media-amazon.com/images/I/51EOXvmdwnL._SL500_.jpg" alt="Product Image"></a><p>Dual Brush Marker Pens for Coloring Books, Tanmit Fine Tip Coloring Marker & Brush Pen Set for Journaling Note Taking Writing Planning Art Project</p><p>$7.97</p><a href="https://www.amazon.com/dp/B075WQPKNK?tag=eloabder-20&linkCode=osi&th=1&psc=1">View Product</a></div>
<div class="product"><a href="https://www.amazon.com/dp/B0BWH7CWFW?tag=eloabder-20&linkCode=osi&th=1&psc=1"><img src="https://m.media-amazon.com/images/I/51jUg2AkDyL._SL500_.jpg" alt="Product Image"></a><p>AnyMark 60 Colors Alcohol Markers, Markers Set, Dual Tip Alcohol Based Art Markers for Kids Adults Coloring Drawing, Chisel & Fine</p><p>$19.99 ($0.33 / Count)</p><a href="https://www.amazon.com/dp/B0BWH7CWFW?tag=eloabder-20&linkCode=osi&th=1&psc=1">View Product</a></div><div class="product"><a href="https://www.amazon.com/dp/B07CJ8QXF8?tag=eloabder-20&linkCode=osi&th=1&psc=1"><img src="https://m.media-amazon.com/images/I/51bChi4-H4L._SL500_.jpg" alt="Product Image"></a><p>Dual Markers Brush Pens, 36 Fine Point Art Marker, Double Tip Colored Pen for Adult Coloring Hand Lettering, School Classroom Art Suppliers</p><p>$9.99</p><a href="https://www.amazon.com/dp/B07CJ8QXF8?tag=eloabder-20&linkCode=osi&th=1&psc=1">View Product</a></div><div class="product"><a href="https://www.amazon.com/dp/B0CMLFSJ32?tag=eloabder-20&linkCode=osi&th=1&psc=1"><img src="https://m.media-amazon.com/images/I/51tOlopoSsL._SL500_.jpg" alt="Product Image"></a><p>TOSHARE Double Brush Marker Pens, 72 Colors Art Markers Set with Fine Tip and Brush Tip for Kids Adult Coloring Book Hand Lettering Calligraphy Drawing Art Supplies Kit</p><p>$29.99</p><a href="https://www.amazon.com/dp/B0CMLFSJ32?tag=eloabder-20&linkCode=osi&th=1&psc=1">View Product</a></div><div class="product"><a href="https://www.amazon.com/dp/B0BYD5M7LQ?tag=eloabder-20&linkCode=osi&th=1&psc=1"><img src="https://m.media-amazon.com/images/I/51sfVuA2MJL._SL500_.jpg" alt="Product Image"></a><p>AnyMark 48 Colors Alcohol Markers, Markers Set, Dual Tip Alcohol Based Art Markers for Kids Adults Coloring Drawing, Chisel & Fine</p><p>$12.99 ($0.27 / Count)</p><a href="https://www.amazon.com/dp/B0BYD5M7LQ?tag=eloabder-20&linkCode=osi&th=1&psc=1">View Product</a></div><div class="product"><a href="https://www.amazon.com/dp/B078N2RFJ9?tag=eloabder-20&linkCode=osi&th=1&psc=1"><img src="https://m.media-amazon.com/images/I/415IZ1EQzEL._SL500_.jpg" alt="Product Image"></a><p>MemOffice 80 Colors Dual Tip Artist Alcohol Markers Set with Carrying Case - Perfect for Coloring, Drawing, Sketching, Card Making and Illustration - Perfect for Adults and Kids</p><p>$22.99</p><a href="https://www.amazon.com/dp/B078N2RFJ9?tag=eloabder-20&linkCode=osi&th=1&psc=1">View Product</a></div><div class="product"><a href="https://www.amazon.com/dp/B0891WKPN3?tag=eloabder-20&linkCode=osi&th=1&psc=1"><img src="https://m.media-amazon.com/images/I/51qPnBJt4QL._SL500_.jpg" alt="Product Image"></a><p>Caliart 34 Double Tip Brush Pens Art Markers, Aesthetic Cute Preppy Stuff School Supplies, Artist Fine & Brush Pen Coloring Markers for Kids Adult Book Cards Drawing Craft Kit Teacher Office Supplies</p><p>$9.99</p><a href="https://www.amazon.com/dp/B0891WKPN3?tag=eloabder-20&linkCode=osi&th=1&psc=1">View Product</a></div><div class="product"><a href="https://www.amazon.com/dp/B08GX1FXG5?tag=eloabder-20&linkCode=osi&th=1&psc=1"><img src="https://m.media-amazon.com/images/I/61VK97q6UUL._SL500_.jpg" alt="Product Image"></a><p>Mogyann Markers for Adult 100 Colors Dual Tip Pens with Fine and Brush Tip for Coloring and Calligraphy Drawing</p><p>$26.99</p><a href="https://www.amazon.com/dp/B08GX1FXG5?tag=eloabder-20&linkCode=osi&th=1&psc=1">View Product</a></div>
<div class="product"><a href="https://www.amazon.com/dp/B002LARR8A?tag=eloabder-20&linkCode=osi&th=1&psc=1"><img src="https://m.media-amazon.com/images/I/41G5vXNB91L._SL500_.jpg" alt="Product Image"></a><p>Prang (Formerly SunWorks) Construction Paper, 10 Assorted Colors, 12" x 18", 100 Sheets</p><p>$13.09</p><a href="https://www.amazon.com/dp/B002LARR8A?tag=eloabder-20&linkCode=osi&th=1&psc=1">View Product</a></div><div class="product"><a href="https://www.amazon.com/dp/B001AZ9S6G?tag=eloabder-20&linkCode=osi&th=1&psc=1"><img src="https://m.media-amazon.com/images/I/41kI6AxAEvL._SL500_.jpg" alt="Product Image"></a><p>Prang (Formerly SunWorks) Construction Paper, White, 12" x 18", 50 Sheets</p><p>$6.86</p><a href="https://www.amazon.com/dp/B001AZ9S6G?tag=eloabder-20&linkCode=osi&th=1&psc=1">View Product</a></div>

<div class="product"><a href="https://www.amazon.com/dp/B003JJIEKC?tag=eloabder-20&linkCode=osi&th=1&psc=1"><img src="https://m.media-amazon.com/images/I/51CnC6280iL._SL500_.jpg" alt="Product Image"></a><p>2 Rolls/Pack 7/32 Copper Foil (Copper Backed)</p><p>$24.21</p><a href="https://www.amazon.com/dp/B003JJIEKC?tag=eloabder-20&linkCode=osi&th=1&psc=1">View Product</a></div><div class="product"><a href="https://www.amazon.com/dp/B0CXXD14QS?tag=eloabder-20&linkCode=osi&th=1&psc=1"><img src="https://m.media-amazon.com/images/I/31MLEFbqdaL._SL500_.jpg" alt="Product Image"></a><p>YEZHET 7/32 Inch Black Backed Copper foil for Stained Glass (2Roll)</p><p>$16.99</p><a href="https://www.amazon.com/dp/B0CXXD14QS?tag=eloabder-20&linkCode=osi&th=1&psc=1">View Product</a></div><div class="product"><a href="https://www.amazon.com/dp/B00359QVPG?tag=eloabder-20&linkCode=osi&th=1&psc=1"><img src="https://m.media-amazon.com/images/I/41hRCFiP1dL._SL500_.jpg" alt="Product Image"></a><p>Edco 3/16 Black Backed Copper Foil</p><p>$14.75</p><a href="https://www.amazon.com/dp/B00359QVPG?tag=eloabder-20&linkCode=osi&th=1&psc=1">View Product</a></div><div class="product"><a href="https://www.amazon.com/dp/B004BNDZSG?tag=eloabder-20&linkCode=osi&th=1&psc=1"><img src="https://m.media-amazon.com/images/I/519NZ7L73gL._SL500_.jpg" alt="Product Image"></a><p>Studio Pro 1/4-Inch Black Lined Copper Foil</p><p>$10.90</p><a href="https://www.amazon.com/dp/B004BNDZSG?tag=eloabder-20&linkCode=osi&th=1&psc=1">View Product</a></div><div class="product"><a href="https://www.amazon.com/dp/B0C3Z37LZK?tag=eloabder-20&linkCode=osi&th=1&psc=1"><img src="https://m.media-amazon.com/images/I/41bhh73eatL._SL500_.jpg" alt="Product Image"></a><p>YEZHET Copper Foil Tape 2 Pack (7/32Inch) with Double-Sided Conductive, for Stained Glass, Electrical Repairs, DIY Handicrafts, Paper Circuits, Crafting</p><p>$7.99 ($0.53 / Foot)</p><a href="https://www.amazon.com/dp/B0C3Z37LZK?tag=eloabder-20&linkCode=osi&th=1&psc=1">View Product</a></div><div class="product"><a href="https://www.amazon.com/dp/B00WVKO1LG?tag=eloabder-20&linkCode=osi&th=1&psc=1"><img src="https://m.media-amazon.com/images/I/31J15yH0QGL._SL500_.jpg" alt="Product Image"></a><p>K&S 6020 Metallic Copper Crafting Foil, 0.005" Thick x 12" Width x 30" Long, 1 Piece, Made in The USA</p><p>$14.89</p><a href="https://www.amazon.com/dp/B00WVKO1LG?tag=eloabder-20&linkCode=osi&th=1&psc=1">View Product</a></div>
<div class="product"><a href="https://www.amazon.com/dp/B08YJBQ7WZ?tag=eloabder-20&linkCode=osi&th=1&psc=1"><img src="https://m.media-amazon.com/images/I/51MPyR+wDWL._SL500_.jpg" alt="Product Image"></a><p>45 Color Options Macrame Cord 2mm/3mm/4mm/5mm/6mmx109 Yards Cotton Cord, 4 Ply Twisted Yarn, Natural Perfect Supplies DIY Crafts (Natural White)</p><p>$4.98 ($0.02 / Foot)</p><a href="https://www.amazon.com/dp/B08YJBQ7WZ?tag=eloabder-20&linkCode=osi&th=1&psc=1">View Product</a></div><div class="product"><a href="https://www.amazon.com/dp/B07ZGD2G6B?tag=eloabder-20&linkCode=osi&th=1&psc=1"><img src="https://m.media-amazon.com/images/I/51pexzF494L._SL500_.jpg" alt="Product Image"></a><p>Tenn Well Leather String, 100 Yards 2.6mm Flat Suede Cord, Faux Leather Cord for Jewelry Making, Necklaces, Bracelets, Dream Catchers and DIY Crafts (Brown)</p><p>$9.99 ($0.03 / Foot)</p><a href="https://www.amazon.com/dp/B07ZGD2G6B?tag=eloabder-20&linkCode=osi&th=1&psc=1">View Product</a></div><div class="product"><a href="https://www.amazon.com/dp/B0CQF1LC2R?tag=eloabder-20&linkCode=osi&th=1&psc=1"><img src="https://m.media-amazon.com/images/I/51O0PgsjtpL._SL500_.jpg" alt="Product Image"></a><p>Anezus Rainbow Color Nylon Cord, Nylon Craft String, Silky Satin Rattail Cord Beading String for Braided Bracelets, Pendants Necklace, Macrame Keychains, Lanyards, Drawstring Bags, DIY Crafts, Sewing</p><p>$6.99 ($0.02 / Foot)</p><a href="https://www.amazon.com/dp/B0CQF1LC2R?tag=eloabder-20&linkCode=osi&th=1&psc=1">View Product</a></div><div class="product"><a href="https://www.amazon.com/dp/B0B7J9BZSN?tag=eloabder-20&linkCode=osi&th=1&psc=1"><img src="https://m.media-amazon.com/images/I/41Orf+Dg9FL._SL500_.jpg" alt="Product Image"></a><p>2 mm 330 Feet Satin Nylon Cord String for Jewelry Making Bracelet Necklaces Beading Thread Rattail Macrame Kumihimo Chinese Knot Craft</p><p>$7.99 ($0.02 / Foot)</p><a href="https://www.amazon.com/dp/B0B7J9BZSN?tag=eloabder-20&linkCode=osi&th=1&psc=1">View Product</a></div><div class="product"><a href="https://www.amazon.com/dp/B08PZ2VDPM?tag=eloabder-20&linkCode=osi&th=1&psc=1"><img src="https://m.media-amazon.com/images/I/51DQgq3cfXL._SL500_.jpg" alt="Product Image"></a><p>Tenn Well Nylon Satin Cord, 295 Feet 2mm Black Nylon String for Jewelry Making, Silky Rattail Cord for Bracelets, Necklaces, Macrame Keychains, Lanyards, Beading</p><p>$7.99 ($0.03 / Foot)</p><a href="https://www.amazon.com/dp/B08PZ2VDPM?tag=eloabder-20&linkCode=osi&th=1&psc=1">View Product</a></div><div class="product"><a href="https://www.amazon.com/dp/B07TW9PGGB?tag=eloabder-20&linkCode=osi&th=1&psc=1"><img src="https://m.media-amazon.com/images/I/41C73YuzTWL._SL500_.jpg" alt="Product Image"></a><p>Macrame Cord,3mm x109 Yards 100% Natural Macrame Cords Colored Cotton Macrame Rope Craft Cord for DIY Crafts Knitting Plant Hangers Christmas Wedding Decor(Natural Color/Beige)</p><p>$4.98 ($0.02 / Foot)</p><a href="https://www.amazon.com/dp/B07TW9PGGB?tag=eloabder-20&linkCode=osi&th=1&psc=1">View Product</a></div><div class="product"><a href="https://www.amazon.com/dp/B0CS27R34B?tag=eloabder-20&linkCode=osi&th=1&psc=1"><img src="https://m.media-amazon.com/images/I/31hxjVrOTnL._SL500_.jpg" alt="Product Image"></a><p>2 mm x 330 Feet Satin Nylon Cord, Silky Smooth Nylon String for Jewelry Making Bracelet Necklaces Beading Thread Rattail Macrame Kumihimo Chinese Knot Craft</p><p>$7.99 ($0.02 / Foot)</p><a href="https://www.amazon.com/dp/B0CS27R34B?tag=eloabder-20&linkCode=osi&th=1&psc=1">View Product</a></div><div class="product"><a href="https://www.amazon.com/dp/B07GX8B3PC?tag=eloabder-20&linkCode=osi&th=1&psc=1"><img src="https://m.media-amazon.com/images/I/416oClGC4ZL._SL500_.jpg" alt="Product Image"></a><p>Tenn Well 5mm Macrame Cord, 165Feet Braided Cotton Rope Thick Craft Twine for Macrame Plant Hangers, Wall Hangings, Drawstrings, Clothes Lines, DIY Crafts (Beige)</p><p>$8.99 ($0.05 / Foot)</p><a href="https://www.amazon.com/dp/B07GX8B3PC?tag=eloabder-20&linkCode=osi&th=1&psc=1">View Product</a></div>
<div class="product"><a href="https://www.amazon.com/dp/B08LV18F93?tag=eloabder-20&linkCode=osi&th=1&psc=1"><img src="https://m.media-amazon.com/images/I/51XMGht9fSL._SL500_.jpg" alt="Product Image"></a><p>uxcell 20pcs Corrugated Cardboard Paper Sheets,Colorful,7.87-inch x 11.82-inch,for Craft and DIY Projects</p><p>$12.49 ($0.62 / Count)</p><a href="https://www.amazon.com/dp/B08LV18F93?tag=eloabder-20&linkCode=osi&th=1&psc=1">View Product</a></div><div class="product"><a href="https://www.amazon.com/dp/B009MRH3R0?tag=eloabder-20&linkCode=osi&th=1&psc=1"><img src="https://m.media-amazon.com/images/I/51KvHbQ47aL._SL500_.jpg" alt="Product Image"></a><p>Hygloss Corrugated Cardboard Sheets, 8-Pack, 8 Pieces</p><p>$10.13 ($1.27 / Count)</p><a href="https://www.amazon.com/dp/B009MRH3R0?tag=eloabder-20&linkCode=osi&th=1&psc=1">View Product</a></div><div class="product"><a href="https://www.amazon.com/dp/B08LV1DHM7?tag=eloabder-20&linkCode=osi&th=1&psc=1"><img src="https://m.media-amazon.com/images/I/41CqXQkVMyL._SL500_.jpg" alt="Product Image"></a><p>uxcell 10pcs Corrugated Cardboard Paper Sheets,Black,7.87-inch x 11.84-inch,for Craft and DIY Projects</p><p>$8.09 ($0.81 / Count)</p><a href="https://www.amazon.com/dp/B08LV1DHM7?tag=eloabder-20&linkCode=osi&th=1&psc=1">View Product</a></div><div class="product"><a href="https://www.amazon.com/dp/B07RNHX8GZ?tag=eloabder-20&linkCode=osi&th=1&psc=1"><img src="https://m.media-amazon.com/images/I/51LdlT0J20L._SL500_.jpg" alt="Product Image"></a><p>Bright Creations Corrugated Cardboard Paper Sheets (8.5 x 11 in, Black, 48-Pack)</p><p>$16.99 ($0.35 / Count)</p><a href="https://www.amazon.com/dp/B07RNHX8GZ?tag=eloabder-20&linkCode=osi&th=1&psc=1">View Product</a></div><div class="product"><a href="https://www.amazon.com/dp/B07GZHK7KC?tag=eloabder-20&linkCode=osi&th=1&psc=1"><img src="https://m.media-amazon.com/images/I/51LbINh9qtL._SL500_.jpg" alt="Product Image"></a><p>64 Pack Colored Corrugated Cardboard Sheets for Crafts, Art Projects, DIY Signs, 8 Bright Colors (8.3 x 11.8 in)</p><p>$19.99 ($0.31 / Count)</p><a href="https://www.amazon.com/dp/B07GZHK7KC?tag=eloabder-20&linkCode=osi&th=1&psc=1">View Product</a></div><div class="product"><a href="https://www.amazon.com/dp/B08LV1FW8M?tag=eloabder-20&linkCode=osi&th=1&psc=1"><img src="https://m.media-amazon.com/images/I/41glvw8zT3L._SL500_.jpg" alt="Product Image"></a><p>uxcell 10pcs Corrugated Cardboard Paper Sheets,White,7.87-inch x 11.86-inch,for Craft and DIY Projects</p><p>$9.49 ($0.95 / Count)</p><a href="https://www.amazon.com/dp/B08LV1FW8M?tag=eloabder-20&linkCode=osi&th=1&psc=1">View Product</a></div><div class="product"><a href="https://www.amazon.com/dp/B071KP3K72?tag=eloabder-20&linkCode=osi&th=1&psc=1"><img src="https://m.media-amazon.com/images/I/41Dr9t+PB8L._SL500_.jpg" alt="Product Image"></a><p>Corobuff Corrugated Paper, Brite Blue, 48" x 25', 1 Roll</p><p>$38.52</p><a href="https://www.amazon.com/dp/B071KP3K72?tag=eloabder-20&linkCode=osi&th=1&psc=1">View Product</a></div><div class="product"><a href="https://www.amazon.com/dp/B09TB1LKLG?tag=eloabder-20&linkCode=osi&th=1&psc=1"><img src="https://m.media-amazon.com/images/I/31ttSeubU9L._SL500_.jpg" alt="Product Image"></a><p>MECCANIXITY Corrugated Paper Sheets 25pcs 11.8-inch x 7.87-inch White Cardboard for DIY Craft</p><p>$13.99</p><a href="https://www.amazon.com/dp/B09TB1LKLG?tag=eloabder-20&linkCode=osi&th=1&psc=1">View Product</a></div><div class="product"><a href="https://www.amazon.com/dp/B0C372CGHG?tag=eloabder-20&linkCode=osi&th=1&psc=1"><img src="https://m.media-amazon.com/images/I/41EDnL7EWDL._SL500_.jpg" alt="Product Image"></a><p>DMiotech 5 Pack 7.87x11.81 Inch Corrugated Cardboard Paper Sheets DIY Projects Black for Box Making, Cards, Scrapbooks</p><p>$6.99 ($1.40 / Count)</p><a href="https://www.amazon.com/dp/B0C372CGHG?tag=eloabder-20&linkCode=osi&th=1&psc=1">View Product</a></div>
<div class="product"><a href="https://www.amazon.com/dp/B08PBJSDSH?tag=eloabder-20&linkCode=osi&th=1&psc=1"><img src="https://m.media-amazon.com/images/I/41pj8xbkfyL._SL500_.jpg" alt="Product Image"></a><p>100 Pieces Cotton Spun Paper Balls White Natural Spun Cotton Paper Balls Coloring Paper Balls for Making Paper Flowers DIY Crafts Decorations</p><p>$9.49</p><a href="https://www.amazon.com/dp/B08PBJSDSH?tag=eloabder-20&linkCode=osi&th=1&psc=1">View Product</a></div><div class="product"><a href="https://www.amazon.com/dp/B083W75XRT?tag=eloabder-20&linkCode=osi&th=1&psc=1"><img src="https://m.media-amazon.com/images/I/41C8TlFRJvL._SL500_.jpg" alt="Product Image"></a><p>Lia Griffith Cotton Spun Paper Balls, White, 20mm, 24 Count</p><p>$11.30 ($0.47 / Count)</p><a href="https://www.amazon.com/dp/B083W75XRT?tag=eloabder-20&linkCode=osi&th=1&psc=1">View Product</a></div>
<div class="product"><a href="https://www.amazon.com/dp/B0B1J8TYT1?tag=eloabder-20&linkCode=osi&th=1&psc=1"><img src="https://m.media-amazon.com/images/I/41NdyrANVlL._SL500_.jpg" alt="Product Image"></a><p>HOTGODEN Medium Weight 100% Cotton Muslin Fabric: 63 inch x 2,5,10 Yards Unbleached Muslin Linen Fabric Material for Sewing Material Apparel Cloth</p><p>$12.99</p><a href="https://www.amazon.com/dp/B0B1J8TYT1?tag=eloabder-20&linkCode=osi&th=1&psc=1">View Product</a></div><div class="product"><a href="https://www.amazon.com/dp/B0B9HHD1QM?tag=eloabder-20&linkCode=osi&th=1&psc=1"><img src="https://m.media-amazon.com/images/I/313O1FHX2vL._SL500_.jpg" alt="Product Image"></a><p>Craftido-19 Options-100% Cotton Fabric by The yard in Solid Color 44”Wide by 3yd (9 ft) -Medium Weight 5.2 oz- for Quilting, Sewing, Crafts, Binding, Backing and Lining - White</p><p>$22.99</p><a href="https://www.amazon.com/dp/B0B9HHD1QM?tag=eloabder-20&linkCode=osi&th=1&psc=1">View Product</a></div><div class="product"><a href="https://www.amazon.com/dp/B0BHVMLTWV?tag=eloabder-20&linkCode=osi&th=1&psc=1"><img src="https://m.media-amazon.com/images/I/21vOg9h0nXL._SL500_.jpg" alt="Product Image"></a><p>HOTGODEN Light Weight 100% Cotton Muslin Fabric: 63 inch x 2,5,10 Yards Unbleached Muslin Linen Fabric Material for Sewing Material Apparel Cloth</p><p>$12.99</p><a href="https://www.amazon.com/dp/B0BHVMLTWV?tag=eloabder-20&linkCode=osi&th=1&psc=1">View Product</a></div><div class="product"><a href="https://www.amazon.com/dp/B093BQ3GMM?tag=eloabder-20&linkCode=osi&th=1&psc=1"><img src="https://m.media-amazon.com/images/I/61UmpTb+DVS._SL500_.jpg" alt="Product Image"></a><p>42Pcs 10"x10" Quilting Cotton Fabric Squares Sheets Pre-Cut Multi-Color Design Printed Floral Craft Fabric for DIY Sewing Scrapbooking Quilting Craft Patchwork (Red/Pink/Yellow/Green/Blue/Purple)</p><p>$12.88</p><a href="https://www.amazon.com/dp/B093BQ3GMM?tag=eloabder-20&linkCode=osi&th=1&psc=1">View Product</a></div><div class="product"><a href="https://www.amazon.com/dp/B08DTBZTFC?tag=eloabder-20&linkCode=osi&th=1&psc=1"><img src="https://m.media-amazon.com/images/I/41NKhg34TpL._SL500_.jpg" alt="Product Image"></a><p>Master FAB -Black 100% Cotton Fabric by The Yard for Sewing DIY Crafting Fashion Design Washable Cloth Bundles Voile;Full Width cuttable39 x 55inches (100x140cm) (Black Solid)</p><p>$9.99</p><a href="https://www.amazon.com/dp/B08DTBZTFC?tag=eloabder-20&linkCode=osi&th=1&psc=1">View Product</a></div>
<div class="product"><a href="https://www.amazon.com/dp/B08TZZ7F3P?tag=eloabder-20&linkCode=osi&th=1&psc=1"><img src="https://m.media-amazon.com/images/I/41J8e8Zfz1S._SL500_.jpg" alt="Product Image"></a><p>Hdviai Macrame Cord - Natural Unbleached Macrame Rope - 4 Strand Twisted Cotton Rope for Wall Hanging，DIY Craft Making，Plant Hangers，Knotting Decorative Projects (White, 8mm x 20 Yards)</p><p>$9.99 ($0.17 / Foot)</p><a href="https://www.amazon.com/dp/B08TZZ7F3P?tag=eloabder-20&linkCode=osi&th=1&psc=1">View Product</a></div><div class="product"><a href="https://www.amazon.com/dp/B094Y2M3G5?tag=eloabder-20&linkCode=osi&th=1&psc=1"><img src="https://m.media-amazon.com/images/I/51C-4p5OSsS._SL500_.jpg" alt="Product Image"></a><p>SEMINI 100% Natural Cotton Cord,5mm x40 Yard Mixed Color Twine String Cord Colored Cotton Rope Craft Cord for DIY Crafts Knitting Plant Hangers Christmas Wedding Decorate (Mix Color)</p><p>$12.99</p><a href="https://www.amazon.com/dp/B094Y2M3G5?tag=eloabder-20&linkCode=osi&th=1&psc=1">View Product</a></div><div class="product"><a href="https://www.amazon.com/dp/B07NTT82FH?tag=eloabder-20&linkCode=osi&th=1&psc=1"><img src="https://m.media-amazon.com/images/I/41aw9F3nkmL._SL500_.jpg" alt="Product Image"></a><p>Feelmate 6mm x 164 Feet Cotton Rope Macrame Cord for Crafts Jewelry Making Home Decoration Gift Wrapping</p><p>$14.99 ($0.09 / Foot)</p><a href="https://www.amazon.com/dp/B07NTT82FH?tag=eloabder-20&linkCode=osi&th=1&psc=1">View Product</a></div><div class="product"><a href="https://www.amazon.com/dp/B09KRYCT3B?tag=eloabder-20&linkCode=osi&th=1&psc=1"><img src="https://m.media-amazon.com/images/I/41H918apC-L._SL500_.jpg" alt="Product Image"></a><p>Natural Cotton Rope, JEUIHAU 328 Feet 1/4 Inch Cotton Clothesline Rope, All-Purpose Braided Cotton Rope Utility Cord for Clothes Hanging, Crafting, Macrame, Basket Making, and DIY Art Projects</p><p>$25.99 ($0.08 / Foot)</p><a href="https://www.amazon.com/dp/B09KRYCT3B?tag=eloabder-20&linkCode=osi&th=1&psc=1">View Product</a></div>
<div class="product"><a href="https://www.amazon.com/dp/B07RRD6TBN?tag=eloabder-20&linkCode=osi&th=1&psc=1"><img src="https://m.media-amazon.com/images/I/31YqtfxjDuL._SL500_.jpg" alt="Product Image"></a><p>Connecting Threads 100% Cotton Thread - 1200 Yard Spool (White)</p><p>$8.99</p><a href="https://www.amazon.com/dp/B07RRD6TBN?tag=eloabder-20&linkCode=osi&th=1&psc=1">View Product</a></div><div class="product"><a href="https://www.amazon.com/dp/B07G4N3HCZ?tag=eloabder-20&linkCode=osi&th=1&psc=1"><img src="https://m.media-amazon.com/images/I/413UnNketKL._SL500_.jpg" alt="Product Image"></a><p>2-Pack - Gutermann Natural Cotton Thread Solids 876 Yards Each - White (800C 5709)</p><p>$16.17 ($8.08 / Count)</p><a href="https://www.amazon.com/dp/B07G4N3HCZ?tag=eloabder-20&linkCode=osi&th=1&psc=1">View Product</a></div><div class="product"><a href="https://www.amazon.com/dp/B07RSFSYLY?tag=eloabder-20&linkCode=osi&th=1&psc=1"><img src="https://m.media-amazon.com/images/I/31dM1Mx2uIL._SL500_.jpg" alt="Product Image"></a><p>Connecting Threads 100% Cotton Essential Thread 5000 Yard Cone (White)</p><p>$16.99</p><a href="https://www.amazon.com/dp/B07RSFSYLY?tag=eloabder-20&linkCode=osi&th=1&psc=1">View Product</a></div><div class="product"><a href="https://www.amazon.com/dp/B074H1JTPK?tag=eloabder-20&linkCode=osi&th=1&psc=1"><img src="https://m.media-amazon.com/images/I/41tOL4rkfFL._SL500_.jpg" alt="Product Image"></a><p>Simthread 12 Multi Colors 100% Cotton Sewing Thread 50s/3 Thread for Quilting etc - 550 Yards Each 12C02</p><p>$21.99 ($0.00 / Foot)</p><a href="https://www.amazon.com/dp/B074H1JTPK?tag=eloabder-20&linkCode=osi&th=1&psc=1">View Product</a></div><div class="product"><a href="https://www.amazon.com/dp/B07RPCNYXW?tag=eloabder-20&linkCode=osi&th=1&psc=1"><img src="https://m.media-amazon.com/images/I/41iUqMPb-gL._SL500_.jpg" alt="Product Image"></a><p>Connecting Threads 100% Cotton Thread - 1200 Yard Spool (Red)</p><p>$8.99</p><a href="https://www.amazon.com/dp/B07RPCNYXW?tag=eloabder-20&linkCode=osi&th=1&psc=1">View Product</a></div>
<div class="product"><a href="https://www.amazon.com/dp/B09SL5LT8W?tag=eloabder-20&linkCode=osi&th=1&psc=1"><img src="https://m.media-amazon.com/images/I/512Dhz0oTrL._SL500_.jpg" alt="Product Image"></a><p>B-7000 Glue Clear for Rhinestone Crafts, Jewelry and Bead Adhesive B7000 Semi Fluid High Viscosity Glues for Clothes Shoes Fabric Cell Phones Screen Repair Metal Stone Nail Art Glass (4x15 ml/0.5 oz)</p><p>$5.45</p><a href="https://www.amazon.com/dp/B09SL5LT8W?tag=eloabder-20&linkCode=osi&th=1&psc=1">View Product</a></div><div class="product"><a href="https://www.amazon.com/dp/B00178KLEY?tag=eloabder-20&linkCode=osi&th=1&psc=1"><img src="https://m.media-amazon.com/images/I/31wcgL5xRkL._SL500_.jpg" alt="Product Image"></a><p>Aleene's All Purpose Tacky Glue, 8-Ounce</p><p>$2.44 ($0.30 / Fl Oz)</p><a href="https://www.amazon.com/dp/B00178KLEY?tag=eloabder-20&linkCode=osi&th=1&psc=1">View Product</a></div><div class="product"><a href="https://www.amazon.com/dp/B088NN5GD8?tag=eloabder-20&linkCode=osi&th=1&psc=1"><img src="https://m.media-amazon.com/images/I/417dgxV3dfL._SL500_.jpg" alt="Product Image"></a><p>Bearly Art Precision Craft Glue - The Mini - 2fl oz with Tip Kit - Acid Free Archival - Strong Hold Adhesive - Ideal for Fine Paper Crafting Scrapbooking and Card Making - Made in USA</p><p>$12.99</p><a href="https://www.amazon.com/dp/B088NN5GD8?tag=eloabder-20&linkCode=osi&th=1&psc=1">View Product</a></div><div class="product"><a href="https://www.amazon.com/dp/B000BY6THS?tag=eloabder-20&linkCode=osi&th=1&psc=1"><img src="https://m.media-amazon.com/images/I/41WhjtET6sL._SL500_.jpg" alt="Product Image"></a><p>Aleene's Clear Gel Tacky Glue 4oz</p><p>$2.33</p><a href="https://www.amazon.com/dp/B000BY6THS?tag=eloabder-20&linkCode=osi&th=1&psc=1">View Product</a></div><div class="product"><a href="https://www.amazon.com/dp/B00KD6ZHA4?tag=eloabder-20&linkCode=osi&th=1&psc=1"><img src="https://m.media-amazon.com/images/I/31oecXt0Q+L._SL500_.jpg" alt="Product Image"></a><p>Aleene's Gel Glue, 8-Ounce, Clear</p><p>$4.44 ($0.56 / Fl Oz)</p><a href="https://www.amazon.com/dp/B00KD6ZHA4?tag=eloabder-20&linkCode=osi&th=1&psc=1">View Product</a></div><div class="product"><a href="https://www.amazon.com/dp/B07Y6RWHP1?tag=eloabder-20&linkCode=osi&th=1&psc=1"><img src="https://m.media-amazon.com/images/I/41B6C8VaOWL._SL500_.jpg" alt="Product Image"></a><p>Bearly Art Precision Craft Glue - The Original - 4fl oz - Tip Kit Included - Dries Clear - Metal Tip - Wrinkle Resistant - Flexible and Crack Resistant - Strong Hold Adhesive - Made in USA</p><p>$19.99 ($5.00 / Fl Oz)</p><a href="https://www.amazon.com/dp/B07Y6RWHP1?tag=eloabder-20&linkCode=osi&th=1&psc=1">View Product</a></div><div class="product"><a href="https://www.amazon.com/dp/B0D1BYTYWD?tag=eloabder-20&linkCode=osi&th=1&psc=1"><img src="https://m.media-amazon.com/images/I/41P6pr3DnTL._SL500_.jpg" alt="Product Image"></a><p>Joez Wonderful 6 Sheets Foam Adhesive Squares, 990pcs Total Double Sided Self Adhesive Dots, Precut Squares Strips Foam Tape for DIY Arts & Crafts, 2 Sizes (0.47in/12mm, 0.24in/6mm)</p><p>$5.59</p><a href="https://www.amazon.com/dp/B0D1BYTYWD?tag=eloabder-20&linkCode=osi&th=1&psc=1">View Product</a></div><div class="product"><a href="https://www.amazon.com/dp/B001683NAO?tag=eloabder-20&linkCode=osi&th=1&psc=1"><img src="https://m.media-amazon.com/images/I/31cwr-m138L._SL500_.jpg" alt="Product Image"></a><p>BEACON 3-in-1 Advanced Craft Glue - Fast-Drying, Crystal Clear Adhesive for Wood, Ceramics, Fabrics, and More, 4-Ounce</p><p>$8.99 ($2.25 / Fl Oz)</p><a href="https://www.amazon.com/dp/B001683NAO?tag=eloabder-20&linkCode=osi&th=1&psc=1">View Product</a></div><div class="product"><a href="https://www.amazon.com/dp/B0C5CB2KCT?tag=eloabder-20&linkCode=osi&th=1&psc=1"><img src="https://m.media-amazon.com/images/I/51GvFpuq9BL._SL500_.jpg" alt="Product Image"></a><p>B-7000 Craft Glue for Jewelry Making - 15ml/0.5oz (2 Pack) - Multi-Function B-7000 Super Adhesive Glues Liquid Fusion Glue for Rhinestones Crafts, Clothes Shoes, Fabric, Jewelry Making, Cell Phones</p><p>$5.99</p><a href="https://www.amazon.com/dp/B0C5CB2KCT?tag=eloabder-20&linkCode=osi&th=1&psc=1">View Product</a></div><div class="product"><a href="https://www.amazon.com/dp/B0011N832C?tag=eloabder-20&linkCode=osi&th=1&psc=1"><img src="https://m.media-amazon.com/images/I/41VYA3-u1QL._SL500_.jpg" alt="Product Image"></a><p>Glue Dots, Craft Dots, Double-Sided, 1/2", .5 Inch, 200 Dots, DIY Craft Glue Tape, Sticky Adhesive Glue Points, Liquid Hot Glue Alternative, Clear</p><p>$4.88 ($0.02 / Count)</p><a href="https://www.amazon.com/dp/B0011N832C?tag=eloabder-20&linkCode=osi&th=1&psc=1">View Product</a></div>
<div class="product"><a href="https://www.amazon.com/dp/B07V3HLBVF?tag=eloabder-20&linkCode=osi&th=1&psc=1"><img src="https://m.media-amazon.com/images/I/41siDRjPEoL._SL500_.jpg" alt="Product Image"></a><p>bagmad 100 Pack 8x4.75x10 inch Plain Medium Paper Bags with Handles Bulk, Brown Kraft Bags, Craft Gift Bags, Grocery Shopping Retail Bags, Birthday Party Favors Wedding Bags Sacks (Brown, 100pcs)</p><p>$26.46 ($0.26 / Count)</p><a href="https://www.amazon.com/dp/B07V3HLBVF?tag=eloabder-20&linkCode=osi&th=1&psc=1">View Product</a></div><div class="product"><a href="https://www.amazon.com/dp/B07MLM81VG?tag=eloabder-20&linkCode=osi&th=1&psc=1"><img src="https://m.media-amazon.com/images/I/31j9z9qZ3mL._SL500_.jpg" alt="Product Image"></a><p>Qutuus Kraft Paper Bags with Handles Bulk 8x4.5x10 100 pcs Brown Paper Gift Bags Bulk Medium Size Kraft Bags, Brown Bags, Shopping Bags, Retail Bags, Craft Bags for Small Business</p><p>$25.99</p><a href="https://www.amazon.com/dp/B07MLM81VG?tag=eloabder-20&linkCode=osi&th=1&psc=1">View Product</a></div><div class="product"><a href="https://www.amazon.com/dp/B0CJ8PHN2Z?tag=eloabder-20&linkCode=osi&th=1&psc=1"><img src="https://m.media-amazon.com/images/I/41e7VEiBNIL._SL500_.jpg" alt="Product Image"></a><p>100 Pack 5.8x3.2x8.25 Inch Brown Kraft Paper Gift Bags with Handles - Bulk Small Plain Natural Bags for Birthday Party Favors, Grocery, Retail Shopping, Wedding, Craft, Goody, Takeouts, and Business</p><p>$18.99</p><a href="https://www.amazon.com/dp/B0CJ8PHN2Z?tag=eloabder-20&linkCode=osi&th=1&psc=1">View Product</a></div><div class="product"><a href="https://www.amazon.com/dp/B0BWMY43TD?tag=eloabder-20&linkCode=osi&th=1&psc=1"><img src="https://m.media-amazon.com/images/I/41FVul0hWRL._SL500_.jpg" alt="Product Image"></a><p>Brothersbox Brown Paper Bags with Handles Bulk 100PCS Kraft Paper Bags, 8 * 4.76 * 10 Inch Medium Craft Paper Gift Bags for Birthday Party Grocery Retail Shopping Business</p><p>$24.99</p><a href="https://www.amazon.com/dp/B0BWMY43TD?tag=eloabder-20&linkCode=osi&th=1&psc=1">View Product</a></div><div class="product"><a href="https://www.amazon.com/dp/B0C13GRG4D?tag=eloabder-20&linkCode=osi&th=1&psc=1"><img src="https://m.media-amazon.com/images/I/41L33B24HtL._SL500_.jpg" alt="Product Image"></a><p>Toovip 90 Pack Plain Brown Kraft Paper Bags with Handles Bulk, Multiple 3 Assorted Sizes Gift Bags for Favors Grocery Retail Party Birthday Shopping Business Goody Craft Merchandise Take Out Sacks</p><p>$26.99 ($0.30 / Count)</p><a href="https://www.amazon.com/dp/B0C13GRG4D?tag=eloabder-20&linkCode=osi&th=1&psc=1">View Product</a></div><div class="product"><a href="https://www.amazon.com/dp/B09Z2N3QKT?tag=eloabder-20&linkCode=osi&th=1&psc=1"><img src="https://m.media-amazon.com/images/I/416VQ3Ke3PL._SL500_.jpg" alt="Product Image"></a><p>Moretoes 40pcs Brown Paper Bags with Handles Assorted Size Gift Bags, Kraft Paper Bags, Paper Shopping Bags, Craft Bags, Merchandise Bags</p><p>$20.99</p><a href="https://www.amazon.com/dp/B09Z2N3QKT?tag=eloabder-20&linkCode=osi&th=1&psc=1">View Product</a></div><div class="product"><a href="https://www.amazon.com/dp/B0CHMTKBWS?tag=eloabder-20&linkCode=osi&th=1&psc=1"><img src="https://m.media-amazon.com/images/I/31QBYQW7LOL._SL500_.jpg" alt="Product Image"></a><p>Oikss 100 Pack 10x5x13 Plain Natural Brown Kraft Paper Bags with Handles Bulk for Birthday Party Favors Grocery Retail Shopping Business Goody Recycled Craft Gift Bags (Large Size, 100 Count)</p><p>$30.99</p><a href="https://www.amazon.com/dp/B0CHMTKBWS?tag=eloabder-20&linkCode=osi&th=1&psc=1">View Product</a></div><div class="product"><a href="https://www.amazon.com/dp/B0CRD6RXP3?tag=eloabder-20&linkCode=osi&th=1&psc=1"><img src="https://m.media-amazon.com/images/I/51lEnA2mgNL._SL500_.jpg" alt="Product Image"></a><p>XPCARE 100Pack Brown Paper Bags 8x4.5x10 Inch, Plain Medium Paper Bags with Handles Bulk, Kraft Paper Gift Bags, Retail Bags, Party Bags, Shopping Bags, Favor Bags</p><p>$19.99</p><a href="https://www.amazon.com/dp/B0CRD6RXP3?tag=eloabder-20&linkCode=osi&th=1&psc=1">View Product</a></div><div class="product"><a href="https://www.amazon.com/dp/B07V3J3Y5V?tag=eloabder-20&linkCode=osi&th=1&psc=1"><img src="https://m.media-amazon.com/images/I/41wn1f3QStL._SL500_.jpg" alt="Product Image"></a><p>bagmad 100 Pack 5.25x3.25x8 inch Brown Small Paper Bags with Handles Bulk, Gift Paper Bags, Kraft Birthday Party Favors Grocery Retail Shopping Craft Bags Takeouts Business (Plain Natural 100pcs)</p><p>$20.99 ($0.21 / Count)</p><a href="https://www.amazon.com/dp/B07V3J3Y5V?tag=eloabder-20&linkCode=osi&th=1&psc=1">View Product</a></div><div class="product"><a href="https://www.amazon.com/dp/B09HBN5248?tag=eloabder-20&linkCode=osi&th=1&psc=1"><img src="https://m.media-amazon.com/images/I/41iWymlepRL._SL500_.jpg" alt="Product Image"></a><p>Oikss 100 Pack 5.25x3.25x8.25 Inch Small Plain Natural Paper Kraft Gift Bags with Handles Bulk for Birthday Party Favors Grocery Retail Shopping Business Goody Craft Bags Cub (Brown 100 Count)</p><p>$20.99 ($0.21 / Count)</p><a href="https://www.amazon.com/dp/B09HBN5248?tag=eloabder-20&linkCode=osi&th=1&psc=1">View Product</a></div>
<div class="product"><a href="https://www.amazon.com/dp/B09C1YL7RQ?tag=eloabder-20&linkCode=osi&th=1&psc=1"><img src="https://m.media-amazon.com/images/I/615lFU8obCL._SL500_.jpg" alt="Product Image"></a><p>1000+ pcs Pony Beads, Multi-Colored Bracelet Beads for Hair Braids, Crafts, Plastic Beads (Medium Pack, Classic)…</p><p>$6.99 ($0.01 / Count)</p><a href="https://www.amazon.com/dp/B09C1YL7RQ?tag=eloabder-20&linkCode=osi&th=1&psc=1">View Product</a></div>
<div class="product"><a href="https://www.amazon.com/dp/B0C1RC5Y7F?tag=eloabder-20&linkCode=osi&th=1&psc=1"><img src="https://m.media-amazon.com/images/I/41Sf-YEnE+L._SL500_.jpg" alt="Product Image"></a><p>PerkHomy Brown Kraft Paper Roll 17.5" x 1,200" (100') for Gift Wrapping Bulletin Board Kids Craft Art Bouquet Flower Packing Moving Shipping Floor Covering Table 70GSM 50LB (Brown, 17.5" x 100')</p><p>$5.98</p><a href="https://www.amazon.com/dp/B0C1RC5Y7F?tag=eloabder-20&linkCode=osi&th=1&psc=1">View Product</a></div>
<div class="product"><a href="https://www.amazon.com/dp/B0044SA67G?tag=eloabder-20&linkCode=osi&th=1&psc=1"><img src="https://m.media-amazon.com/images/I/51UEqn6-w3L._SL500_.jpg" alt="Product Image"></a><p>Hygloss Products - 77640 Colorful Blank Books – Books for Journaling, Sketching, Writing & More – Great for Arts & Crafts - 10 Assorted Bright, Fun Colors - Pocket-Size - 4.25 x 5.5 Inches - 10 Pack</p><p>$8.18 ($0.82 / Count)</p><a href="https://www.amazon.com/dp/B0044SA67G?tag=eloabder-20&linkCode=osi&th=1&psc=1">View Product</a></div><div class="product"><a href="https://www.amazon.com/dp/B09WQCHK3M?tag=eloabder-20&linkCode=osi&th=1&psc=1"><img src="https://m.media-amazon.com/images/I/61JMYPiYGRL._SL500_.jpg" alt="Product Image"></a><p>Aigybobo Origami Paper Set, 308PCS Kids Craft Paper Kit with Instructional Book for Girls Age 6,7,8,9,10,11,12, Art Projects Supplies for School Class Craft Lessons- Christmas Gifts for Boys&Girls</p><p>$12.99</p><a href="https://www.amazon.com/dp/B09WQCHK3M?tag=eloabder-20&linkCode=osi&th=1&psc=1">View Product</a></div><div class="product"><a href="https://www.amazon.com/dp/B00I7E56NC?tag=eloabder-20&linkCode=osi&th=1&psc=1"><img src="https://m.media-amazon.com/images/I/21cxSReF5yL._SL500_.jpg" alt="Product Image"></a><p>Hygloss Products White Blank Books – Great Books for Journaling, Sketching, Writing & More – Fun for Arts & Crafts - Pocket-size - 4.25 x 5.5 Inches - 10 Pack</p><p>$13.00</p><a href="https://www.amazon.com/dp/B00I7E56NC?tag=eloabder-20&linkCode=osi&th=1&psc=1">View Product</a></div><div class="product"><a href="https://www.amazon.com/dp/B07YGRCXVT?tag=eloabder-20&linkCode=osi&th=1&psc=1"><img src="https://m.media-amazon.com/images/I/51Oxy0SqbES._SL500_.jpg" alt="Product Image"></a><p>Origami Paper | 350 Origami Paper Kit | Set Includes - 300 Sheets 20 Colors 6x6 | 50 Traditional Japanese Patterns | Origami Book 25 Easy Colored Projects | Kids Crafts | Christmas Gifts for boys 8-12</p><p>$17.99</p><a href="https://www.amazon.com/dp/B07YGRCXVT?tag=eloabder-20&linkCode=osi&th=1&psc=1">View Product</a></div><div class="product"><a href="https://www.amazon.com/dp/B07VDCVN3T?tag=eloabder-20&linkCode=osi&th=1&psc=1"><img src="https://m.media-amazon.com/images/I/516u8vopNML._SL500_.jpg" alt="Product Image"></a><p>Gamenote Colorful Origami Kit for Kids 54 Projects 120 Double Sided Origami Paper 12 Sheets Practice Papers Instructional Origami Book Origami Gift for 4+ Girls Boys Adult Beginners Training Craft</p><p>$11.99</p><a href="https://www.amazon.com/dp/B07VDCVN3T?tag=eloabder-20&linkCode=osi&th=1&psc=1">View Product</a></div>



<div class="product"><a href="https://www.amazon.com/dp/B01GCLS32M?tag=eloabder-20&linkCode=osi&th=1&psc=1"><img src="https://m.media-amazon.com/images/I/51xf1ALKGyL._SL500_.jpg" alt="Product Image"></a><p>42pcs Felt Fabric Sheet 4"x4" Assorted Color DIY Craft Squares Nonwoven 1mm Thick</p><p>$6.68</p><a href="https://www.amazon.com/dp/B01GCLS32M?tag=eloabder-20&linkCode=osi&th=1&psc=1">View Product</a></div><div class="product"><a href="https://www.amazon.com/dp/B0CY56NFL7?tag=eloabder-20&linkCode=osi&th=1&psc=1"><img src="https://m.media-amazon.com/images/I/51jZtTDxNCL._SL500_.jpg" alt="Product Image"></a><p>XSEINO 12 Rolls 8"x35"(20.5x90cm) 1.4mm Thick Soft Felt Fabric Sheet 12 Assorted Colors Felt Pack for DIY Craft Sewing Squares Nonwoven Patchwork</p><p>$11.99</p><a href="https://www.amazon.com/dp/B0CY56NFL7?tag=eloabder-20&linkCode=osi&th=1&psc=1">View Product</a></div><div class="product"><a href="https://www.amazon.com/dp/B07VHMT14L?tag=eloabder-20&linkCode=osi&th=1&psc=1"><img src="https://m.media-amazon.com/images/I/61DSrnEAvjL._SL500_.jpg" alt="Product Image"></a><p>150Pcs 4" x 4" (10cm x 10cm) Cotton Craft Fabric Bundle Squares,Squares Sheets Patchwork,Pre-Cut Quilt Squares,DIY Sewing Quarters Bundle,Quilting Fabric Bundles</p><p>$9.99</p><a href="https://www.amazon.com/dp/B07VHMT14L?tag=eloabder-20&linkCode=osi&th=1&psc=1">View Product</a></div><div class="product"><a href="https://www.amazon.com/dp/B08GJHYMGN?tag=eloabder-20&linkCode=osi&th=1&psc=1"><img src="https://m.media-amazon.com/images/I/51wD1FT1eeL._SL500_.jpg" alt="Product Image"></a><p>50pcs 8 x 8 inches Multicolor Cotton Fabric Bundle Squares for Quilting Sewing, Precut Fabric Squares for Craft Patchwork</p><p>$13.77</p><a href="https://www.amazon.com/dp/B08GJHYMGN?tag=eloabder-20&linkCode=osi&th=1&psc=1">View Product</a></div><div class="product"><a href="https://www.amazon.com/dp/B0C6K98T96?tag=eloabder-20&linkCode=osi&th=1&psc=1"><img src="https://m.media-amazon.com/images/I/51M-+hitpAL._SL500_.jpg" alt="Product Image"></a><p>42pcs 6 x 6 inches Felt Fabric Sheets - Fabrics DIY Craftwork Sewing Patchwork, Felt Crafts Assorted Colour Polyester Felt Sheet for Art and Craft</p><p>$4.99</p><a href="https://www.amazon.com/dp/B0C6K98T96?tag=eloabder-20&linkCode=osi&th=1&psc=1">View Product</a></div><div class="product"><a href="https://www.amazon.com/dp/B0C9BYD9ND?tag=eloabder-20&linkCode=osi&th=1&psc=1"><img src="https://m.media-amazon.com/images/I/418r7XqmEKL._SL500_.jpg" alt="Product Image"></a><p>40Pcs Felt Fabric Sheets - 4x4 inch DIY Craft Felt, 1mm Thick Non-Woven Patchwork Material for School Projects & Decoration - 40 Assorted Colors (10 x 10cm)</p><p>$4.99</p><a href="https://www.amazon.com/dp/B0C9BYD9ND?tag=eloabder-20&linkCode=osi&th=1&psc=1">View Product</a></div><div class="product"><a href="https://www.amazon.com/dp/B0BWRN4RHP?tag=eloabder-20&linkCode=osi&th=1&psc=1"><img src="https://m.media-amazon.com/images/I/51HHQcV3njL._SL500_.jpg" alt="Product Image"></a><p>Large Stiff Felt Sheets Bundle: LOTOFUN 10pcs 8x35Inch Assorted Rainbow Color Felts Sheet for Kids Crafts Squares Nonwoven Patchwork DIY Sewing</p><p>$11.99</p><a href="https://www.amazon.com/dp/B0BWRN4RHP?tag=eloabder-20&linkCode=osi&th=1&psc=1">View Product</a></div>
<div class="product"><a href="https://www.amazon.com/dp/B003U6QIUC?tag=eloabder-20&linkCode=osi&th=1&psc=1"><img src="https://m.media-amazon.com/images/I/51PyPJgIPlL._SL500_.jpg" alt="Product Image"></a><p>School Smart 85836 Maribu Feathers - 1/2 Ounce - Set of 150 - Assorted Colors</p><p>$3.52</p><a href="https://www.amazon.com/dp/B003U6QIUC?tag=eloabder-20&linkCode=osi&th=1&psc=1">View Product</a></div>
<div class="product"><a href="https://www.amazon.com/dp/B089DPDYKV?tag=eloabder-20&linkCode=osi&th=1&psc=1"><img src="https://m.media-amazon.com/images/I/51L58by1dXL._SL500_.jpg" alt="Product Image"></a><p>Better Office Products 100 Pack EVA Foam Sheets, 5.5 x 8.5 Inch, Assorted Colors (20 Colors), 2mm Thick, for Arts and Crafts, 100 Sheets</p><p>$13.99 ($0.14 / Count)</p><a href="https://www.amazon.com/dp/B089DPDYKV?tag=eloabder-20&linkCode=osi&th=1&psc=1">View Product</a></div><div class="product"><a href="https://www.amazon.com/dp/B08YXYN327?tag=eloabder-20&linkCode=osi&th=1&psc=1"><img src="https://m.media-amazon.com/images/I/41VfV+-ZFTL._SL500_.jpg" alt="Product Image"></a><p>EVA Foam Cosplay - 2mm (1mm to 10mm) - Black or White - 14" x 39" Sheet - Ultra High Density Craft Foam 85 kg/m3 - by The Foamory</p><p>$14.99</p><a href="https://www.amazon.com/dp/B08YXYN327?tag=eloabder-20&linkCode=osi&th=1&psc=1">View Product</a></div><div class="product"><a href="https://www.amazon.com/dp/B0CMTJDYRN?tag=eloabder-20&linkCode=osi&th=1&psc=1"><img src="https://m.media-amazon.com/images/I/310JuSzt+mL._SL500_.jpg" alt="Product Image"></a><p>Do²ping White Foam Sheets Crafts, 8.5x5.5 Inch Eva Craft Foam Paper for Crafts Project Classroom Scrapbook DIY Cosplay (White-10 Sheets)</p><p>$4.89 ($0.49 / Count)</p><a href="https://www.amazon.com/dp/B0CMTJDYRN?tag=eloabder-20&linkCode=osi&th=1&psc=1">View Product</a></div><div class="product"><a href="https://www.amazon.com/dp/B0C8B6N9TG?tag=eloabder-20&linkCode=osi&th=1&psc=1"><img src="https://m.media-amazon.com/images/I/51j0TiXHCTL._SL500_.jpg" alt="Product Image"></a><p>120 Pack EVA Foam Sheets, 8 x 6 Inch, 1mm Thick, Assorted 15 Colors Craft Foam Paper for School Supply and DIY Handcraft Projects</p><p>$15.99 ($0.13 / Count)</p><a href="https://www.amazon.com/dp/B0C8B6N9TG?tag=eloabder-20&linkCode=osi&th=1&psc=1">View Product</a></div>
<div class="product"><a href="https://www.amazon.com/dp/B01EK7LGH4?tag=eloabder-20&linkCode=osi&th=1&psc=1"><img src="https://m.media-amazon.com/images/I/41Xx+D+j6XL._SL500_.jpg" alt="Product Image"></a><p>Aleene's 3 Pack, 8 oz Tacky Glue, 8 FL OZ, Original Version 3 Count</p><p>$11.17 ($0.47 / Fl Oz)</p><a href="https://www.amazon.com/dp/B01EK7LGH4?tag=eloabder-20&linkCode=osi&th=1&psc=1">View Product</a></div><div class="product"><a href="https://www.amazon.com/dp/B0D59G56SG?tag=eloabder-20&linkCode=osi&th=1&psc=1"><img src="https://m.media-amazon.com/images/I/41BsDwUSwdL._SL500_.jpg" alt="Product Image"></a><p>4oz Craft Glue & Precision Tips, Strong Tacky Glue, Craft Glue Bottles with Fine Tip, Craft Glue Dry Clear, Fabric Glue Permanent for Paper Crafting Scrapbooking/Card Making/Etc</p><p>$8.58</p><a href="https://www.amazon.com/dp/B0D59G56SG?tag=eloabder-20&linkCode=osi&th=1&psc=1">View Product</a></div><div class="product"><a href="https://www.amazon.com/dp/B004DNX6EW?tag=eloabder-20&linkCode=osi&th=1&psc=1"><img src="https://m.media-amazon.com/images/I/51RkAeJv5hL._SL500_.jpg" alt="Product Image"></a><p>ELMERS CraftBond Extra Strength Glue Sticks, 6 Grams, 4 Count</p><p>$9.89 ($2.47 / Count)</p><a href="https://www.amazon.com/dp/B004DNX6EW?tag=eloabder-20&linkCode=osi&th=1&psc=1">View Product</a></div>
<div class="product"><a href="https://www.amazon.com/dp/B01ELWWX98?tag=eloabder-20&linkCode=osi&th=1&psc=1"><img src="https://m.media-amazon.com/images/I/51g67GhksOL._SL500_.jpg" alt="Product Image"></a><p>Maybe Swearing Will Help Adult Coloring Book Set - for Adults Relaxation with Markers in a Case - Motivational Swear Word Anxiety Relief - Color Cuss & Laugh Your Way to Less Stress</p><p>$24.99</p><a href="https://www.amazon.com/dp/B01ELWWX98?tag=eloabder-20&linkCode=osi&th=1&psc=1">View Product</a></div><div class="product"><a href="https://www.amazon.com/dp/B09X1YX59W?tag=eloabder-20&linkCode=osi&th=1&psc=1"><img src="https://m.media-amazon.com/images/I/61Cr68venIL._SL500_.jpg" alt="Product Image"></a><p>Hula Home Stained Glass Mandala Art Kit - DIY Window Clings with Markers, 10 Suncatchers - Perfect Hobby for Adults, Kids, Teens & Seniors - Ideal Gift for Beginners, Women & Elderly</p><p>$15.99</p><a href="https://www.amazon.com/dp/B09X1YX59W?tag=eloabder-20&linkCode=osi&th=1&psc=1">View Product</a></div><div class="product"><a href="https://www.amazon.com/dp/B0CGD74KX7?tag=eloabder-20&linkCode=osi&th=1&psc=1"><img src="https://m.media-amazon.com/images/I/51rNpMlv3wL._SL500_.jpg" alt="Product Image"></a><p>Shimmer Markers Outline Double Line: 12 Colors Metallic Glitter Pens Set Sparkle Kid Age 4 8 10 14 16 Year Old Gift Doodle Drawing Supplies Art Craft Teen Girl Cute Stuff Mother's Day Basket Ideas</p><p>$9.99</p><a href="https://www.amazon.com/dp/B0CGD74KX7?tag=eloabder-20&linkCode=osi&th=1&psc=1">View Product</a></div>

<div class="product"><a href="https://www.amazon.com/dp/B08395C5GC?tag=eloabder-20&linkCode=osi&th=1&psc=1"><img src="https://m.media-amazon.com/images/I/61OgJOjMgQL._SL500_.jpg" alt="Product Image"></a><p>hapray Origami Kit 144 sheets Origami Paper for Kids 72 Patterns with Craft Guiding Book</p><p>$13.97</p><a href="https://www.amazon.com/dp/B08395C5GC?tag=eloabder-20&linkCode=osi&th=1&psc=1">View Product</a></div><div class="product"><a href="https://www.amazon.com/dp/B098WP659T?tag=eloabder-20&linkCode=osi&th=1&psc=1"><img src="https://m.media-amazon.com/images/I/61D4gTo+S1L._SL500_.jpg" alt="Product Image"></a><p>pigipigi Craft Origami Paper for Kids - 208 Sheets Vivid Colorful Folding Papers 54 Patterns Art Projects Kit for 5 6 7 8 9 10 11 12 Years Old Girl Boy Teen Birthday Gift Preschool Educational Toy</p><p>$11.99</p><a href="https://www.amazon.com/dp/B098WP659T?tag=eloabder-20&linkCode=osi&th=1&psc=1">View Product</a></div>
<div class="product"><a href="https://www.amazon.com/dp/B08TWGWRG4?tag=eloabder-20&linkCode=osi&th=1&psc=1"><img src="https://m.media-amazon.com/images/I/51KMwCTx2eL._SL500_.jpg" alt="Product Image"></a><p>Homum 200pcs Premium Gift Tags with 200 Root Natural Jute Twine, Double-Sided Available Kraft Paper Price Tags, Craft Tags Labels Jewelry Tags with String for Wedding Christmas Day Thanksgiving</p><p>$5.99</p><a href="https://www.amazon.com/dp/B08TWGWRG4?tag=eloabder-20&linkCode=osi&th=1&psc=1">View Product</a></div><div class="product"><a href="https://www.amazon.com/dp/B0BNG993ZV?tag=eloabder-20&linkCode=osi&th=1&psc=1"><img src="https://m.media-amazon.com/images/I/51xRPDQUVHL._SL500_.jpg" alt="Product Image"></a><p>200 Pack 2.2 Inch Wood Tags with Hole and Twine, Clipped Corner Rectangle Wooden Gifts Tag for Crafts Unfinished Labels (1.2x2.2 in)</p><p>$9.99 ($0.05 / Count)</p><a href="https://www.amazon.com/dp/B0BNG993ZV?tag=eloabder-20&linkCode=osi&th=1&psc=1">View Product</a></div><div class="product"><a href="https://www.amazon.com/dp/B07N1T58K9?tag=eloabder-20&linkCode=osi&th=1&psc=1"><img src="https://m.media-amazon.com/images/I/41dUfeOE8BL._SL500_.jpg" alt="Product Image"></a><p>2.5" x 3" Vintage Frame Brown Kraft Present Tag Sticker / 250 Present Labels/Canning Packaging Organization Label/Made in The USA</p><p>$15.99</p><a href="https://www.amazon.com/dp/B07N1T58K9?tag=eloabder-20&linkCode=osi&th=1&psc=1">View Product</a></div>
<div class="product"><a href="https://www.amazon.com/dp/B08Y8YRXVQ?tag=eloabder-20&linkCode=osi&th=1&psc=1"><img src="https://m.media-amazon.com/images/I/51DyT7Dd1BL._SL500_.jpg" alt="Product Image"></a><p>72 Pieces Craft Magnets Glass Ceramic Ferrite Magnet with Adhesive Backing and Transparent Clear Glass Cabochons for DIY Craft Fridge Refrigerator Magnets Pendants(Round,1 Inch)</p><p>$12.99 ($0.18 / Count)</p><a href="https://www.amazon.com/dp/B08Y8YRXVQ?tag=eloabder-20&linkCode=osi&th=1&psc=1">View Product</a></div><div class="product"><a href="https://www.amazon.com/dp/B07XDC7FP9?tag=eloabder-20&linkCode=osi&th=1&psc=1"><img src="https://m.media-amazon.com/images/I/41JKgogWT9L._SL500_.jpg" alt="Product Image"></a><p>Magnetic Dots - Self Adhesive Magnet Dots (0.8" x 0.8") - Classroom Must Have Peel & Stick Magnetic Circles - Flexible Sticky Magnets - Sheets is Alternative, Stickers, Strip, Magnetic Tape (120 Pcs)</p><p>$17.99</p><a href="https://www.amazon.com/dp/B07XDC7FP9?tag=eloabder-20&linkCode=osi&th=1&psc=1">View Product</a></div><div class="product"><a href="https://www.amazon.com/dp/B0CSS92G7H?tag=eloabder-20&linkCode=osi&th=1&psc=1"><img src="https://m.media-amazon.com/images/I/51HRyW91ivL._SL500_.jpg" alt="Product Image"></a><p>116pcs Craft Magnets Glass Ceramic Ferrite Magnet with Adhesive Backing and Clear Glass Cabochons for DIY Craft Fridge Refrigerator Magnets (Round,1 Inch,58 Sets)</p><p>$11.96</p><a href="https://www.amazon.com/dp/B0CSS92G7H?tag=eloabder-20&linkCode=osi&th=1&psc=1">View Product</a></div><div class="product"><a href="https://www.amazon.com/dp/B09WCXS3NV?tag=eloabder-20&linkCode=osi&th=1&psc=1"><img src="https://m.media-amazon.com/images/I/51jUQGCcMPL._SL500_.jpg" alt="Product Image"></a><p>DIYMAG Magnetic Adhesive Sheets, |4" x 6"|, 10 Pack Cuttable, Flexible magnet sheets with adhesive for Crafts, Photos, Easy Peel and Stick</p><p>$5.99 ($0.60 / Count)</p><a href="https://www.amazon.com/dp/B09WCXS3NV?tag=eloabder-20&linkCode=osi&th=1&psc=1">View Product</a></div><div class="product"><a href="https://www.amazon.com/dp/B08MVRBN2C?tag=eloabder-20&linkCode=osi&th=1&psc=1"><img src="https://m.media-amazon.com/images/I/51YQW8Hbf3S._SL500_.jpg" alt="Product Image"></a><p>Round Magnets with Adhesive Backing, 120 Pieces Magnet Circles (Diameter 0.8’” x 0.08”) on 4 Tape Sheets, with 3M Strong Adhesive Backing. Perfect for DIY, Art Projects, whiteboards & Fridge</p><p>$10.95</p><a href="https://www.amazon.com/dp/B08MVRBN2C?tag=eloabder-20&linkCode=osi&th=1&psc=1">View Product</a></div><div class="product"><a href="https://www.amazon.com/dp/B0CJHYN7K2?tag=eloabder-20&linkCode=osi&th=1&psc=1"><img src="https://m.media-amazon.com/images/I/51ZowdEZwbL._SL500_.jpg" alt="Product Image"></a><p>124pcs Craft Magnets Glass w Adhesive Backing and Transparent Clear Glass Cabochons DIY Craft Fridge Magnets Sticker for Refrigerator(62 Sets,1 Inch)</p><p>$13.99 ($0.23 / Count)</p><a href="https://www.amazon.com/dp/B0CJHYN7K2?tag=eloabder-20&linkCode=osi&th=1&psc=1">View Product</a></div><div class="product"><a href="https://www.amazon.com/dp/B09BBHBZMG?tag=eloabder-20&linkCode=osi&th=1&psc=1"><img src="https://m.media-amazon.com/images/I/51kT5DaZIPL._SL500_.jpg" alt="Product Image"></a><p>Mr. Pen- Adhesive Magnetic Sheets, 4" x 6", 10 Pack, with Adhesive Backing, Flexible Picture Magnets, Cuttable Magnetic Sheets.</p><p>$5.85</p><a href="https://www.amazon.com/dp/B09BBHBZMG?tag=eloabder-20&linkCode=osi&th=1&psc=1">View Product</a></div><div class="product"><a href="https://www.amazon.com/dp/B07V4STWPV?tag=eloabder-20&linkCode=osi&th=1&psc=1"><img src="https://m.media-amazon.com/images/I/51g56RBuH8L._SL500_.jpg" alt="Product Image"></a><p>Magnetic Sheets with Adhesive Backing - Each 4" x 6" - Flexible Magnetic Paper with Strong Self Adhesive - Sticky Magnet Sheets for Photo and Picture Magnets, Stickers and Other Craft Magnets</p><p>$5.99 ($0.60 / Count)</p><a href="https://www.amazon.com/dp/B07V4STWPV?tag=eloabder-20&linkCode=osi&th=1&psc=1">View Product</a></div>
<div class="product"><a href="https://www.amazon.com/dp/B09VCYS41G?tag=eloabder-20&linkCode=osi&th=1&psc=1"><img src="https://m.media-amazon.com/images/I/61bdWXYPddL._SL500_.jpg" alt="Product Image"></a><p>Betem 24 Colors Dual Tip Acrylic Paint Pens Markers, Premium Acrylic Paint Pens for Wood, Canvas, Stone, Rock Painting, Glass, Ceramic Surfaces, DIY Crafts Making Art Supplies</p><p>$11.99</p><a href="https://www.amazon.com/dp/B09VCYS41G?tag=eloabder-20&linkCode=osi&th=1&psc=1">View Product</a></div><div class="product"><a href="https://www.amazon.com/dp/B0BN7WJFPR?tag=eloabder-20&linkCode=osi&th=1&psc=1"><img src="https://m.media-amazon.com/images/I/51vvJ6c6MPL._SL500_.jpg" alt="Product Image"></a><p>24 Colors Acrylic Paint Pens, Dual Tip Acrylic Paint Markers with Brush Tip and Fine Tip, Acrylic Pens for Rock Painting, Wood, Canvas, Stone, Glass, Ceramic,DIY Crafts Making Art Supplies</p><p>$9.99</p><a href="https://www.amazon.com/dp/B0BN7WJFPR?tag=eloabder-20&linkCode=osi&th=1&psc=1">View Product</a></div><div class="product"><a href="https://www.amazon.com/dp/B0CX1BD86P?tag=eloabder-20&linkCode=osi&th=1&psc=1"><img src="https://m.media-amazon.com/images/I/51w2YBDoYfL._SL500_.jpg" alt="Product Image"></a><p>TBC The Best Crafts 24 Colors Dual Tip Acrylic Paint Markers,Waterproof, Non-Toxic, odorless, Suitable for Paper, Pottery, Stones, Backpacks, Glass</p><p>$9.99</p><a href="https://www.amazon.com/dp/B0CX1BD86P?tag=eloabder-20&linkCode=osi&th=1&psc=1">View Product</a></div><div class="product"><a href="https://www.amazon.com/dp/B09SWJRSSX?tag=eloabder-20&linkCode=osi&th=1&psc=1"><img src="https://m.media-amazon.com/images/I/61OthBr2r9L._SL500_.jpg" alt="Product Image"></a><p>Acrylic Paint Pens Paint Markers Set of 18: Fine Point for Rock Painting Glass Wood Ceramic Fabric Metal Canvas Easter Eggs Pumpkin Kit, Drawing Art Crafts for Adults Scrapbooking Supplies</p><p>$10.99</p><a href="https://www.amazon.com/dp/B09SWJRSSX?tag=eloabder-20&linkCode=osi&th=1&psc=1">View Product</a></div><div class="product"><a href="https://www.amazon.com/dp/B09H2JRV1Y?tag=eloabder-20&linkCode=osi&th=1&psc=1"><img src="https://m.media-amazon.com/images/I/511FMxcdCzL._SL500_.jpg" alt="Product Image"></a><p>IVSUN 24 Colors Premium Extra Fine Point Acrylic Paint Marker Pens for Wood, Canvas, Stone, Rock Painting, Glass, Ceramic Surfaces, DIY Crafts Making Art Supplies (24PCS (0.7mm))</p><p>$8.99</p><a href="https://www.amazon.com/dp/B09H2JRV1Y?tag=eloabder-20&linkCode=osi&th=1&psc=1">View Product</a></div><div class="product"><a href="https://www.amazon.com/dp/B0BN8CW9ZY?tag=eloabder-20&linkCode=osi&th=1&psc=1"><img src="https://m.media-amazon.com/images/I/51n2byYcjqL._SL500_.jpg" alt="Product Image"></a><p>Acrylic Paint Pens Markers, 24 Colors Dual Tip Acrylic Paint Pens for Rock Painting, Wood, Canvas, Stone, Glass, Ceramic Surfaces, DIY Crafts Making Art Supplies (Round Tip and Fine Tip)</p><p>$9.99</p><a href="https://www.amazon.com/dp/B0BN8CW9ZY?tag=eloabder-20&linkCode=osi&th=1&psc=1">View Product</a></div><div class="product"><a href="https://www.amazon.com/dp/B07DB1TVND?tag=eloabder-20&linkCode=osi&th=1&psc=1"><img src="https://m.media-amazon.com/images/I/51KvMUBvqRL._SL500_.jpg" alt="Product Image"></a><p>JR.WHITE Acrylic Paint Pens Paint Markers for Rock Painting, Canvas, Wood, Glass, Fabric, Metal, Plastic, Arts Crafts Easter Eggs, Pumpkin, Scrapbooking Supplies, Graffiti Markers for Adults Kids</p><p>$11.19 ($0.93 / Count )</p><a href="https://www.amazon.com/dp/B07DB1TVND?tag=eloabder-20&linkCode=osi&th=1&psc=1">View Product</a></div><div class="product"><a href="https://www.amazon.com/dp/B07M6Y4FXZ?tag=eloabder-20&linkCode=osi&th=1&psc=1"><img src="https://m.media-amazon.com/images/I/61wQ1qJutWL._SL500_.jpg" alt="Product Image"></a><p>AROIC Paint Pens Paint Markers, 16 colors Oil-Based Waterproof Paint Marker Pen Set On Rock, Wood, Fabric, Metal, Plastic, Glass, Canvas, Mugs, Waterproof, DIY Craft and More</p><p>$11.99</p><a href="https://www.amazon.com/dp/B07M6Y4FXZ?tag=eloabder-20&linkCode=osi&th=1&psc=1">View Product</a></div>

<div class="product"><a href="https://www.amazon.com/dp/B0BQTYYVZH?tag=eloabder-20&linkCode=osi&th=1&psc=1"><img src="https://m.media-amazon.com/images/I/31i9+BVpDCL._SL500_.jpg" alt="Product Image"></a><p>Vanhench Brown Wrapping Paper, Craft Paper, Kraft Paper 17.5"x 1200"(100'), Gift Wrapping Bulletin Board Arts & Crafts, Bouquet Flower Table Covering Poster Packing Shipping Moving Supplies 65GSM 45LB</p><p>$5.98</p><a href="https://www.amazon.com/dp/B0BQTYYVZH?tag=eloabder-20&linkCode=osi&th=1&psc=1">View Product</a></div><div class="product"><a href="https://www.amazon.com/dp/B0CQZ1TYX9?tag=eloabder-20&linkCode=osi&th=1&psc=1"><img src="https://m.media-amazon.com/images/I/41RknmvlWSL._SL500_.jpg" alt="Product Image"></a><p>PerkHomy 36" x 2,400" (200') Brown Kraft Paper Roll for Gift Wrapping Bulletin Board Bouquet Flower Kids Wall Art Craft Packing Moving Shipping Parcel Postal Floor Covering Table Runner 70GSM 50LB</p><p>$30.99 ($0.05 / Sq Ft)</p><a href="https://www.amazon.com/dp/B0CQZ1TYX9?tag=eloabder-20&linkCode=osi&th=1&psc=1">View Product</a></div><div class="product"><a href="https://www.amazon.com/dp/B0C743LQ3M?tag=eloabder-20&linkCode=osi&th=1&psc=1"><img src="https://m.media-amazon.com/images/I/21HvZSNwJML._SL500_.jpg" alt="Product Image"></a><p>White Wrapping Paper Craft Paper Kraft Paper Roll 15" x 450", Bulletin Board Paper Roll, Arts & Crafts, Gift Wrapping Moving Packing Painting Drawing Paint Easel Poster Chart Paper, Kids Art Supplies</p><p>$4.99 ($0.11 / Sq Ft)</p><a href="https://www.amazon.com/dp/B0C743LQ3M?tag=eloabder-20&linkCode=osi&th=1&psc=1">View Product</a></div><div class="product"><a href="https://www.amazon.com/dp/B0D14FL3DF?tag=eloabder-20&linkCode=osi&th=1&psc=1"><img src="https://m.media-amazon.com/images/I/31IQZPHBHfL._SL500_.jpg" alt="Product Image"></a><p>SMART&CASUAL 15" x 450" (37.5') Kraft Paper Roll for Art Craft Supplies Gift Wrapping Moving Packing Kids Painting Drawing Paint Easel Poster Chart Paper (White, 15"W x 450"L (37.5'))</p><p>$4.98</p><a href="https://www.amazon.com/dp/B0D14FL3DF?tag=eloabder-20&linkCode=osi&th=1&psc=1">View Product</a></div><div class="product"><a href="https://www.amazon.com/dp/B0CX5D7W62?tag=eloabder-20&linkCode=osi&th=1&psc=1"><img src="https://m.media-amazon.com/images/I/31+skUeyllL._SL500_.jpg" alt="Product Image"></a><p>SMART&CASUAL 17.8"×1,200"(100') Brown Kraft Wrapping Paper for Craft Gift Bulletin Board Bouquet Flower Table Covering Packing Shipping Moving 70GSM 50LB</p><p>$7.98</p><a href="https://www.amazon.com/dp/B0CX5D7W62?tag=eloabder-20&linkCode=osi&th=1&psc=1">View Product</a></div><div class="product"><a href="https://www.amazon.com/dp/B0C2P7FGFM?tag=eloabder-20&linkCode=osi&th=1&psc=1"><img src="https://m.media-amazon.com/images/I/31Mnush+a-L._SL500_.jpg" alt="Product Image"></a><p>Brown Packing Paper 15"×450"(38'), Brown Paper Roll, Art Craft Paper, Kraft Paper Roll for Moving Boxes Supplies, Gift Wrapping Bouquet Flower Paper, Poster Bulletin Board Paper, Arts and Crafts</p><p>$4.99</p><a href="https://www.amazon.com/dp/B0C2P7FGFM?tag=eloabder-20&linkCode=osi&th=1&psc=1">View Product</a></div><div class="product"><a href="https://www.amazon.com/dp/B0BNCBSZRR?tag=eloabder-20&linkCode=osi&th=1&psc=1"><img src="https://m.media-amazon.com/images/I/31NTgModxdL._SL500_.jpg" alt="Product Image"></a><p>Kraft Paper Sheets - 15 x 15 in. - 240 Sheets of Brown Wrapping Paper – Heavy Duty Craft Paper for Shipping - Light Brown Construction Paper - 80 GSM - 375 Square feet</p><p>$23.89 ($0.10 / Count)</p><a href="https://www.amazon.com/dp/B0BNCBSZRR?tag=eloabder-20&linkCode=osi&th=1&psc=1">View Product</a></div><div class="product"><a href="https://www.amazon.com/dp/B09J9ZGX8S?tag=eloabder-20&linkCode=osi&th=1&psc=1"><img src="https://m.media-amazon.com/images/I/31R819QZXxL._SL500_.jpg" alt="Product Image"></a><p>IDL Packaging 36" x 2160" (180 ft) Brown Kraft Paper Roll, 30 lbs - Quality Paper for Packing, Moving, Shipping, Crafts - 100% Recyclable Natural Kraft Wrapping Paper</p><p>$33.95 ($0.06 / Sq Ft)</p><a href="https://www.amazon.com/dp/B09J9ZGX8S?tag=eloabder-20&linkCode=osi&th=1&psc=1">View Product</a></div>
<div class="product"><a href="https://www.amazon.com/dp/B0BR9M5GT6?tag=eloabder-20&linkCode=osi&th=1&psc=1"><img src="https://m.media-amazon.com/images/I/61jKQSVpNKL._SL500_.jpg" alt="Product Image"></a><p>Drawdart 47 Pack Acrylic Paint Set, 36 Colors Art Painting Supplies for Canvas Wood Fabric Ceramic Crafts, Non Toxic & Rich Pigments for Artists & Hobby Painters, 2 fl oz / 60 ml Bottles</p><p>$24.99 ($0.35 / Fl Oz)</p><a href="https://www.amazon.com/dp/B0BR9M5GT6?tag=eloabder-20&linkCode=osi&th=1&psc=1">View Product</a></div><div class="product"><a href="https://www.amazon.com/dp/B006AT7P6M?tag=eloabder-20&linkCode=osi&th=1&psc=1"><img src="https://m.media-amazon.com/images/I/415ZwGErxOL._SL500_.jpg" alt="Product Image"></a><p>Apple Barrel Acrylic Paint in Assorted Colors (2 oz), 20501, Bright Red</p><p>$0.58 ($0.29 / Fl Oz)</p><a href="https://www.amazon.com/dp/B006AT7P6M?tag=eloabder-20&linkCode=osi&th=1&psc=1">View Product</a></div><div class="product"><a href="https://www.amazon.com/dp/B0BNV7BMN2?tag=eloabder-20&linkCode=osi&th=1&psc=1"><img src="https://m.media-amazon.com/images/I/51K4iYzckvL._SL500_.jpg" alt="Product Image"></a><p>Fantastory Acrylic Paint Set, 24 Classic Colors(2oz), Professional Craft Paint Kit,Canvas/Rock/Stone/Ceramic/Model/Wood Painting with 12 Brushes</p><p>$25.99 ($0.36 / Fl Oz)</p><a href="https://www.amazon.com/dp/B0BNV7BMN2?tag=eloabder-20&linkCode=osi&th=1&psc=1">View Product</a></div><div class="product"><a href="https://www.amazon.com/dp/B0728B4CLJ?tag=eloabder-20&linkCode=osi&th=1&psc=1"><img src="https://m.media-amazon.com/images/I/41aBzZtF9-L._SL500_.jpg" alt="Product Image"></a><p>FolkArt Acrylic Paint in Assorted Colors (2 oz), , Mossy Meadow</p><p>$1.17 ($0.58 / Fl Oz)</p><a href="https://www.amazon.com/dp/B0728B4CLJ?tag=eloabder-20&linkCode=osi&th=1&psc=1">View Product</a></div><div class="product"><a href="https://www.amazon.com/dp/B0BY3G2CXG?tag=eloabder-20&linkCode=osi&th=1&psc=1"><img src="https://m.media-amazon.com/images/I/51Cn6kY12wL._SL500_.jpg" alt="Product Image"></a><p>36 Assorted Acrylic Paint Set by Craft Smart - Non-Toxic Paint for Drawing, Painting, Art & Crafts Supplies - 1 Pack</p><p>$28.98</p><a href="https://www.amazon.com/dp/B0BY3G2CXG?tag=eloabder-20&linkCode=osi&th=1&psc=1">View Product</a></div>

<div class="product"><a href="https://www.amazon.com/dp/B08722TFPH?tag=eloabder-20&linkCode=osi&th=1&psc=1"><img src="https://m.media-amazon.com/images/I/51DqPIU5lcL._SL500_.jpg" alt="Product Image"></a><p>LIUYAXI 20 Colors 100 Yard Satin Ribbon Fabric Ribbon Silk Ribbon Assorted Colors Rolls, 2/5" Wide 5 Yard/Roll, Ribbons Perfect for Gift Wrapping,Crafts, Hair Bows, Wedding Party Decoration and More</p><p>$7.99 ($0.03 / Foot)</p><a href="https://www.amazon.com/dp/B08722TFPH?tag=eloabder-20&linkCode=osi&th=1&psc=1">View Product</a></div><div class="product"><a href="https://www.amazon.com/dp/B08M3BDRX3?tag=eloabder-20&linkCode=osi&th=1&psc=1"><img src="https://m.media-amazon.com/images/I/51qwMfv7kXL._SL500_.jpg" alt="Product Image"></a><p>Winlyn 36 Colors 900 Yards Fabric Ribbons Satin Ribbons Metallic Glitter Ribbons Rolls Craft Ribbons Embellish Decorative Ribbons 2/5" Wide for Floral Bouquet Gifts Crafts Bows Party Wedding</p><p>$13.99 ($0.01 / Foot)</p><a href="https://www.amazon.com/dp/B08M3BDRX3?tag=eloabder-20&linkCode=osi&th=1&psc=1">View Product</a></div><div class="product"><a href="https://www.amazon.com/dp/B08NXF43DB?tag=eloabder-20&linkCode=osi&th=1&psc=1"><img src="https://m.media-amazon.com/images/I/51fTtUVKi5L._SL500_.jpg" alt="Product Image"></a><p>MEEDEE Rainbow Ribbon Solid Color Assortment 10 Colors Double Face Satin Ribbon for Gift Wrapping Happy Birthday Party Decorations, 3/8" X 5 Yard Each Total 50 Yds Per Package</p><p>$7.99 ($0.05 / Foot)</p><a href="https://www.amazon.com/dp/B08NXF43DB?tag=eloabder-20&linkCode=osi&th=1&psc=1">View Product</a></div><div class="product"><a href="https://www.amazon.com/dp/B01N8W0Z45?tag=eloabder-20&linkCode=osi&th=1&psc=1"><img src="https://m.media-amazon.com/images/I/61OkEfd-1BL._SL500_.jpg" alt="Product Image"></a><p>QingHan Grosgrain Ribbons for Crafts Gifts Wrapping 3/8" Boutique Polka Dot Fabric Ribbon 40yd (20 x 2yd)</p><p>$5.99 ($0.05 / Foot)</p><a href="https://www.amazon.com/dp/B01N8W0Z45?tag=eloabder-20&linkCode=osi&th=1&psc=1">View Product</a></div><div class="product"><a href="https://www.amazon.com/dp/B0CS5G5PCX?tag=eloabder-20&linkCode=osi&th=1&psc=1"><img src="https://m.media-amazon.com/images/I/51xzSU+d8QL._SL500_.jpg" alt="Product Image"></a><p>Ribbli Rainbow Satin Ribbon 3/8 Inch x 12 Rolls Total 60 Yards- Colorful Ribbon for Gift Wrapping Craft Party Decoration Baby Shower Wedding</p><p>$7.99 ($0.04 / Foot)</p><a href="https://www.amazon.com/dp/B0CS5G5PCX?tag=eloabder-20&linkCode=osi&th=1&psc=1">View Product</a></div><div class="product"><a href="https://www.amazon.com/dp/B009V35YVC?tag=eloabder-20&linkCode=osi&th=1&psc=1"><img src="https://m.media-amazon.com/images/I/41OYxs2N6GL._SL500_.jpg" alt="Product Image"></a><p>LaRibbons 10 Color 50Yards Solid Satin Ribbon,3/8" X 5 Yard/Roll Colorful Double Face Rainbow Ribbon for Crafts,Flower Bouquet,Gift Wrapping,Hair Bows,Birthday,Wedding Party Decoration</p><p>$4.99</p><a href="https://www.amazon.com/dp/B009V35YVC?tag=eloabder-20&linkCode=osi&th=1&psc=1">View Product</a></div><div class="product"><a href="https://www.amazon.com/dp/B07BDG8KXB?tag=eloabder-20&linkCode=osi&th=1&psc=1"><img src="https://m.media-amazon.com/images/I/61zpTp+xLjL._SL500_.jpg" alt="Product Image"></a><p>Supla 16 Colors 400 Yard Fabric Ribbon Silk Satin Roll Satin Ribbon Rolls in 2/5" Wide, 25 Yard/roll,16 Rolls,Satin Ribbon Fabric Ribbon Embellish Ribbon Ribbon for Bows Crafts Gifts Party Wedding</p><p>$8.99 ($0.01 / Foot)</p><a href="https://www.amazon.com/dp/B07BDG8KXB?tag=eloabder-20&linkCode=osi&th=1&psc=1">View Product</a></div><div class="product"><a href="https://www.amazon.com/dp/B0CRD7S24X?tag=eloabder-20&linkCode=osi&th=1&psc=1"><img src="https://m.media-amazon.com/images/I/51Xe-SI-ZHL._SL500_.jpg" alt="Product Image"></a><p>LIUYAXI 100 Yards Solid Grosgrain Ribbon, 3/8" X 5 Yard/Roll, 20 Colors Rainbow Multicolor Fabric Ribbons Roll Perfect for Crafts Gifts Wrapping Flower Bouquet Hair Bows & Other Projects</p><p>$7.99 ($0.03 / Foot)</p><a href="https://www.amazon.com/dp/B0CRD7S24X?tag=eloabder-20&linkCode=osi&th=1&psc=1">View Product</a></div>


<div class="product"><a href="https://www.amazon.com/dp/B08MZ6MQZM?tag=eloabder-20&linkCode=osi&th=1&psc=1"><img src="https://m.media-amazon.com/images/I/51rVPzuNy4L._SL500_.jpg" alt="Product Image"></a><p>Basic Shapes 1: Circles, Triangles, Squares, Ovals, 676 Pieces US Made Card Stock Punch Out Geometric Shapes in 3 Sizes and 4 PRIMARY Colors for Math, Pattern Play and DIY Crafting</p><p>$11.99</p><a href="https://www.amazon.com/dp/B08MZ6MQZM?tag=eloabder-20&linkCode=osi&th=1&psc=1">View Product</a></div><div class="product"><a href="https://www.amazon.com/dp/B072JW6NQT?tag=eloabder-20&linkCode=osi&th=1&psc=1"><img src="https://m.media-amazon.com/images/I/61uY6781clL._SL500_.jpg" alt="Product Image"></a><p>260 Pieces Colorful Glitter Foam Stickers Self Adhesive Stars Mini Heart Shapes Glitter Stickers, Kid's Arts Craft Supplies Greeting Cards Home Decoration Stars&Heart Shapes</p><p>$6.74 ($0.03 / Count)</p><a href="https://www.amazon.com/dp/B072JW6NQT?tag=eloabder-20&linkCode=osi&th=1&psc=1">View Product</a></div>


<div class="product"><a href="https://www.amazon.com/dp/B07KD1WKXY?tag=eloabder-20&linkCode=osi&th=1&psc=1"><img src="https://m.media-amazon.com/images/I/51y9zQOd9XL._SL500_.jpg" alt="Product Image"></a><p>(109 Yards/1.5mm/35 Colors Optional) Cotton Baker Twine DIY Craft Macramé Natural Cotton Rope Craft Making Knitting String Rope DIY Wedding Decor Supply Christmas Wrapping(deep green)</p><p>$4.98 ($0.02 / Foot)</p><a href="https://www.amazon.com/dp/B07KD1WKXY?tag=eloabder-20&linkCode=osi&th=1&psc=1">View Product</a></div><div class="product"><a href="https://www.amazon.com/dp/B0C7G868WP?tag=eloabder-20&linkCode=osi&th=1&psc=1"><img src="https://m.media-amazon.com/images/I/51YFxbYrxGL._SL500_.jpg" alt="Product Image"></a><p>Ohtomber Bracelet String Elastic Cord - 2 Rolls 1MM Stretchy String for Bracelet Making, Rainbow Elastic Bracelets String Thread for Clay Beads, Bracelets, Jewelry Making, Necklaces, Sewing and Crafts</p><p>$5.99 ($0.01 / Foot)</p><a href="https://www.amazon.com/dp/B0C7G868WP?tag=eloabder-20&linkCode=osi&th=1&psc=1">View Product</a></div>
<div class="product"><a href="https://www.amazon.com/dp/B0CHTZD63Q?tag=eloabder-20&linkCode=osi&th=1&psc=1"><img src="https://m.media-amazon.com/images/I/511hgeOlnkL._SL500_.jpg" alt="Product Image"></a><p>Secopad Scrapbook Tape, 4 Pack Double Sided Tape Roller for Crafts, Sticky Glue Tape Runner Scrapbooking Supplies Journaling School Office for Kids and Adults, 0.3IN x 26FT</p><p>$6.63 ($1.66 / Count)</p><a href="https://www.amazon.com/dp/B0CHTZD63Q?tag=eloabder-20&linkCode=osi&th=1&psc=1">View Product</a></div><div class="product"><a href="https://www.amazon.com/dp/B0BKZ2WVFY?tag=eloabder-20&linkCode=osi&th=1&psc=1"><img src="https://m.media-amazon.com/images/I/519ga5fVbbL._SL500_.jpg" alt="Product Image"></a><p>Guirnd 12PCS Colored Masking Tape, Kids Art Supplies Colored Tape, DIY Craft Tape, Colored Tape Rolls, Colored Painters Tape 1.7cm x 12m (2/3In x 13Yards)</p><p>$5.99 ($0.50 / Count)</p><a href="https://www.amazon.com/dp/B0BKZ2WVFY?tag=eloabder-20&linkCode=osi&th=1&psc=1">View Product</a></div><div class="product"><a href="https://www.amazon.com/dp/B0B1ZYCJPG?tag=eloabder-20&linkCode=osi&th=1&psc=1"><img src="https://m.media-amazon.com/images/I/51zcGqodSPL._SL500_.jpg" alt="Product Image"></a><p>Simetufy 5400 Pcs 1 Inch Tissue Paper Squares, 36 Assorted Colored Tissue Paper for Crafts, Art Rainbow Tissue Paper Bulk for Art Projects, Collage, Suncatchers, Scrapbooking - Non Bleeding</p><p>$7.49</p><a href="https://www.amazon.com/dp/B0B1ZYCJPG?tag=eloabder-20&linkCode=osi&th=1&psc=1">View Product</a></div>

<div class="product"><a href="https://www.amazon.com/dp/B07RZFHS87?tag=eloabder-20&linkCode=osi&th=1&psc=1"><img src="https://m.media-amazon.com/images/I/418QZBtYWTL._SL500_.jpg" alt="Product Image"></a><p>Lazydrop Double-Sided Tape for Arts, Crafts, Photography, Scrapbooking, Tear-by-Hand, Paper Backing (6 Rolls) (Width: 6mm/ 9mm/ 12mm/ 15mm)</p><p>$7.99 ($0.01 / Foot)</p><a href="https://www.amazon.com/dp/B07RZFHS87?tag=eloabder-20&linkCode=osi&th=1&psc=1">View Product</a></div><div class="product"><a href="https://www.amazon.com/dp/B0BPS4V3TG?tag=eloabder-20&linkCode=osi&th=1&psc=1"><img src="https://m.media-amazon.com/images/I/41fTeS+RuRL._SL500_.jpg" alt="Product Image"></a><p>Double Sided Tape for Crafts, Double-Sided Tape for Arts, Scrapbook Supplies, Photography, Gifts Box, Scrapbooking, Card Making, Paper Backing, Tear-by-Hand, 6 Roll Heavy Duty Multi-Size Adhesive Tape</p><p>$6.29 ($0.02 / Foot)</p><a href="https://www.amazon.com/dp/B0BPS4V3TG?tag=eloabder-20&linkCode=osi&th=1&psc=1">View Product</a></div><div class="product"><a href="https://www.amazon.com/dp/B098FCBMQV?tag=eloabder-20&linkCode=osi&th=1&psc=1"><img src="https://m.media-amazon.com/images/I/41E1XYg1+gL._SL500_.jpg" alt="Product Image"></a><p>Craftzilla Colored Masking Tape – 7 Roll Multi Pack – 210 Feet x 1 Inch of Colorful Craft Tape – Vibrant Rainbow Masking Tape –Colored Tape Rolls for Arts & Crafts, Labeling and Color-Coding</p><p>$12.95 ($0.01 / Foot)</p><a href="https://www.amazon.com/dp/B098FCBMQV?tag=eloabder-20&linkCode=osi&th=1&psc=1">View Product</a></div><div class="product"><a href="https://www.amazon.com/dp/B0CBRTT4SY?tag=eloabder-20&linkCode=osi&th=1&psc=1"><img src="https://m.media-amazon.com/images/I/41Ne5OTMBHL._SL500_.jpg" alt="Product Image"></a><p>XEHAHOSH 3 Rolls Double Sided Tape for Crafts, Arts, Scrapbooking, Photography, Paper Backing, Tear-by-Hand. 0.6in by 43-FT</p><p>$5.29</p><a href="https://www.amazon.com/dp/B0CBRTT4SY?tag=eloabder-20&linkCode=osi&th=1&psc=1">View Product</a></div><div class="product"><a href="https://www.amazon.com/dp/B08ZJB4XBX?tag=eloabder-20&linkCode=osi&th=1&psc=1"><img src="https://m.media-amazon.com/images/I/41FzzlZNG0L._SL500_.jpg" alt="Product Image"></a><p>8 Rolls Colored Masking Tape Rainbow Colors Painters Tape Colorful Craft Art Paper Tape for Kids Labeling Arts Crafts DIY Decorative Coding Decoration Teaching Supplies, 0.6 Inch x 16 Yard, 8 Colors</p><p>$6.99 ($0.87 / Count)</p><a href="https://www.amazon.com/dp/B08ZJB4XBX?tag=eloabder-20&linkCode=osi&th=1&psc=1">View Product</a></div><div class="product"><a href="https://www.amazon.com/dp/B09GDZH5PV?tag=eloabder-20&linkCode=osi&th=1&psc=1"><img src="https://m.media-amazon.com/images/I/41cZAy06SiL._SL500_.jpg" alt="Product Image"></a><p>DGTANGYIN 1/4" 2 Rolls Double Sided Adhesive Sticky Tape for Arts, DIY, Crafts, Photography, Scrapbooking, Card Making, Gift Wrapping, Office School Stationery Supplies, Home Supplies(Width: 6mm)</p><p>$3.99 ($0.00 / Foot)</p><a href="https://www.amazon.com/dp/B09GDZH5PV?tag=eloabder-20&linkCode=osi&th=1&psc=1">View Product</a></div>
<div class="product"><a href="https://www.amazon.com/dp/B09XR1XBWG?tag=eloabder-20&linkCode=osi&th=1&psc=1"><img src="https://m.media-amazon.com/images/I/31h+RS-Nv6L._SL500_.jpg" alt="Product Image"></a><p>10PCS 7mil Blank Mylar Stencil Sheets,12X12 inch Milky Translucent PET Blank Stencils Sheets,Template Material for Cutting Machines, Laser Cutting, Food-Safe Craft Plastic</p><p>$8.99</p><a href="https://www.amazon.com/dp/B09XR1XBWG?tag=eloabder-20&linkCode=osi&th=1&psc=1">View Product</a></div>

<div class="product"><a href="https://www.amazon.com/dp/B09TSLYX33?tag=eloabder-20&linkCode=osi&th=1&psc=1"><img src="https://m.media-amazon.com/images/I/41xNrpMfOLL._SL500_.jpg" alt="Product Image"></a><p>18 Gauge Aluminum Craft Wire, 165 Feet 1mm Bendable Metal Wire for Jewelry Making, Sculpting, Floral Making, Wreath Making, Crafting, Wire Wrapping, Christmas Ornaments (Silver)</p><p>$6.99</p><a href="https://www.amazon.com/dp/B09TSLYX33?tag=eloabder-20&linkCode=osi&th=1&psc=1">View Product</a></div><div class="product"><a href="https://www.amazon.com/dp/B002HRAEOG?tag=eloabder-20&linkCode=osi&th=1&psc=1"><img src="https://m.media-amazon.com/images/I/41HimGENjYL._SL500_.jpg" alt="Product Image"></a><p>FloraCraft 26 Gauge Floral Wire 270 Feet Bright Silver</p><p>$4.29</p><a href="https://www.amazon.com/dp/B002HRAEOG?tag=eloabder-20&linkCode=osi&th=1&psc=1">View Product</a></div><div class="product"><a href="https://www.amazon.com/dp/B06ZXY1PXB?tag=eloabder-20&linkCode=osi&th=1&psc=1"><img src="https://m.media-amazon.com/images/I/41Nh+1dv7FL._SL500_.jpg" alt="Product Image"></a><p>Mandala Crafts Anodized Aluminum Wire for Sculpting, Armature, Jewelry Making, Gem Metal Wrap, Garden, Colored and Soft, 1 Roll(14 Gauge, Silver)</p><p>$10.19 ($0.17 / Foot)</p><a href="https://www.amazon.com/dp/B06ZXY1PXB?tag=eloabder-20&linkCode=osi&th=1&psc=1">View Product</a></div><div class="product"><a href="https://www.amazon.com/dp/B07ZYNTH7D?tag=eloabder-20&linkCode=osi&th=1&psc=1"><img src="https://m.media-amazon.com/images/I/51ku4vQDwXL._SL500_.jpg" alt="Product Image"></a><p>12 Gauge Aluminum Wire 100 Feet, Anezus Metal Armature Wire Bendable Sculpting Wire for Crafts Wreath Making Jewelry Making Beading Floral (Silver, 2mm)</p><p>$12.99 ($0.13 / Foot)</p><a href="https://www.amazon.com/dp/B07ZYNTH7D?tag=eloabder-20&linkCode=osi&th=1&psc=1">View Product</a></div><div class="product"><a href="https://www.amazon.com/dp/B07CQL7Y5B?tag=eloabder-20&linkCode=osi&th=1&psc=1"><img src="https://m.media-amazon.com/images/I/51mHjBYsT0L._SL500_.jpg" alt="Product Image"></a><p>TecUnite Aluminum Craft Wire for Sculpting Armature Bendable Craft Wire for DIY Jewelry Making (1 Roll,Silver,10 M X 3 mm)</p><p>$8.99 ($0.27 / Foot)</p><a href="https://www.amazon.com/dp/B07CQL7Y5B?tag=eloabder-20&linkCode=osi&th=1&psc=1">View Product</a></div><div class="product"><a href="https://www.amazon.com/dp/B095Y844QP?tag=eloabder-20&linkCode=osi&th=1&psc=1"><img src="https://m.media-amazon.com/images/I/51w+5umyhOS._SL500_.jpg" alt="Product Image"></a><p>Tenn Well 12 Gauge Aluminum Wire, 100 Feet 2mm Bendable Metal Craft Wire for Sculpting, Armature, Jewelry Making, Floral Making, Doll Making, Modelling, Crafting, Bonsai Training</p><p>$11.99 ($0.12 / Foot)</p><a href="https://www.amazon.com/dp/B095Y844QP?tag=eloabder-20&linkCode=osi&th=1&psc=1">View Product</a></div>
<div class="product"><a href="https://www.amazon.com/dp/B0CYPH4FLQ?tag=eloabder-20&linkCode=osi&th=1&psc=1"><img src="https://m.media-amazon.com/images/I/41u786i6oZL._SL500_.jpg" alt="Product Image"></a><p>DIYDEC 24 Pack Basswood Sheets 4 x 6 x 1/16 Inch Thin Plywood Wood Sheets Unfinished Wood Squares Boards Balsa Wood Sheets for Crafts Architectural Models Laser Cutting Wood Burning and Drawing</p><p>$6.99</p><a href="https://www.amazon.com/dp/B0CYPH4FLQ?tag=eloabder-20&linkCode=osi&th=1&psc=1">View Product</a></div><div class="product"><a href="https://www.amazon.com/dp/B082HR4RV3?tag=eloabder-20&linkCode=osi&th=1&psc=1"><img src="https://m.media-amazon.com/images/I/51kfms0w39L._SL500_.jpg" alt="Product Image"></a><p>5ARTH Natural Wood Slices - 30 Pcs 3.5-4 inches Craft Unfinished Wood kit Predrilled with Hole Wooden Circles for Arts Wood Slices Christmas Ornaments DIY Crafts</p><p>$21.99</p><a href="https://www.amazon.com/dp/B082HR4RV3?tag=eloabder-20&linkCode=osi&th=1&psc=1">View Product</a></div>
<div class="product"><a href="https://www.amazon.com/dp/B089T7PX27?tag=eloabder-20&linkCode=osi&th=1&psc=1"><img src="https://m.media-amazon.com/images/I/41aDJyks7kL._SL500_.jpg" alt="Product Image"></a><p>Crayola Air Dry Clay (5lbs), Natural White Modeling Clay for Kids, Sculpting Material, Bulk Craft Supplies for School Classrooms [Amazon Exclusive]</p><p>$17.41</p><a href="https://www.amazon.com/dp/B089T7PX27?tag=eloabder-20&linkCode=osi&th=1&psc=1">View Product</a></div><div class="product"><a href="https://www.amazon.com/dp/B0BDM5WLQX?tag=eloabder-20&linkCode=osi&th=1&psc=1"><img src="https://m.media-amazon.com/images/I/41oBPm5+PkL._SL500_.jpg" alt="Product Image"></a><p>ifergoo White Air Dry Clay, Modeling Clay for School Art & Craft Project. Refill White Clay for Kids Age 3-12, Boys and Girls Gift</p><p>$6.99 ($1.65 / Ounce)</p><a href="https://www.amazon.com/dp/B0BDM5WLQX?tag=eloabder-20&linkCode=osi&th=1&psc=1">View Product</a></div><div class="product"><a href="https://www.amazon.com/dp/B0B8TLRRKM?tag=eloabder-20&linkCode=osi&th=1&psc=1"><img src="https://m.media-amazon.com/images/I/418ijOdZBzL._SL500_.jpg" alt="Product Image"></a><p>Pepy Premium European Air Dry Modeling Clay White 2.2 lb Bar, Easy to Use Air-Hardening Clay for Classroom and Montessori Sculpting and Crafts Projects</p><p>$9.97 ($0.28 / Ounce)</p><a href="https://www.amazon.com/dp/B0B8TLRRKM?tag=eloabder-20&linkCode=osi&th=1&psc=1">View Product</a></div>

<div class="product"><a href="https://www.amazon.com/dp/B083TT4XVN?tag=eloabder-20&linkCode=osi&th=1&psc=1"><img src="https://m.media-amazon.com/images/I/41QMxzlQglL._SL500_.jpg" alt="Product Image"></a><p>6" Jumbo Wood Craft Sticks - Pack of 1,000</p><p>$15.21 ($0.02 / Count)</p><a href="https://www.amazon.com/dp/B083TT4XVN?tag=eloabder-20&linkCode=osi&th=1&psc=1">View Product</a></div><div class="product"><a href="https://www.amazon.com/dp/B0B9RRJ2BG?tag=eloabder-20&linkCode=osi&th=1&psc=1"><img src="https://m.media-amazon.com/images/I/31gmdN8H+PL._SL500_.jpg" alt="Product Image"></a><p>Perfect Stix Wooden Poplar Wood Craft Sticks. Jumbo Size, 6 x 3/4, Wood, Natural Poplar Wood, 500Ct. Multipurpose Craft, Popsicles, Waxing, Arts and Crafts.</p><p>$9.68</p><a href="https://www.amazon.com/dp/B0B9RRJ2BG?tag=eloabder-20&linkCode=osi&th=1&psc=1">View Product</a></div><div class="product"><a href="https://www.amazon.com/dp/B08R31MRJ9?tag=eloabder-20&linkCode=osi&th=1&psc=1"><img src="https://m.media-amazon.com/images/I/51fYWGLzOGL._SL500_.jpg" alt="Product Image"></a><p>Pandaspa 200 Pieces Jumbo Craft Sticks, Premium Natural Wood for Building, Mixing, and Creating Craft Projects, Size 6 x 3/4</p><p>$9.95</p><a href="https://www.amazon.com/dp/B08R31MRJ9?tag=eloabder-20&linkCode=osi&th=1&psc=1">View Product</a></div><div class="product"><a href="https://www.amazon.com/dp/B081R25K4S?tag=eloabder-20&linkCode=osi&th=1&psc=1"><img src="https://m.media-amazon.com/images/I/41vxFW4BIvL._SL500_.jpg" alt="Product Image"></a><p>Perfect Stix - PS-114st-1,000 4.5" Craft Sticks/ Ice Cream Sticks/ Natural Wood - Box of 1,000ct</p><p>$13.99</p><a href="https://www.amazon.com/dp/B081R25K4S?tag=eloabder-20&linkCode=osi&th=1&psc=1">View Product</a></div><div class="product"><a href="https://www.amazon.com/dp/B08NY4HWVH?tag=eloabder-20&linkCode=osi&th=1&psc=1"><img src="https://m.media-amazon.com/images/I/41qHSFWo+AL._SL500_.jpg" alt="Product Image"></a><p>Fansunta 100pcs 15.7x0.35 Inch Strong Natural Bamboo Sticks, Wooden Craft Sticks, Extra Long Sticks, Wood Strips for Craft Projects</p><p>$11.99</p><a href="https://www.amazon.com/dp/B08NY4HWVH?tag=eloabder-20&linkCode=osi&th=1&psc=1">View Product</a></div>



<div class="product"><a href="https://www.amazon.com/dp/B0D3HPD7WP?tag=eloabder-20&linkCode=osi&th=1&psc=1"><img src="https://m.media-amazon.com/images/I/31KSmmAWUWL._SL500_.jpg" alt="Product Image"></a><p>50 Sheets Grey Cardstock Paper, Colored Printer Paper 8.5 x 11, Thick Construction Paper for Cards Making, Scrapbook，Office Printing, Invitations, Certificates，DIY Crafting 92 lb/250gsm</p><p>$9.99</p><a href="https://www.amazon.com/dp/B0D3HPD7WP?tag=eloabder-20&linkCode=osi&th=1&psc=1">View Product</a></div>
<div class="product"><a href="https://www.amazon.com/dp/B076CP6F36?tag=eloabder-20&linkCode=osi&th=1&psc=1"><img src="https://m.media-amazon.com/images/I/51rfEIvgI+L._SL500_.jpg" alt="Product Image"></a><p>Apple Barrel, Vibrant Spectrum Collection Acrylic Craft Paint, PROMOABIII, 2 fl oz each, 16 assorted matte colors, 16 count</p><p>$15.97 ($0.50 / Fl Oz)</p><a href="https://www.amazon.com/dp/B076CP6F36?tag=eloabder-20&linkCode=osi&th=1&psc=1">View Product</a></div><div class="product"><a href="https://www.amazon.com/dp/B0BKFLSYQF?tag=eloabder-20&linkCode=osi&th=1&psc=1"><img src="https://m.media-amazon.com/images/I/51a0PmPRknL._SL500_.jpg" alt="Product Image"></a><p>72 Pack Acrylic Paint Set, Shuttle Art 60 Colors Acrylic Paint Including Extra White Black & 12 Brushes, 2oz/60ml, Rich Pigmented, Water Proof, Ideal for Artists, Beginners on Canvas Rock Wood Ceramic</p><p>$45.99 ($23.00 / Fl Oz)</p><a href="https://www.amazon.com/dp/B0BKFLSYQF?tag=eloabder-20&linkCode=osi&th=1&psc=1">View Product</a></div><div class="product"><a href="https://www.amazon.com/dp/B08CB3JH79?tag=eloabder-20&linkCode=osi&th=1&psc=1"><img src="https://m.media-amazon.com/images/I/51OUZsFdnTL._SL500_.jpg" alt="Product Image"></a><p>Acrylic Paint Set of 36 Colors 2fl oz 60ml Bottles,Non Toxic 36 Colors Acrylic Paint No Fading Rich Pigment for Kids Adults Artists Canvas Crafts Wood Painting</p><p>$32.99 ($0.46 / Fl Oz)</p><a href="https://www.amazon.com/dp/B08CB3JH79?tag=eloabder-20&linkCode=osi&th=1&psc=1">View Product</a></div><div class="product"><a href="https://www.amazon.com/dp/B0018NBVKQ?tag=eloabder-20&linkCode=osi&th=1&psc=1"><img src="https://m.media-amazon.com/images/I/31YlSvZMTCL._SL500_.jpg" alt="Product Image"></a><p>Apple Barrel Acrylic Paint in Assorted Colors (8 Ounce), 20403 White</p><p>$2.67 ($0.33 / Fl Oz)</p><a href="https://www.amazon.com/dp/B0018NBVKQ?tag=eloabder-20&linkCode=osi&th=1&psc=1">View Product</a></div><div class="product"><a href="https://www.amazon.com/dp/B077WSBLZ1?tag=eloabder-20&linkCode=osi&th=1&psc=1"><img src="https://m.media-amazon.com/images/I/51KPkXpLn1L._SL500_.jpg" alt="Product Image"></a><p>Shuttle Art Acrylic Paint Set, 30 x12ml Tubes Artist Quality Non Toxic Rich Pigments Colors Great for Kids Adults Professional Painting on Rocks Canvas Wood Clay Fabric Ceramic Crafts</p><p>$12.99 ($1.08 / Fl Oz)</p><a href="https://www.amazon.com/dp/B077WSBLZ1?tag=eloabder-20&linkCode=osi&th=1&psc=1">View Product</a></div><div class="product"><a href="https://www.amazon.com/dp/B00889Z5Y6?tag=eloabder-20&linkCode=osi&th=1&psc=1"><img src="https://m.media-amazon.com/images/I/41MQjsyDbSL._SL500_.jpg" alt="Product Image"></a><p>Apple Barrel Acrylic Paint in Assorted Colors (2 oz), 20764, Apricot</p><p>$0.58 ($0.29 / Fl Oz)</p><a href="https://www.amazon.com/dp/B00889Z5Y6?tag=eloabder-20&linkCode=osi&th=1&psc=1">View Product</a></div><div class="product"><a href="https://www.amazon.com/dp/B09TWQD5ZL?tag=eloabder-20&linkCode=osi&th=1&psc=1"><img src="https://m.media-amazon.com/images/I/41B0L003QXL._SL500_.jpg" alt="Product Image"></a><p>Artkey Acrylic Paint Set - 24 colors 2 oz/59 ml Acrylic Paints Professional Artists Painting Kit for Canvases Fabric Rock Leather Easter Egg Wood Ceramic Glass Art Craft Painting</p><p>$19.99 ($0.42 / Fl Oz)</p><a href="https://www.amazon.com/dp/B09TWQD5ZL?tag=eloabder-20&linkCode=osi&th=1&psc=1">View Product</a></div><div class="product"><a href="https://www.amazon.com/dp/B07Z93LQDB?tag=eloabder-20&linkCode=osi&th=1&psc=1"><img src="https://m.media-amazon.com/images/I/51veoN6zK0L._SL500_.jpg" alt="Product Image"></a><p>Shuttle Art Acrylic Paint Set, 36 Colors Acrylic Paint with Brushes & Palette, 2oz Bottles, Rich Pigments Non-toxic Paint for Artists Kids & Adults, Art Supplies for Canvas Rock Ceramic Wood Painting</p><p>$27.99</p><a href="https://www.amazon.com/dp/B07Z93LQDB?tag=eloabder-20&linkCode=osi&th=1&psc=1">View Product</a></div><div class="product"><a href="https://www.amazon.com/dp/B002665SYY?tag=eloabder-20&linkCode=osi&th=1&psc=1"><img src="https://m.media-amazon.com/images/I/31sJJeWK6OS._SL500_.jpg" alt="Product Image"></a><p>Liquitex BASICS Acrylic Paint, 250ml (8.5-oz) Tube, Titanium White</p><p>$9.99 ($1.18 / Fl Oz)</p><a href="https://www.amazon.com/dp/B002665SYY?tag=eloabder-20&linkCode=osi&th=1&psc=1">View Product</a></div>
<div class="product"><a href="https://www.amazon.com/dp/B0CC98XLGL?tag=eloabder-20&linkCode=osi&th=1&psc=1"><img src="https://m.media-amazon.com/images/I/51ZLw+nThiL._SL500_.jpg" alt="Product Image"></a><p>HUIRUSO 4 Pack Double Sided Tape Roller, Scrapbook Supplies, Glue Tape Roller for Crafts, Double-Sided Adhesive Tape Runner for Scrapbooking, School Office Journaling Supplies (0.31 in X 26.25 ft)</p><p>$6.99 ($1.75 / Count)</p><a href="https://www.amazon.com/dp/B0CC98XLGL?tag=eloabder-20&linkCode=osi&th=1&psc=1">View Product</a></div><div class="product"><a href="https://www.amazon.com/dp/B007XAAE6K?tag=eloabder-20&linkCode=osi&th=1&psc=1"><img src="https://m.media-amazon.com/images/I/414qxYVR0wL._SL500_.jpg" alt="Product Image"></a><p>Scotch Double Sided Tape Runner, 1-Pack, 0.27 in x 26 ft., Perfect for Holiday Crafts, Gifts, and More</p><p>$4.47</p><a href="https://www.amazon.com/dp/B007XAAE6K?tag=eloabder-20&linkCode=osi&th=1&psc=1">View Product</a></div><div class="product"><a href="https://www.amazon.com/dp/B0BZVGPFSK?tag=eloabder-20&linkCode=osi&th=1&psc=1"><img src="https://m.media-amazon.com/images/I/51-ue9+7JkL._SL500_.jpg" alt="Product Image"></a><p>Birllaid Double Sided Tape for Walls, Picture Hanging Strips Removable Mounting Dots Adhesive Heavy Duty, Removable for Art Craft, Decoration, Party Supplies, Multipurpose</p><p>$11.99</p><a href="https://www.amazon.com/dp/B0BZVGPFSK?tag=eloabder-20&linkCode=osi&th=1&psc=1">View Product</a></div><div class="product"><a href="https://www.amazon.com/dp/B0CGVN9SL1?tag=eloabder-20&linkCode=osi&th=1&psc=1"><img src="https://m.media-amazon.com/images/I/41Hy+i4CnoL._SL500_.jpg" alt="Product Image"></a><p>30Ft x 1 Inch Hook and Loop Strips with Adhesive,Double Rolls of Heavy Duty Self Adhesive Tape with Backing, Nylon Self Adhesive Tape for Home Office School and Crafting,White</p><p>$9.99</p><a href="https://www.amazon.com/dp/B0CGVN9SL1?tag=eloabder-20&linkCode=osi&th=1&psc=1">View Product</a></div><div class="product"><a href="https://www.amazon.com/dp/B07Y3VDPLF?tag=eloabder-20&linkCode=osi&th=1&psc=1"><img src="https://m.media-amazon.com/images/I/41cyKQ2OMuL._SL500_.jpg" alt="Product Image"></a><p>Melsan 1x4 inch Hook and Loop Strips with Adhesive - 15 Sets, Strong Back Adhesive Fasten Mounting Tape for Home or Office Use - Instead of Holes and Screws, Black</p><p>$7.82</p><a href="https://www.amazon.com/dp/B07Y3VDPLF?tag=eloabder-20&linkCode=osi&th=1&psc=1">View Product</a></div><div class="product"><a href="https://www.amazon.com/dp/B07V57VJT5?tag=eloabder-20&linkCode=osi&th=1&psc=1"><img src="https://m.media-amazon.com/images/I/514JO3bvl3L._SL500_.jpg" alt="Product Image"></a><p>XFasten Adhesive Roller for Scrapbooking, 8mm x 30ft 4-Pack Double Sided Glue Tape Roller, Scrapbook Supplies for Adults, Photo Tape for Scrapbooking</p><p>$9.99 ($2.50 / Count)</p><a href="https://www.amazon.com/dp/B07V57VJT5?tag=eloabder-20&linkCode=osi&th=1&psc=1">View Product</a></div><div class="product"><a href="https://www.amazon.com/dp/B07JLTGQHX?tag=eloabder-20&linkCode=osi&th=1&psc=1"><img src="https://m.media-amazon.com/images/I/51Eqfo7kUZL._SL500_.jpg" alt="Product Image"></a><p>UPINS 120 Pack Double Sided Foam Tape Square Self-Adhesive Foam Tape Black Strong Tape Pads for DIY Art Crafts Supplies</p><p>$9.99 ($0.08 / Count)</p><a href="https://www.amazon.com/dp/B07JLTGQHX?tag=eloabder-20&linkCode=osi&th=1&psc=1">View Product</a></div><div class="product"><a href="https://www.amazon.com/dp/B005FM6XF4?tag=eloabder-20&linkCode=osi&th=1&psc=1"><img src="https://m.media-amazon.com/images/I/51-vp1WJ89L._SL500_.jpg" alt="Product Image"></a><p>AdTech 5603 Permanent Crafter's Tape, 0.31" x 315", Pack of 4</p><p>$7.84 ($0.07 / Foot)</p><a href="https://www.amazon.com/dp/B005FM6XF4?tag=eloabder-20&linkCode=osi&th=1&psc=1">View Product</a></div><div class="product"><a href="https://www.amazon.com/dp/B0CJF1FLFJ?tag=eloabder-20&linkCode=osi&th=1&psc=1"><img src="https://m.media-amazon.com/images/I/51dig1RqzdL._SL500_.jpg" alt="Product Image"></a><p>UPINS 150Pack Double Sided Foam Tape Strong Sticky Double Sided Foam Pads for Crafts Self-Adhesive Mounting Foam Tape Heavy Duty for Home Wall Decor 40 * 40 * 2mm</p><p>$8.99 ($0.06 / Count)</p><a href="https://www.amazon.com/dp/B0CJF1FLFJ?tag=eloabder-20&linkCode=osi&th=1&psc=1">View Product</a></div><div class="product"><a href="https://www.amazon.com/dp/B0D4YWRGCL?tag=eloabder-20&linkCode=osi&th=1&psc=1"><img src="https://m.media-amazon.com/images/I/41EqJ553-KL._SL500_.jpg" alt="Product Image"></a><p>Amanbo Glue Tape for Scrapbooking, 6 Pack Scrapbook Tape, Double Sided Tape Roller for Crafts, Total 120 Ft x 0.24 in Tape Runner, Craft Supplies for Scrapbooking, Gift Wrapping and Photo Tape</p><p>$6.99</p><a href="https://www.amazon.com/dp/B0D4YWRGCL?tag=eloabder-20&linkCode=osi&th=1&psc=1">View Product</a></div>
<div class="product"><a href="https://www.amazon.com/dp/B0CC5HPPTN?tag=eloabder-20&linkCode=osi&th=1&psc=1"><img src="https://m.media-amazon.com/images/I/519M81S201L._SL500_.jpg" alt="Product Image"></a><p>Airbrush Paint - 30 Colors with 3 Thinner, Ready to Spray Airbrush Paint Set, Water-Based Acrylic Air brush Paints for Metal, Plastic Models, Canvas, Wood, 20ml/Bottle</p><p>$32.99 ($1.48 / Fl Oz)</p><a href="https://www.amazon.com/dp/B0CC5HPPTN?tag=eloabder-20&linkCode=osi&th=1&psc=1">View Product</a></div>
<div class="product"><a href="https://www.amazon.com/dp/B0CXPSGK36?tag=eloabder-20&linkCode=osi&th=1&psc=1"><img src="https://m.media-amazon.com/images/I/51dd2dYOtrL._SL500_.jpg" alt="Product Image"></a><p>Letter Stickers 30 Sheets 1500 PCS Large Alphabet Sticker 2 Inch Vinyl Self Adhesive Stick on Stickers for Water Bottles Cup Mailbox Number Address Craft Scrapbooking Bulletin Board Decor Multicolor</p><p>$9.99</p><a href="https://www.amazon.com/dp/B0CXPSGK36?tag=eloabder-20&linkCode=osi&th=1&psc=1">View Product</a></div><div class="product"><a href="https://www.amazon.com/dp/B07NNYFMGY?tag=eloabder-20&linkCode=osi&th=1&psc=1"><img src="https://m.media-amazon.com/images/I/51yDnU+gEXL._SL500_.jpg" alt="Product Image"></a><p>20 Sheets Alphabet Letter Stickers 10 Colors Self Adhesive Sticker Colorful PU Material Convex Feeling (Colored Letter Stickers 1)</p><p>$6.99 ($0.35 / Count)</p><a href="https://www.amazon.com/dp/B07NNYFMGY?tag=eloabder-20&linkCode=osi&th=1&psc=1">View Product</a></div>

<div class="product"><a href="https://www.amazon.com/dp/B01DDN8854?tag=eloabder-20&linkCode=osi&th=1&psc=1"><img src="https://m.media-amazon.com/images/I/61dPubDZBSL._SL500_.jpg" alt="Product Image"></a><p>Hugs 'n Kisses HNKHABY13 Applique Paper (20 Pack)</p><p>$19.72 ($0.99 / Count)</p><a href="https://www.amazon.com/dp/B01DDN8854?tag=eloabder-20&linkCode=osi&th=1&psc=1">View Product</a></div>
<div class="product"><a href="https://www.amazon.com/dp/B09KPNFJW1?tag=eloabder-20&linkCode=osi&th=1&psc=1"><img src="https://m.media-amazon.com/images/I/41abn5fELmL._SL500_.jpg" alt="Product Image"></a><p>UniPleased Disposable Aprons (50 Count), Plastic apron for Painting Party, Cooking, Housework, Picnic etc.</p><p>$5.69</p><a href="https://www.amazon.com/dp/B09KPNFJW1?tag=eloabder-20&linkCode=osi&th=1&psc=1">View Product</a></div>
<div class="product"><a href="https://www.amazon.com/dp/B087M21MM2?tag=eloabder-20&linkCode=osi&th=1&psc=1"><img src="https://m.media-amazon.com/images/I/41Xf-jehhLL._SL500_.jpg" alt="Product Image"></a><p>GOTIDEAL Stretched Canvas, Multi Pack 4x4, 5x7, 8x10,9x12, 11x14 Set of 10, Primed White - 100% Cotton Artist Canvas Boards for Painting, Acrylic Pouring, Oil Paint Dry & Wet Art Media</p><p>$24.99</p><a href="https://www.amazon.com/dp/B087M21MM2?tag=eloabder-20&linkCode=osi&th=1&psc=1">View Product</a></div><div class="product"><a href="https://www.amazon.com/dp/B00OQJYISG?tag=eloabder-20&linkCode=osi&th=1&psc=1"><img src="https://m.media-amazon.com/images/I/31fEDLPkkcL._SL500_.jpg" alt="Product Image"></a><p>6 Count 12” x 16” Super Value Canvas by Artist's Loft Necessities - Acid Free Cotton Canvas for Paint, Acrylic, & Oils - 1 Pack</p><p>$19.99</p><a href="https://www.amazon.com/dp/B00OQJYISG?tag=eloabder-20&linkCode=osi&th=1&psc=1">View Product</a></div><div class="product"><a href="https://www.amazon.com/dp/B09CDKB9HY?tag=eloabder-20&linkCode=osi&th=1&psc=1"><img src="https://m.media-amazon.com/images/I/51+p5xnClGL._SL500_.jpg" alt="Product Image"></a><p>DPDIAN Canvas Boards for Painting 40 Pack, 8 inch x 10 inch Super Value Pack, Artist Canvas Panels for Oil & Acrylic Painting</p><p>$29.99</p><a href="https://www.amazon.com/dp/B09CDKB9HY?tag=eloabder-20&linkCode=osi&th=1&psc=1">View Product</a></div><div class="product"><a href="https://www.amazon.com/dp/B0CFBGP29G?tag=eloabder-20&linkCode=osi&th=1&psc=1"><img src="https://m.media-amazon.com/images/I/3147Az5plbL._SL500_.jpg" alt="Product Image"></a><p>ArtSkills Stretched Canvases for Painting, 12x16 Canvas Painting Supplies for Artists, Blank Canvas Pack, 2-Pack</p><p>$16.99</p><a href="https://www.amazon.com/dp/B0CFBGP29G?tag=eloabder-20&linkCode=osi&th=1&psc=1">View Product</a></div><div class="product"><a href="https://www.amazon.com/dp/B07BNGQ1SS?tag=eloabder-20&linkCode=osi&th=1&psc=1"><img src="https://m.media-amazon.com/images/I/410ZVtygUwS._SL500_.jpg" alt="Product Image"></a><p>PHOENIX Stretched Canvas for Painting 8x10 Inch/10 Value Pack, 8 Oz Triple Primed 5/8 Inch Profile 100% Cotton White Blank Canvas, Artist Framed Canvas for Oil Acrylic & Pouring Art</p><p>$22.99</p><a href="https://www.amazon.com/dp/B07BNGQ1SS?tag=eloabder-20&linkCode=osi&th=1&psc=1">View Product</a></div><div class="product"><a href="https://www.amazon.com/dp/B0922JP1H4?tag=eloabder-20&linkCode=osi&th=1&psc=1"><img src="https://m.media-amazon.com/images/I/41BmiEND1KL._SL500_.jpg" alt="Product Image"></a><p>GOTIDEAL Canvases for Painting, 18 Pack Canvas Boards Multipack 4x4, 5x7, 8x10, 9x12,11x14,Primed White Blank Artist Canvas Variety Pack for Acrylic Paint, Oil Paint, Watercolor, Gouache</p><p>$19.99</p><a href="https://www.amazon.com/dp/B0922JP1H4?tag=eloabder-20&linkCode=osi&th=1&psc=1">View Product</a></div>


<div class="product"><a href="https://www.amazon.com/dp/B0872VFHBH?tag=eloabder-20&linkCode=osi&th=1&psc=1"><img src="https://m.media-amazon.com/images/I/51k3bekQheS._SL500_.jpg" alt="Product Image"></a><p>Bachmore Drawing Pad 9X12 Inch (110lb/180g), 60 Sheets, Top Spiral Bound Multi-Media for Artist Pro & Amateurs | Acrylic Art, Ink, Paint, Oil Pastels,Watercolor Mixed Media Sketch</p><p>$11.99</p><a href="https://www.amazon.com/dp/B0872VFHBH?tag=eloabder-20&linkCode=osi&th=1&psc=1">View Product</a></div><div class="product"><a href="https://www.amazon.com/dp/B0027A75A4?tag=eloabder-20&linkCode=osi&th=1&psc=1"><img src="https://m.media-amazon.com/images/I/51dyOxxcgYL._SL500_.jpg" alt="Product Image"></a><p>Strathmore 200 Series Sketch Pad, 9x12 inch, 100 Sheets, Tape Bound - Artist Sketchbook for Drawing, Illustration, Art Class Students</p><p>$6.99 ($0.07 / Count)</p><a href="https://www.amazon.com/dp/B0027A75A4?tag=eloabder-20&linkCode=osi&th=1&psc=1">View Product</a></div><div class="product"><a href="https://www.amazon.com/dp/B0BV13YQKX?tag=eloabder-20&linkCode=osi&th=1&psc=1"><img src="https://m.media-amazon.com/images/I/41VYfMpvXUL._SL500_.jpg" alt="Product Image"></a><p>Canson Graduate Watercolor Pad, Foldover, 9x12 inch, 20 Sheets | Artist Paper for Adults and Students - Painting, Gouache, Mixed Media and Ink</p><p>$4.97 ($0.41 / Count)</p><a href="https://www.amazon.com/dp/B0BV13YQKX?tag=eloabder-20&linkCode=osi&th=1&psc=1">View Product</a></div><div class="product"><a href="https://www.amazon.com/dp/B0024KMQ6K?tag=eloabder-20&linkCode=osi&th=1&psc=1"><img src="https://m.media-amazon.com/images/I/51sYdvPPUCL._SL500_.jpg" alt="Product Image"></a><p>Strathmore 400 Series Pastel Pad, Assorted Colors, 9"x12" Glue Bound, 24 Sheets</p><p>$9.11</p><a href="https://www.amazon.com/dp/B0024KMQ6K?tag=eloabder-20&linkCode=osi&th=1&psc=1">View Product</a></div><div class="product"><a href="https://www.amazon.com/dp/B00246O6PI?tag=eloabder-20&linkCode=osi&th=1&psc=1"><img src="https://m.media-amazon.com/images/I/517TUmckOIL._SL500_.jpg" alt="Product Image"></a><p>Strathmore 300 Series Drawing Paper Pad, Top Wire Bound, 11x14 inches, 50 Sheets (70lb/114g) - Artist Paper for Adults and Students - Charcoal, Colored Pencil, Ink, Pastel, Marker</p><p>$13.33</p><a href="https://www.amazon.com/dp/B00246O6PI?tag=eloabder-20&linkCode=osi&th=1&psc=1">View Product</a></div>
<div class="product"><a href="https://www.amazon.com/dp/B08ZMH7LJY?tag=eloabder-20&linkCode=osi&th=1&psc=1"><img src="https://m.media-amazon.com/images/I/51mJIsLJA-S._SL500_.jpg" alt="Product Image"></a><p>PANDAFLY Professional Drawing Sketching Pencil Set - 12 Pieces Graphite Pencils(14B - 2H), Ideal for Drawing Art, Sketching, Shading, Artist Pencils for Beginners & Pro Artists</p><p>$5.11</p><a href="https://www.amazon.com/dp/B08ZMH7LJY?tag=eloabder-20&linkCode=osi&th=1&psc=1">View Product</a></div><div class="product"><a href="https://www.amazon.com/dp/B088K1G5NL?tag=eloabder-20&linkCode=osi&th=1&psc=1"><img src="https://m.media-amazon.com/images/I/51F2bOMZWnL._SL500_.jpg" alt="Product Image"></a><p>MARKART Professional Drawing Sketching Pencil Set - 14 Pieces,Graphite,(12B - 4H), Ideal for Drawing Art, Sketching, Shading, Artist Pencils for Beginners & Pro Artists</p><p>$5.24</p><a href="https://www.amazon.com/dp/B088K1G5NL?tag=eloabder-20&linkCode=osi&th=1&psc=1">View Product</a></div><div class="product"><a href="https://www.amazon.com/dp/B08FHMRW4L?tag=eloabder-20&linkCode=osi&th=1&psc=1"><img src="https://m.media-amazon.com/images/I/51Pmn5gjyzL._SL500_.jpg" alt="Product Image"></a><p>Mr. Pen- Sketch Pencils for Drawing, 14 Pack, Drawing Pencils, Art Pencils, Graphite Pencils, Graphite Pencils for Drawing, Art Pencils for Drawing and Shading</p><p>$5.95</p><a href="https://www.amazon.com/dp/B08FHMRW4L?tag=eloabder-20&linkCode=osi&th=1&psc=1">View Product</a></div><div class="product"><a href="https://www.amazon.com/dp/B0BNQ58DC4?tag=eloabder-20&linkCode=osi&th=1&psc=1"><img src="https://m.media-amazon.com/images/I/51e-gQtCcCL._SL500_.jpg" alt="Product Image"></a><p>MARTCOLOR Drawing Sketching Pencils Set, 12 Pack Graphite Pencils(14B - 2H), Ideal for Drawing Art, Sketching, Shading, Artist Pencils for Beginners & Pro Artists</p><p>$5.99</p><a href="https://www.amazon.com/dp/B0BNQ58DC4?tag=eloabder-20&linkCode=osi&th=1&psc=1">View Product</a></div>

<div class="product"><a href="https://www.amazon.com/dp/B0851M3749?tag=eloabder-20&linkCode=osi&th=1&psc=1"><img src="https://m.media-amazon.com/images/I/41KKSGSDl5L._SL500_.jpg" alt="Product Image"></a><p>N NOROCME 12 PCS Blending Stumps and Tortillions Paper Art Blenders with Sandpaper Pencil Sharpener Pointer for Student Artist Charcoal Sketch Drawing Tools</p><p>$4.99</p><a href="https://www.amazon.com/dp/B0851M3749?tag=eloabder-20&linkCode=osi&th=1&psc=1">View Product</a></div><div class="product"><a href="https://www.amazon.com/dp/B09J3HKN8F?tag=eloabder-20&linkCode=osi&th=1&psc=1"><img src="https://m.media-amazon.com/images/I/51Qvx81eQLL._SL500_.jpg" alt="Product Image"></a><p>Eraser Pencils Set for Artists, Wooden Sketch Eraser Pen for Charcoal Drawings, Professional Highlight Painting Eraser for Sketching, Revise Erasing Details for Students Limner</p><p>$6.99</p><a href="https://www.amazon.com/dp/B09J3HKN8F?tag=eloabder-20&linkCode=osi&th=1&psc=1">View Product</a></div>
<div class="product"><a href="https://www.amazon.com/dp/B09WCQ89T8?tag=eloabder-20&linkCode=osi&th=1&psc=1"><img src="https://m.media-amazon.com/images/I/41gZz0qgBFL._SL500_.jpg" alt="Product Image"></a><p>Bernat BABY BLANKET BB Blue Dreams Yarn - 1 Pack of 10.5oz/300g - Polyester - #6 Super Bulky - 220 Yards - Knitting/Crochet</p><p>$6.97</p><a href="https://www.amazon.com/dp/B09WCQ89T8?tag=eloabder-20&linkCode=osi&th=1&psc=1">View Product</a></div><div class="product"><a href="https://www.amazon.com/dp/B07V5JVNFD?tag=eloabder-20&linkCode=osi&th=1&psc=1"><img src="https://m.media-amazon.com/images/I/41IS+HdtiOL._SL500_.jpg" alt="Product Image"></a><p>Lion Brand Yarn Basic Stitch Anti-Pilling Knitting Yarn, Yarn for Crocheting, 1-Pack, Baby Blue</p><p>$8.40 ($0.02 / Foot)</p><a href="https://www.amazon.com/dp/B07V5JVNFD?tag=eloabder-20&linkCode=osi&th=1&psc=1">View Product</a></div><div class="product"><a href="https://www.amazon.com/dp/B01M0AJID2?tag=eloabder-20&linkCode=osi&th=1&psc=1"><img src="https://m.media-amazon.com/images/I/41yVau0AUpL._SL500_.jpg" alt="Product Image"></a><p>Lion Brand Yarn (1 Skein) Lion Brand Yarn Babysoft Baby Yarn Yarn, Little Boy Blue Multicolor</p><p>$7.19 ($0.01 / Foot)</p><a href="https://www.amazon.com/dp/B01M0AJID2?tag=eloabder-20&linkCode=osi&th=1&psc=1">View Product</a></div><div class="product"><a href="https://www.amazon.com/dp/B09W1KHF42?tag=eloabder-20&linkCode=osi&th=1&psc=1"><img src="https://m.media-amazon.com/images/I/41maDlrio5L._SL500_.jpg" alt="Product Image"></a><p>Red Heart Super Saver Light Blue Yarn - 3 Pack of 198g/7oz - Acrylic - 4 Medium (Worsted) - 364 Yards - Knitting/Crochet</p><p>$13.29 ($4.43 / Count)</p><a href="https://www.amazon.com/dp/B09W1KHF42?tag=eloabder-20&linkCode=osi&th=1&psc=1">View Product</a></div><div class="product"><a href="https://www.amazon.com/dp/B08LKVZ3CX?tag=eloabder-20&linkCode=osi&th=1&psc=1"><img src="https://m.media-amazon.com/images/I/41GLizNx8UL._SL500_.jpg" alt="Product Image"></a><p>Bernat Baby Blanket Baby Blue Yarn - 3 Pack of 100g/3.5oz - Polyester - 6 Super Bulky - 72 Yards - Knitting/Crochet</p><p>$21.81</p><a href="https://www.amazon.com/dp/B08LKVZ3CX?tag=eloabder-20&linkCode=osi&th=1&psc=1">View Product</a></div><div class="product"><a href="https://www.amazon.com/dp/B0CHJ95WHJ?tag=eloabder-20&linkCode=osi&th=1&psc=1"><img src="https://m.media-amazon.com/images/I/314E1EQdihL._SL500_.jpg" alt="Product Image"></a><p>NORCIA Soft Velvet Yarn Chenille Yarn for Crocheting Baby Blanket Yarn for Knitting Amigurumi Yarn Fancy Yarn for Crochet Weaving Craft (Baby Blue, 1 Skein)</p><p>$9.99</p><a href="https://www.amazon.com/dp/B0CHJ95WHJ?tag=eloabder-20&linkCode=osi&th=1&psc=1">View Product</a></div>
<div class="product"><a href="https://www.amazon.com/dp/B0779F2TXJ?tag=eloabder-20&linkCode=osi&th=1&psc=1"><img src="https://m.media-amazon.com/images/I/31kqZr8DJzL._SL500_.jpg" alt="Product Image"></a><p>OPENDGO Feather Ballpoint Pen ，Black Ink Vintage Feather Quill Refined Plated Rod Quill Ballpoint Pen For School Writing ▏Wedding Gift Signature Pen (Black)</p><p>$6.97</p><a href="https://www.amazon.com/dp/B0779F2TXJ?tag=eloabder-20&linkCode=osi&th=1&psc=1">View Product</a></div><div class="product"><a href="https://www.amazon.com/dp/B0CQF3BJ3S?tag=eloabder-20&linkCode=osi&th=1&psc=1"><img src="https://m.media-amazon.com/images/I/41gs6AOiP6L._SL500_.jpg" alt="Product Image"></a><p>3 in 1 Retractable Ballpoint Pen with Light and Stylus, Nice Pens for Journaling Writing in The Dark - White/Red Light Tip- 0.7mm Black Ink</p><p>$12.99</p><a href="https://www.amazon.com/dp/B0CQF3BJ3S?tag=eloabder-20&linkCode=osi&th=1&psc=1">View Product</a></div><div class="product"><a href="https://www.amazon.com/dp/B08BBZ3B8G?tag=eloabder-20&linkCode=osi&th=1&psc=1"><img src="https://m.media-amazon.com/images/I/41cMHyw60wL._SL500_.jpg" alt="Product Image"></a><p>Mr. Pen- Pens, Black Pens, 12 Pack, Fast Dry, No Smear Pens, Bible Pens, Pens for Journaling, Pens No Bleed Through, Pens Fine Point, Journal Pens, Fine Tip, Planner Pens, Ball Point Journal Pens</p><p>$9.99</p><a href="https://www.amazon.com/dp/B08BBZ3B8G?tag=eloabder-20&linkCode=osi&th=1&psc=1">View Product</a></div><div class="product"><a href="https://www.amazon.com/dp/B0D4YWWGX6?tag=eloabder-20&linkCode=osi&th=1&psc=1"><img src="https://m.media-amazon.com/images/I/31xHBCCzJqL._SL500_.jpg" alt="Product Image"></a><p>PATIKIL 21cm/8" Feather Ballpoint Pen, 1Pcs Ink Vintage Quill Pen Refined Plated Dip Pen for Calligraphy Writing Signature Wedding Gift, Yellow</p><p>$7.49</p><a href="https://www.amazon.com/dp/B0D4YWWGX6?tag=eloabder-20&linkCode=osi&th=1&psc=1">View Product</a></div>

<div class="product"><a href="https://www.amazon.com/dp/B001TLDEVQ?tag=eloabder-20&linkCode=osi&th=1&psc=1"><img src="https://m.media-amazon.com/images/I/41jYF39F6lL._SL500_.jpg" alt="Product Image"></a><p>Beadalon SuppleMax Illusion Beading Cord, 0.40 mm / 0.016 in, Clear Monofilament, 50 m / 164 ft</p><p>$4.74</p><a href="https://www.amazon.com/dp/B001TLDEVQ?tag=eloabder-20&linkCode=osi&th=1&psc=1">View Product</a></div><div class="product"><a href="https://www.amazon.com/dp/B0D2HVFZ7Q?tag=eloabder-20&linkCode=osi&th=1&psc=1"><img src="https://m.media-amazon.com/images/I/41R66LMYz7L._SL500_.jpg" alt="Product Image"></a><p>Zxiixz 116Yards 0.5mm Bracelet String, Waxed String Cord for Bracelet Making, Beading Thread for Bracelet Beads, Friendship Bracelet String for Bracelet Making, Waxed Polyester Cord for Jewelry Making</p><p>$6.99</p><a href="https://www.amazon.com/dp/B0D2HVFZ7Q?tag=eloabder-20&linkCode=osi&th=1&psc=1">View Product</a></div><div class="product"><a href="https://www.amazon.com/dp/B07BNF8KH5?tag=eloabder-20&linkCode=osi&th=1&psc=1"><img src="https://m.media-amazon.com/images/I/51jVByheyVL._SL500_.jpg" alt="Product Image"></a><p>PH PandaHall 100 Yards 1mm Waxed Cotton Cord Thread Beading String for Bracelet Necklace Making Crafting Beading Macrame Vase Decor, Burlywood</p><p>$7.19 ($0.02 / Foot)</p><a href="https://www.amazon.com/dp/B07BNF8KH5?tag=eloabder-20&linkCode=osi&th=1&psc=1">View Product</a></div><div class="product"><a href="https://www.amazon.com/dp/B07HBPGXJG?tag=eloabder-20&linkCode=osi&th=1&psc=1"><img src="https://m.media-amazon.com/images/I/41xi8gO6kDL._SL500_.jpg" alt="Product Image"></a><p>Paxcoo 0.8mm Elastic String, Stretchy Bracelet String Crystal String Bead Cord for Bracelet, Beading and Jewelry Making (120m)</p><p>$6.99 ($0.02 / Foot)</p><a href="https://www.amazon.com/dp/B07HBPGXJG?tag=eloabder-20&linkCode=osi&th=1&psc=1">View Product</a></div><div class="product"><a href="https://www.amazon.com/dp/B0CNPST7D9?tag=eloabder-20&linkCode=osi&th=1&psc=1"><img src="https://m.media-amazon.com/images/I/41A9VISFC4L._SL500_.jpg" alt="Product Image"></a><p>Kblick Black Nylon String Cord - 1MM 100 Yards Black Twine, Bracelet String for Bracelet Making, Braided Ornament Lanyard Sting, Jewelry Thread Clay Bead String for Crafts, Macrame Satin Cord</p><p>$5.99 ($0.02 / Foot)</p><a href="https://www.amazon.com/dp/B0CNPST7D9?tag=eloabder-20&linkCode=osi&th=1&psc=1">View Product</a></div><div class="product"><a href="https://www.amazon.com/dp/B08GC3JF9X?tag=eloabder-20&linkCode=osi&th=1&psc=1"><img src="https://m.media-amazon.com/images/I/41FQZYhvQpL._SL500_.jpg" alt="Product Image"></a><p>Cheriswelry 100M 0.8mm Nylon Beading Cord Black Chinese Knotting Rattail Macrame Thread String Roll for Jewelry Making Kumihimo Wrapping Supplies DIY Crafts</p><p>$6.99 ($0.02 / Fl Oz)</p><a href="https://www.amazon.com/dp/B08GC3JF9X?tag=eloabder-20&linkCode=osi&th=1&psc=1">View Product</a></div><div class="product"><a href="https://www.amazon.com/dp/B0B3V9RWQC?tag=eloabder-20&linkCode=osi&th=1&psc=1"><img src="https://m.media-amazon.com/images/I/41F-OP+yCxL._SL500_.jpg" alt="Product Image"></a><p>Griffin Silk Bead Cord Perlseide – Black Color – Size 3 (0.50mm) – 2 Meters per Card – Stainless Steel Needle Attached – for Knotting Pearls, Gemstones, Crystals and Beads</p><p>$4.99 ($0.76 / Foot)</p><a href="https://www.amazon.com/dp/B0B3V9RWQC?tag=eloabder-20&linkCode=osi&th=1&psc=1">View Product</a></div><div class="product"><a href="https://www.amazon.com/dp/B08F49YVQP?tag=eloabder-20&linkCode=osi&th=1&psc=1"><img src="https://m.media-amazon.com/images/I/41yCMIpj0rS._SL500_.jpg" alt="Product Image"></a><p>1mm Stretchy Bracelet String, Sturdy Rainbow Elastic String Elastic Cord for Jewelry Making, Necklaces, Beading and Crafts</p><p>$6.99 ($0.04 / Foot)</p><a href="https://www.amazon.com/dp/B08F49YVQP?tag=eloabder-20&linkCode=osi&th=1&psc=1">View Product</a></div>

<div class="product"><a href="https://www.amazon.com/dp/B001GMUBJ6?tag=eloabder-20&linkCode=osi&th=1&psc=1"><img src="https://m.media-amazon.com/images/I/41V5qzn3H5L._SL500_.jpg" alt="Product Image"></a><p>The Beadsmith Fireline by Berkley – Micro-Fused Braided Thread – 6lb. Test, 006”/.15mm Diameter, 50 Yard Spool, Crystal Color – Super Strong Stringing Material for Jewelry Making and Bead Weaving</p><p>$12.59</p><a href="https://www.amazon.com/dp/B001GMUBJ6?tag=eloabder-20&linkCode=osi&th=1&psc=1">View Product</a></div><div class="product"><a href="https://www.amazon.com/dp/B001UAKK0Y?tag=eloabder-20&linkCode=osi&th=1&psc=1"><img src="https://m.media-amazon.com/images/I/41rY1D0wfuL._SL500_.jpg" alt="Product Image"></a><p>Beadalon Wildfire, 0.006 in, 0.15 mm, Break Strength 10 lb / 4.5 kg, Frost, 50 yd / 45 m</p><p>$8.85 ($0.06 / Foot)</p><a href="https://www.amazon.com/dp/B001UAKK0Y?tag=eloabder-20&linkCode=osi&th=1&psc=1">View Product</a></div><div class="product"><a href="https://www.amazon.com/dp/B095WY58F4?tag=eloabder-20&linkCode=osi&th=1&psc=1"><img src="https://m.media-amazon.com/images/I/41mXRfJqcjL._SL500_.jpg" alt="Product Image"></a><p>PH PandaHall 0.1mm Nylon Seed Bead Thread 100 Yards Black White Bracelet Cord Beading Thread Invisible Sewing Thread Nylon Braided Thread String for Leather Stitching Beading Jewelry Bracelets Making</p><p>$9.99 ($0.03 / Foot)</p><a href="https://www.amazon.com/dp/B095WY58F4?tag=eloabder-20&linkCode=osi&th=1&psc=1">View Product</a></div><div class="product"><a href="https://www.amazon.com/dp/B08RN2R2SZ?tag=eloabder-20&linkCode=osi&th=1&psc=1"><img src="https://m.media-amazon.com/images/I/41Tg2MMC++L._SL500_.jpg" alt="Product Image"></a><p>KO Nylon Beading Thread, White Color, Japanese Pre-Waxed 100% Nylon, 330TEX, Tangle Resistant Knotting Cords, 50m /55 yds Spool, Use for Seed Bead Projects, Loom Work & Bead Weaving</p><p>$7.06 ($0.04 / Foot)</p><a href="https://www.amazon.com/dp/B08RN2R2SZ?tag=eloabder-20&linkCode=osi&th=1&psc=1">View Product</a></div><div class="product"><a href="https://www.amazon.com/dp/B09J89ST79?tag=eloabder-20&linkCode=osi&th=1&psc=1"><img src="https://m.media-amazon.com/images/I/41hLuuOZeXL._SL500_.jpg" alt="Product Image"></a><p>2 Roll Polyester Thread, Heavy Duty Thread, 1500Yard/Reel 210D/3 nylon thread for sewing, Sewing Thread for Upholstery, Outdoor Market, Drapery, Leather, Beading, Crafts</p><p>$7.99 ($0.00 / Foot)</p><a href="https://www.amazon.com/dp/B09J89ST79?tag=eloabder-20&linkCode=osi&th=1&psc=1">View Product</a></div><div class="product"><a href="https://www.amazon.com/dp/B0C6MSY7QQ?tag=eloabder-20&linkCode=osi&th=1&psc=1"><img src="https://m.media-amazon.com/images/I/31Bn-MyA62L._SL500_.jpg" alt="Product Image"></a><p>PH PandaHall 0.1mm Nylon String 100 Yards Beading Thread White Nylon Seed Bead Thread Bracelet Beading Thread Sewing String for Leather Stitching Beading Jewelry Bracelets Making</p><p>$7.99 ($0.03 / Foot)</p><a href="https://www.amazon.com/dp/B0C6MSY7QQ?tag=eloabder-20&linkCode=osi&th=1&psc=1">View Product</a></div>

<div class="product"><a href="https://www.amazon.com/dp/B07NMNDT1W?tag=eloabder-20&linkCode=osi&th=1&psc=1"><img src="https://m.media-amazon.com/images/I/41-zwQIcVcL._SL500_.jpg" alt="Product Image"></a><p>Howemon White Beeswax Pellets 2LB 100% Pure and Natural Triple Filtered for Skin, Face, Body and Hair Care DIY Creams, Lotions, Lip Balm and Soap Making Supplies</p><p>$13.99 ($0.44 / Fl Oz)</p><a href="https://www.amazon.com/dp/B07NMNDT1W?tag=eloabder-20&linkCode=osi&th=1&psc=1">View Product</a></div><div class="product"><a href="https://www.amazon.com/dp/B00B3U0FW4?tag=eloabder-20&linkCode=osi&th=1&psc=1"><img src="https://m.media-amazon.com/images/I/51rWFCST+TL._SL500_.jpg" alt="Product Image"></a><p>Beesworks Yellow Beeswax Pellets (1 lb) | 100% Pure, Cosmetic Grade, Triple-Filtered Beeswax for DIY Skin care, Lip Balm, Lotion, and Candle Making</p><p>$13.99 ($0.87 / Ounce)</p><a href="https://www.amazon.com/dp/B00B3U0FW4?tag=eloabder-20&linkCode=osi&th=1&psc=1">View Product</a></div><div class="product"><a href="https://www.amazon.com/dp/B01LWX2IO1?tag=eloabder-20&linkCode=osi&th=1&psc=1"><img src="https://m.media-amazon.com/images/I/41MlNqhDyCL._SL500_.jpg" alt="Product Image"></a><p>Beesworks Yellow Beeswax Bars (6 oz) | 100% Pure, Cosmetic Grade, Triple-Filtered Beeswax for DIY Skin Care, Lip Balm, Lotion and Candle Making (1 oz Bars - Pack of 6)</p><p>$6.99</p><a href="https://www.amazon.com/dp/B01LWX2IO1?tag=eloabder-20&linkCode=osi&th=1&psc=1">View Product</a></div><div class="product"><a href="https://www.amazon.com/dp/B0BV77F19N?tag=eloabder-20&linkCode=osi&th=1&psc=1"><img src="https://m.media-amazon.com/images/I/41xzHaO1-EL._SL500_.jpg" alt="Product Image"></a><p>Beeswax Pellets 10LB Cosmetic Beeswax Triple Filtered Beeswax Pastilles for Candle Making Great for DIY Projects Creams Lotions Lip Balm and Soap Making Supplies(10LB)</p><p>$32.99</p><a href="https://www.amazon.com/dp/B0BV77F19N?tag=eloabder-20&linkCode=osi&th=1&psc=1">View Product</a></div><div class="product"><a href="https://www.amazon.com/dp/B0C9QSG3CY?tag=eloabder-20&linkCode=osi&th=1&psc=1"><img src="https://m.media-amazon.com/images/I/414XQcU6SRL._SL500_.jpg" alt="Product Image"></a><p>YASNAY White Beeswax Pellets 2LB, 100% Organic Beeswax, Beeswax for Candle Making, Body, Skin Care DIY, Lip Balm and Soap Making Supplies</p><p>$11.99</p><a href="https://www.amazon.com/dp/B0C9QSG3CY?tag=eloabder-20&linkCode=osi&th=1&psc=1">View Product</a></div><div class="product"><a href="https://www.amazon.com/dp/B097HTC4WN?tag=eloabder-20&linkCode=osi&th=1&psc=1"><img src="https://m.media-amazon.com/images/I/51pwMM7C6-L._SL500_.jpg" alt="Product Image"></a><p>Eco Lux 8 Yellow Beeswax Blocks 100% Pure Natural Organic Bees Wax 6.5oz</p><p>$8.49 ($1.35 / Ounce)</p><a href="https://www.amazon.com/dp/B097HTC4WN?tag=eloabder-20&linkCode=osi&th=1&psc=1">View Product</a></div><div class="product"><a href="https://www.amazon.com/dp/B00HDHQQCE?tag=eloabder-20&linkCode=osi&th=1&psc=1"><img src="https://m.media-amazon.com/images/I/41vF-7MwNhL._SL500_.jpg" alt="Product Image"></a><p>Murray's 100% Pure Beeswax 4 oz</p><p>$5.98 ($1.50 / Ounce)</p><a href="https://www.amazon.com/dp/B00HDHQQCE?tag=eloabder-20&linkCode=osi&th=1&psc=1">View Product</a></div><div class="product"><a href="https://www.amazon.com/dp/B09YM8JTLM?tag=eloabder-20&linkCode=osi&th=1&psc=1"><img src="https://m.media-amazon.com/images/I/41cjNuBnFEL._SL500_.jpg" alt="Product Image"></a><p>TRINIDa Beeswax Pellets 2LB(32 oz), 100% Organic Yellow Bees Wax for DIY Candles, Beeswax for Candle Making, Skin, Body, Face, and Hair Care, Lotions, DIY Creams, Lip Balm and Soap Making Supplies</p><p>$11.99</p><a href="https://www.amazon.com/dp/B09YM8JTLM?tag=eloabder-20&linkCode=osi&th=1&psc=1">View Product</a></div><div class="product"><a href="https://www.amazon.com/dp/B00F3CNMV4?tag=eloabder-20&linkCode=osi&th=1&psc=1"><img src="https://m.media-amazon.com/images/I/31pjrRAEa4L._SL500_.jpg" alt="Product Image"></a><p>Stakich Yellow Beeswax Block - Natural, Triple Filtered - 1 Pound, Honey Scent</p><p>$13.95 ($0.87 / Ounce)</p><a href="https://www.amazon.com/dp/B00F3CNMV4?tag=eloabder-20&linkCode=osi&th=1&psc=1">View Product</a></div><div class="product"><a href="https://www.amazon.com/dp/B0BXFZBZS9?tag=eloabder-20&linkCode=osi&th=1&psc=1"><img src="https://m.media-amazon.com/images/I/4178i9IB9KL._SL500_.jpg" alt="Product Image"></a><p>5LB Beeswax Pellets Beeswax for Candle Making Organic Beeswax Pellets for Skin Beeswax Beads Beeswax Bulk Beeswax for Lotion Making Organic for DIY and Craft Project</p><p>$22.99</p><a href="https://www.amazon.com/dp/B0BXFZBZS9?tag=eloabder-20&linkCode=osi&th=1&psc=1">View Product</a></div>
<div class="product"><a href="https://www.amazon.com/dp/B0052F1BVK?tag=eloabder-20&linkCode=osi&th=1&psc=1"><img src="https://m.media-amazon.com/images/I/41zE9eiGoLL._SL500_.jpg" alt="Product Image"></a><p>ACC Staples Large Binder Clips, 2" Width, 1" Capacity, Black, 12/Pk</p><p>$6.30</p><a href="https://www.amazon.com/dp/B0052F1BVK?tag=eloabder-20&linkCode=osi&th=1&psc=1">View Product</a></div><div class="product"><a href="https://www.amazon.com/dp/B07MLFR771?tag=eloabder-20&linkCode=osi&th=1&psc=1"><img src="https://m.media-amazon.com/images/I/51N2wxA7N0L._SL500_.jpg" alt="Product Image"></a><p>CooBigo 50 Pack Binder Ring, Metal Book Ring Paper Ring Holder 5/8-Inch Loose Leaf Binder Ring Clip for Index Card, Flash Card Ring, Card Calendar, Keychain Key Ring - Bronze</p><p>$6.99</p><a href="https://www.amazon.com/dp/B07MLFR771?tag=eloabder-20&linkCode=osi&th=1&psc=1">View Product</a></div><div class="product"><a href="https://www.amazon.com/dp/B01563NHGY?tag=eloabder-20&linkCode=osi&th=1&psc=1"><img src="https://m.media-amazon.com/images/I/41gj+0ZftqL._SL500_.jpg" alt="Product Image"></a><p>vanki Pack of 40 Cute Lovely Smiling Face Spring-Loaded File Organizer Paper Holder Metal Binder Clips, Assorted Color</p><p>$8.99</p><a href="https://www.amazon.com/dp/B01563NHGY?tag=eloabder-20&linkCode=osi&th=1&psc=1">View Product</a></div><div class="product"><a href="https://www.amazon.com/dp/B000GOUDSO?tag=eloabder-20&linkCode=osi&th=1&psc=1"><img src="https://m.media-amazon.com/images/I/41ZANISHgML._SL500_.jpg" alt="Product Image"></a><p>Small Binder Clips .75" 8/Pkg-Assorted Colors</p><p>$4.46</p><a href="https://www.amazon.com/dp/B000GOUDSO?tag=eloabder-20&linkCode=osi&th=1&psc=1">View Product</a></div>
<div class="product"><a href="https://www.amazon.com/dp/B07PRPX4VR?tag=eloabder-20&linkCode=osi&th=1&psc=1"><img src="https://m.media-amazon.com/images/I/41IMH12fdPL._SL500_.jpg" alt="Product Image"></a><p>Durable Sheet Lifters, Durable Easy Flow, 11" x 3", Lifts Sheets Over Rings and Protects Sheets from Tearing, Fit Standard 3-Ring Binders, Black (20 Pack)</p><p>$14.99</p><a href="https://www.amazon.com/dp/B07PRPX4VR?tag=eloabder-20&linkCode=osi&th=1&psc=1">View Product</a></div><div class="product"><a href="https://www.amazon.com/dp/B0CM8QJHFW?tag=eloabder-20&linkCode=osi&th=1&psc=1"><img src="https://m.media-amazon.com/images/I/31cJGS74oCL._SL500_.jpg" alt="Product Image"></a><p>Wantane D-Shaped Tape Storage Ring Tape Storage Ring 4" D-Shaped Washi Tape Storage Ring for DIY Decoration and Storage（Nickel）-2PCS</p><p>$7.99</p><a href="https://www.amazon.com/dp/B0CM8QJHFW?tag=eloabder-20&linkCode=osi&th=1&psc=1">View Product</a></div>
<div class="product"><a href="https://www.amazon.com/dp/B00006IAS3?tag=eloabder-20&linkCode=osi&th=1&psc=1"><img src="https://m.media-amazon.com/images/I/317DvSXhT1L._SL500_.jpg" alt="Product Image"></a><p>GBC Binding System, Manual, Desktop Binding Punch, 6 Sheet Punch Capacity, ProClick P50 (2515650)</p><p>$123.89</p><a href="https://www.amazon.com/dp/B00006IAS3?tag=eloabder-20&linkCode=osi&th=1&psc=1">View Product</a></div><div class="product"><a href="https://www.amazon.com/dp/B004BP81KQ?tag=eloabder-20&linkCode=osi&th=1&psc=1"><img src="https://m.media-amazon.com/images/I/51SqfeZ12KL._SL500_.jpg" alt="Product Image"></a><p>We R Memory Keepers Cinch Book Binding Wire (1-Inch, Silver (2 Pack))</p><p>$5.99</p><a href="https://www.amazon.com/dp/B004BP81KQ?tag=eloabder-20&linkCode=osi&th=1&psc=1">View Product</a></div>

<div class="product"><a href="https://www.amazon.com/dp/B0007ZJ8TM?tag=eloabder-20&linkCode=osi&th=1&psc=1"><img src="https://m.media-amazon.com/images/I/41i49sz3UAL._SL500_.jpg" alt="Product Image"></a><p>Speedball Super Black India Ink, 2-Ounce</p><p>$9.99 ($9.99 / Count)</p><a href="https://www.amazon.com/dp/B0007ZJ8TM?tag=eloabder-20&linkCode=osi&th=1&psc=1">View Product</a></div><div class="product"><a href="https://www.amazon.com/dp/B0026I10AI?tag=eloabder-20&linkCode=osi&th=1&psc=1"><img src="https://m.media-amazon.com/images/I/31vklP4uBsL._SL500_.jpg" alt="Product Image"></a><p>Dr. Ph. Martin's Bombay India (7BY) Ink Bottle, 1.0 oz, Black</p><p>$6.99</p><a href="https://www.amazon.com/dp/B0026I10AI?tag=eloabder-20&linkCode=osi&th=1&psc=1">View Product</a></div><div class="product"><a href="https://www.amazon.com/dp/B000KNP96C?tag=eloabder-20&linkCode=osi&th=1&psc=1"><img src="https://m.media-amazon.com/images/I/51e9srYtG0L._SL500_.jpg" alt="Product Image"></a><p>Winsor & Newton Drawing Ink, 14ml Bottle, Black Indian</p><p>$10.99</p><a href="https://www.amazon.com/dp/B000KNP96C?tag=eloabder-20&linkCode=osi&th=1&psc=1">View Product</a></div><div class="product"><a href="https://www.amazon.com/dp/B07BQG5QF4?tag=eloabder-20&linkCode=osi&th=1&psc=1"><img src="https://m.media-amazon.com/images/I/41nEMDYZaiL._SL500_.jpg" alt="Product Image"></a><p>Speedball Super Black India Ink, 16-Ounce</p><p>$19.99</p><a href="https://www.amazon.com/dp/B07BQG5QF4?tag=eloabder-20&linkCode=osi&th=1&psc=1">View Product</a></div><div class="product"><a href="https://www.amazon.com/dp/B001038NLY?tag=eloabder-20&linkCode=osi&th=1&psc=1"><img src="https://m.media-amazon.com/images/I/418i4sxJJ0L._SL500_.jpg" alt="Product Image"></a><p>Speedball Fabric Screen Printing Ink, 8-Ounce, Black for T-Shirt and Silkscreen Printmaking</p><p>$12.99 ($1.62 / Fl Oz)</p><a href="https://www.amazon.com/dp/B001038NLY?tag=eloabder-20&linkCode=osi&th=1&psc=1">View Product</a></div><div class="product"><a href="https://www.amazon.com/dp/B00161OPSA?tag=eloabder-20&linkCode=osi&th=1&psc=1"><img src="https://m.media-amazon.com/images/I/41C32y3CJAL._SL500_.jpg" alt="Product Image"></a><p>Tsukineko VersaFine inkpad, Full-Size, Onyx Black</p><p>$4.99 ($4.99 / Count)</p><a href="https://www.amazon.com/dp/B00161OPSA?tag=eloabder-20&linkCode=osi&th=1&psc=1">View Product</a></div>
<div class="product"><a href="https://www.amazon.com/dp/B07Q4TJCDJ?tag=eloabder-20&linkCode=osi&th=1&psc=1"><img src="https://m.media-amazon.com/images/I/315HYvYg-BL._SL500_.jpg" alt="Product Image"></a><p>Primbeeks 300pcs Blank Business Cards, Premium Blank White Cards, 3.5" x 2.2" Small Blank Cards, Blank Cardstock Cards, Small Note Cards, white blank cards, white business cards, kraft paper cards</p><p>$7.99</p><a href="https://www.amazon.com/dp/B07Q4TJCDJ?tag=eloabder-20&linkCode=osi&th=1&psc=1">View Product</a></div><div class="product"><a href="https://www.amazon.com/dp/B0CRGHFLT8?tag=eloabder-20&linkCode=osi&th=1&psc=1"><img src="https://m.media-amazon.com/images/I/41S1NLpb8hL._SL500_.jpg" alt="Product Image"></a><p>Watercolor Cards and Envelopes Set - 50 Folded 5x7 Inch Blank Heavyweight Paper Cards (140lb/300gsm) with Matching Envelopes for DIY Greeting Cards, Festivals, and Events</p><p>$17.99 ($0.36 / Count)</p><a href="https://www.amazon.com/dp/B0CRGHFLT8?tag=eloabder-20&linkCode=osi&th=1&psc=1">View Product</a></div><div class="product"><a href="https://www.amazon.com/dp/B08MX4TZ3H?tag=eloabder-20&linkCode=osi&th=1&psc=1"><img src="https://m.media-amazon.com/images/I/41D2u4vdLQL._SL500_.jpg" alt="Product Image"></a><p>50 Pack Blank Kraft Cards Cardstock Thick Paper Brown Greeting Cards for DIY Gift Card Menus, Baby Shower and Wedding Invitations (Multicolored, 5x7IN)</p><p>$8.99</p><a href="https://www.amazon.com/dp/B08MX4TZ3H?tag=eloabder-20&linkCode=osi&th=1&psc=1">View Product</a></div><div class="product"><a href="https://www.amazon.com/dp/B08BDGGVMK?tag=eloabder-20&linkCode=osi&th=1&psc=1"><img src="https://m.media-amazon.com/images/I/41W-dTUoBqL._SL500_.jpg" alt="Product Image"></a><p>100pcs 3.54"x2" Blank Kraft Paper Business Card, Words Message Notes paper Tags, Mini Craft Cardboard Festival gifts - 6 colors</p><p>$5.98</p><a href="https://www.amazon.com/dp/B08BDGGVMK?tag=eloabder-20&linkCode=osi&th=1&psc=1">View Product</a></div><div class="product"><a href="https://www.amazon.com/dp/B08BFDJJ78?tag=eloabder-20&linkCode=osi&th=1&psc=1"><img src="https://m.media-amazon.com/images/I/61LZ1Csb+dL._SL500_.jpg" alt="Product Image"></a><p>Nettbe 100pcs 3.54"x2" Blank Kraft Paper Business Card, Words Message Notes paper Tags, Mini Craft Cardboard Festival gifts</p><p>$5.99</p><a href="https://www.amazon.com/dp/B08BFDJJ78?tag=eloabder-20&linkCode=osi&th=1&psc=1">View Product</a></div><div class="product"><a href="https://www.amazon.com/dp/B07Q8YBJM3?tag=eloabder-20&linkCode=osi&th=1&psc=1"><img src="https://m.media-amazon.com/images/I/31w6U4cCqEL._SL500_.jpg" alt="Product Image"></a><p>Primbeeks 228pcs Blank Business Cards, Premium Blank White Cards, 3.5" x 2.2" Small Blank Cards, Blank Cardstock Cards, Small Note Cards, white blank cards, white business cards, kraft paper cards</p><p>$5.99</p><a href="https://www.amazon.com/dp/B07Q8YBJM3?tag=eloabder-20&linkCode=osi&th=1&psc=1">View Product</a></div><div class="product"><a href="https://www.amazon.com/dp/B08X4Z9TGN?tag=eloabder-20&linkCode=osi&th=1&psc=1"><img src="https://m.media-amazon.com/images/I/41Jqhe35tDL._SL500_.jpg" alt="Product Image"></a><p>321Done Blank Rustic Cards, Made in USA - 4x6 Thick, Heavy Cardstock - Make Invites, Greeting, Note, Thank You Cards - Plain Kraft for Writing, Stamping, Printing, Art - No Envelopes - Set of 50</p><p>$14.99</p><a href="https://www.amazon.com/dp/B08X4Z9TGN?tag=eloabder-20&linkCode=osi&th=1&psc=1">View Product</a></div><div class="product"><a href="https://www.amazon.com/dp/B0D2KDWBNM?tag=eloabder-20&linkCode=osi&th=1&psc=1"><img src="https://m.media-amazon.com/images/I/31dAhnBJ7aL._SL500_.jpg" alt="Product Image"></a><p>4x6 Blank White Cardstock (Set of 100) - Card Stock for Printer Postcards, Photo Paper Invitations, Greeting, Note, Thank You, DIY Making, Index Cards - Plain for Writing, Stamping, Printing, Art</p><p>$8.99</p><a href="https://www.amazon.com/dp/B0D2KDWBNM?tag=eloabder-20&linkCode=osi&th=1&psc=1">View Product</a></div><div class="product"><a href="https://www.amazon.com/dp/B0BB858RYN?tag=eloabder-20&linkCode=osi&th=1&psc=1"><img src="https://m.media-amazon.com/images/I/317zmriPKNL._SL500_.jpg" alt="Product Image"></a><p>WANDERINGS Handmade White Deckle Edge Blank Greeting Cards- Folded to 5x7” - Pack of 25 - Writers, Artists, Crafters - Thank Yous, Invitations, Menus, Greeting Cards, Notes - Thick 150 GSM</p><p>$21.99 ($0.88 / Count)</p><a href="https://www.amazon.com/dp/B0BB858RYN?tag=eloabder-20&linkCode=osi&th=1&psc=1">View Product</a></div><div class="product"><a href="https://www.amazon.com/dp/B0BZPPXRZW?tag=eloabder-20&linkCode=osi&th=1&psc=1"><img src="https://m.media-amazon.com/images/I/21Da-WQhrpL._SL500_.jpg" alt="Product Image"></a><p>100 Pack Thick Paper Cardstock Blank Heavy Cards Stock for Invitations, Greeting Cards Making, Postcards, Photos, 250GSM Thick Paper (White, 2x3.5 inches)</p><p>$5.99</p><a href="https://www.amazon.com/dp/B0BZPPXRZW?tag=eloabder-20&linkCode=osi&th=1&psc=1">View Product</a></div>
<div class="product"><a href="https://www.amazon.com/dp/B0BZRDQKH6?tag=eloabder-20&linkCode=osi&th=1&psc=1"><img src="https://m.media-amazon.com/images/I/41GYYRiusgL._SL500_.jpg" alt="Product Image"></a><p>feela 8 Pack Unlined Kraft Paper Notebooks, Blank Journal Note Pad for Drawing Writing, Small Sketchbook Travel Journal Bulk for Women Kids Students Office School Supplies, A5, 60 Pages, 8.3” X 5.5”</p><p>$9.99</p><a href="https://www.amazon.com/dp/B0BZRDQKH6?tag=eloabder-20&linkCode=osi&th=1&psc=1">View Product</a></div><div class="product"><a href="https://www.amazon.com/dp/B0BXLB74KK?tag=eloabder-20&linkCode=osi&th=1&psc=1"><img src="https://m.media-amazon.com/images/I/313vYzg7HpL._SL500_.jpg" alt="Product Image"></a><p>ZZTX 4 Pack Blank Kraft Notebooks, Blank Paper Sketchbooks for Drawing Doodling Writing,Travel Journal Set, A5, 36 Pages, 8.3” X 5.5”</p><p>$5.99</p><a href="https://www.amazon.com/dp/B0BXLB74KK?tag=eloabder-20&linkCode=osi&th=1&psc=1">View Product</a></div><div class="product"><a href="https://www.amazon.com/dp/B0BW5TNPXJ?tag=eloabder-20&linkCode=osi&th=1&psc=1"><img src="https://m.media-amazon.com/images/I/31Wu8UP78iL._SL500_.jpg" alt="Product Image"></a><p>EOOUT Kraft Notebooks, Blank Page Journals in Bulk, 16pcs A5, 8.3 X 5.5 Inches, 60 Pages, 80gsm, Travel Journal Set, for Art Camp, Travelers, Students and Office Supplies Sketchbooks Bulk for Kids</p><p>$15.99</p><a href="https://www.amazon.com/dp/B0BW5TNPXJ?tag=eloabder-20&linkCode=osi&th=1&psc=1">View Product</a></div><div class="product"><a href="https://www.amazon.com/dp/B08P3F46SD?tag=eloabder-20&linkCode=osi&th=1&psc=1"><img src="https://m.media-amazon.com/images/I/41jeBDcZJ1L._SL500_.jpg" alt="Product Image"></a><p>Krafty Soft Cover Blank Notebook Journal, Spiral Sketchbook Pad, Drawing Book, 60 Sheets/140gsm (A4)/120 Pages</p><p>$7.99</p><a href="https://www.amazon.com/dp/B08P3F46SD?tag=eloabder-20&linkCode=osi&th=1&psc=1">View Product</a></div><div class="product"><a href="https://www.amazon.com/dp/B0CWNPMC4T?tag=eloabder-20&linkCode=osi&th=1&psc=1"><img src="https://m.media-amazon.com/images/I/31BZeVGe6TL._SL500_.jpg" alt="Product Image"></a><p>zmybcpack 5 Pack Blank Journal Notebooks, Blank Paper Sketchbook for Drawing Writing, Travel Journal Notebook Kraft Paper Notebook for Travelers, Students, Office, A5, 8.26” x 5.5”, 60 Pages/30 Sheets</p><p>$8.99</p><a href="https://www.amazon.com/dp/B0CWNPMC4T?tag=eloabder-20&linkCode=osi&th=1&psc=1">View Product</a></div><div class="product"><a href="https://www.amazon.com/dp/B07WHYP9WN?tag=eloabder-20&linkCode=osi&th=1&psc=1"><img src="https://m.media-amazon.com/images/I/41ZhyCux1yL._SL500_.jpg" alt="Product Image"></a><p>Thick Blank Journal Notebook with Unlined / Unruled / Plain Pages | Deluxe 120gsm Ink Resistant Paper for Writing, Sketch Book, 160 Pages | Hardcover Sketchbook with Pen Holder, Pocket, Ribbon (Black)</p><p>$14.99</p><a href="https://www.amazon.com/dp/B07WHYP9WN?tag=eloabder-20&linkCode=osi&th=1&psc=1">View Product</a></div>
<div class="product"><a href="https://www.amazon.com/dp/B07MT7HKZW?tag=eloabder-20&linkCode=osi&th=1&psc=1"><img src="https://m.media-amazon.com/images/I/413JwH5JREL._SL500_.jpg" alt="Product Image"></a><p>Spiral Sketch Book Large Notebook（Built-in Drawing Board） Kraft Cover Blank Sketch Pad Wirebound Sketching for Drawing Painting 8.5x11-Inch (2 Pack) 200 Sheets, 100 Sheets, 200Pages Each</p><p>$17.99 ($9.00 / Count)</p><a href="https://www.amazon.com/dp/B07MT7HKZW?tag=eloabder-20&linkCode=osi&th=1&psc=1">View Product</a></div><div class="product"><a href="https://www.amazon.com/dp/B0BDQ82WB9?tag=eloabder-20&linkCode=osi&th=1&psc=1"><img src="https://m.media-amazon.com/images/I/51FoWr3GPwL._SL500_.jpg" alt="Product Image"></a><p>feela 170 Pack Blank Kraft Notebooks, Unlined Sketchbook Mini Cute Note Pad for Drawing Writing, Journal Bulk For Kids Students Office School Supplies, A6, 48 Pages, 4.25” X 5.5”, Black and Brown</p><p>$51.99</p><a href="https://www.amazon.com/dp/B0BDQ82WB9?tag=eloabder-20&linkCode=osi&th=1&psc=1">View Product</a></div><div class="product"><a href="https://www.amazon.com/dp/B0B3WWHWT2?tag=eloabder-20&linkCode=osi&th=1&psc=1"><img src="https://m.media-amazon.com/images/I/31m0FzXtPxL._SL500_.jpg" alt="Product Image"></a><p>Tamaki 6 Pack Colorful Blank Books for kids to Write, Drawing, Cute Sketchbook for Kid, 6 Colors (4.25 x 5.5 Inches)</p><p>$6.99</p><a href="https://www.amazon.com/dp/B0B3WWHWT2?tag=eloabder-20&linkCode=osi&th=1&psc=1">View Product</a></div>
<div class="product"><a href="https://www.amazon.com/dp/B0BGH2P9M6?tag=eloabder-20&linkCode=osi&th=1&psc=1"><img src="https://m.media-amazon.com/images/I/41ozOaYoHEL._SL500_.jpg" alt="Product Image"></a><p>EOOUT 100pcs A5 Kraft Notebooks, Blank Page Journals in Bulk, Sketchbooks Bulk for Kids, 60 Pages, 80GSM, 8.3 X 5.5 Inch, Travel Journal Set, for Art Camp, Travelers, Students and Office Supplies</p><p>$51.99</p><a href="https://www.amazon.com/dp/B0BGH2P9M6?tag=eloabder-20&linkCode=osi&th=1&psc=1">View Product</a></div><div class="product"><a href="https://www.amazon.com/dp/B07MT99F94?tag=eloabder-20&linkCode=osi&th=1&psc=1"><img src="https://m.media-amazon.com/images/I/41Ug7gpSWDL._SL500_.jpg" alt="Product Image"></a><p>Spiral Sketch Book Large Notebook（Built-in Drawing Board） Kraft Cover Blank Sketch Pad Wirebound Sketching for Drawing Painting 8.5x11-Inch (1 Pack) 200 Pages, 100 Sheets</p><p>$9.99</p><a href="https://www.amazon.com/dp/B07MT99F94?tag=eloabder-20&linkCode=osi&th=1&psc=1">View Product</a></div><div class="product"><a href="https://www.amazon.com/dp/B07CM32KLM?tag=eloabder-20&linkCode=osi&th=1&psc=1"><img src="https://m.media-amazon.com/images/I/41ENhBLE9DL._SL500_.jpg" alt="Product Image"></a><p>Kraft Cover Drawing Notebook & Sketchbook – Set of 2 Blank Plain Sketch Books – 125g Thick Paper A5 Size, 150x210mm Paper Ideal for Drawing & Sketching- 128 sheets/256 pages – 180 Degree Opening, 2pcs</p><p>$20.99 ($0.08 / Count)</p><a href="https://www.amazon.com/dp/B07CM32KLM?tag=eloabder-20&linkCode=osi&th=1&psc=1">View Product</a></div><div class="product"><a href="https://www.amazon.com/dp/B08ZLMLF7C?tag=eloabder-20&linkCode=osi&th=1&psc=1"><img src="https://m.media-amazon.com/images/I/41X-5yj83vL._SL500_.jpg" alt="Product Image"></a><p>BEECHMORE BOOKS Sketch Book, A4 8.5 x 11.5 inch Blank Sketchbook for Drawing, Paint and Draw, 156 Pages Thick Paper 160gsm, Hardcover Leather Art Notebook, Boxed for Gifts (Chestnut Brown)</p><p>$21.20</p><a href="https://www.amazon.com/dp/B08ZLMLF7C?tag=eloabder-20&linkCode=osi&th=1&psc=1">View Product</a></div>
<div class="product"><a href="https://www.amazon.com/dp/B075M9MSFH?tag=eloabder-20&linkCode=osi&th=1&psc=1"><img src="https://m.media-amazon.com/images/I/51x+szTX6TL._SL500_.jpg" alt="Product Image"></a><p>Bianyo Bleedproof Marker Paper Pad, A4(8.27"X11.69"), 50 Sheets, 18 LB / 70 GSM, Glue-Bound, 100% Cotton, White, Ideal for Use with Markers and Ink Mediums</p><p>$9.99</p><a href="https://www.amazon.com/dp/B075M9MSFH?tag=eloabder-20&linkCode=osi&th=1&psc=1">View Product</a></div><div class="product"><a href="https://www.amazon.com/dp/B08FX5S2NL?tag=eloabder-20&linkCode=osi&th=1&psc=1"><img src="https://m.media-amazon.com/images/I/41CA0ZfazKL._SL500_.jpg" alt="Product Image"></a><p>Marker Paper Sketchbook, Bleedproof Art Marker Pad, (8.27 X 11.69) Inch, White, 40 Sheets</p><p>$6.99</p><a href="https://www.amazon.com/dp/B08FX5S2NL?tag=eloabder-20&linkCode=osi&th=1&psc=1">View Product</a></div><div class="product"><a href="https://www.amazon.com/dp/B0CJRBFSJ8?tag=eloabder-20&linkCode=osi&th=1&psc=1"><img src="https://m.media-amazon.com/images/I/51DLA8TpwEL._SL500_.jpg" alt="Product Image"></a><p>Shuttle Art Marker Pad, 8.3”x8.9” Portable Square Sketchbook, 80 Sheets Marker Drawing Paper, 120LB/200GSM Bleedproof Art Paper, Spiral-Bound, Great for Professional Artist to Draw, Paint & Sketch</p><p>$16.99</p><a href="https://www.amazon.com/dp/B0CJRBFSJ8?tag=eloabder-20&linkCode=osi&th=1&psc=1">View Product</a></div><div class="product"><a href="https://www.amazon.com/dp/B09N7VX5Z5?tag=eloabder-20&linkCode=osi&th=1&psc=1"><img src="https://m.media-amazon.com/images/I/51xCPs9HZyL._SL500_.jpg" alt="Product Image"></a><p>Marker Paper Sketchbook - Marker Sketchbook with Bleedproof Smooth Coated Art Paper, 120 GSM 80 LBS - Marker Pad for Alcohol Markers, Sketching, Drawing - 8.11 x 8.5 Inch | 50 Sheets, 2 Pack</p><p>$15.99 ($8.00 / Count)</p><a href="https://www.amazon.com/dp/B09N7VX5Z5?tag=eloabder-20&linkCode=osi&th=1&psc=1">View Product</a></div><div class="product"><a href="https://www.amazon.com/dp/B07CK94W9T?tag=eloabder-20&linkCode=osi&th=1&psc=1"><img src="https://m.media-amazon.com/images/I/41ocoSNDjdL._SL500_.jpg" alt="Product Image"></a><p>BOXUN Premium 50 Sheets Sketch Marker Paper Pad, Bleedproof Artist Drawing Paper, 8.27 x 11.69 Inch</p><p>$8.29 ($0.17 / Count)</p><a href="https://www.amazon.com/dp/B07CK94W9T?tag=eloabder-20&linkCode=osi&th=1&psc=1">View Product</a></div><div class="product"><a href="https://www.amazon.com/dp/B0CPXWD11W?tag=eloabder-20&linkCode=osi&th=1&psc=1"><img src="https://m.media-amazon.com/images/I/51ApKzpDVNL._SL500_.jpg" alt="Product Image"></a><p>FEITAKE Marker Paper Pad Sketchbook Bleedproof for Alcohol Markers 120lb/200gsm Double Sided Thick Art Drawing Papers 60pages (30Sheets) / A4(8.3"x11.7") Gift for Artists Students Kids</p><p>$13.99 ($0.47 / Count)</p><a href="https://www.amazon.com/dp/B0CPXWD11W?tag=eloabder-20&linkCode=osi&th=1&psc=1">View Product</a></div><div class="product"><a href="https://www.amazon.com/dp/B0025TWYW6?tag=eloabder-20&linkCode=osi&th=1&psc=1"><img src="https://m.media-amazon.com/images/I/51t6UkUHCvL._SL500_.jpg" alt="Product Image"></a><p>Bee Paper Bleedproof Marker Pack, 8-1/2-Inch by 11-Inch, 50 Sheets per Pack</p><p>$17.09 ($0.34 / Count)</p><a href="https://www.amazon.com/dp/B0025TWYW6?tag=eloabder-20&linkCode=osi&th=1&psc=1">View Product</a></div><div class="product"><a href="https://www.amazon.com/dp/B0CJRBYYQB?tag=eloabder-20&linkCode=osi&th=1&psc=1"><img src="https://m.media-amazon.com/images/I/41knBnjZ25L._SL500_.jpg" alt="Product Image"></a><p>Shuttle Art Marker Pad, 8.3”x7.67” Portable Square Sketchbook, 50 Sheets Marker Drawing Paper, 60LB/90GSM Smooth Surface Bleedproof Art Paper, Glue-Bound, Great for Beginners to Draw, Paint & Sketch</p><p>$8.99 ($0.18 / Count)</p><a href="https://www.amazon.com/dp/B0CJRBYYQB?tag=eloabder-20&linkCode=osi&th=1&psc=1">View Product</a></div>
<div class="product"><a href="https://www.amazon.com/dp/B00881IU8M?tag=eloabder-20&linkCode=osi&th=1&psc=1"><img src="https://m.media-amazon.com/images/I/41hbSgdLBtL._SL500_.jpg" alt="Product Image"></a><p>Speedball Fabric & Paper Block Printing Ink 6-Color Set, 1.25-Ounce x 6</p><p>$28.99 ($28.99 / Count)</p><a href="https://www.amazon.com/dp/B00881IU8M?tag=eloabder-20&linkCode=osi&th=1&psc=1">View Product</a></div><div class="product"><a href="https://www.amazon.com/dp/B000J09PFM?tag=eloabder-20&linkCode=osi&th=1&psc=1"><img src="https://m.media-amazon.com/images/I/51yPRc4nvoL._SL500_.jpg" alt="Product Image"></a><p>Speedball Water-Soluble Block Printing Ink Starter Set, 6 Bold Colors with Satin Finish, 1.25-Ounce Tubes</p><p>$29.99 ($4.00 / Fl Oz)</p><a href="https://www.amazon.com/dp/B000J09PFM?tag=eloabder-20&linkCode=osi&th=1&psc=1">View Product</a></div><div class="product"><a href="https://www.amazon.com/dp/B000BYT24U?tag=eloabder-20&linkCode=osi&th=1&psc=1"><img src="https://m.media-amazon.com/images/I/51pDlo+LlKL._SL500_.jpg" alt="Product Image"></a><p>Speedball Water-Soluble Block Printing Ink, 8-Ounce Jar, Black</p><p>$14.49</p><a href="https://www.amazon.com/dp/B000BYT24U?tag=eloabder-20&linkCode=osi&th=1&psc=1">View Product</a></div><div class="product"><a href="https://www.amazon.com/dp/B00C1JUJWW?tag=eloabder-20&linkCode=osi&th=1&psc=1"><img src="https://m.media-amazon.com/images/I/41zDtJ6f5hL._SL500_.jpg" alt="Product Image"></a><p>Speedball Fabric Block Printing Ink, 2.5-Ounce, Black</p><p>$9.99 ($4.00 / Fl Oz)</p><a href="https://www.amazon.com/dp/B00C1JUJWW?tag=eloabder-20&linkCode=osi&th=1&psc=1">View Product</a></div><div class="product"><a href="https://www.amazon.com/dp/B004PZ1ZJG?tag=eloabder-20&linkCode=osi&th=1&psc=1"><img src="https://m.media-amazon.com/images/I/41+GkhhpR5L._SL500_.jpg" alt="Product Image"></a><p>Speedball Water-Soluble Block Printing Ink Starter Set, 4-Color Set, 1.25-Ounce Tubes</p><p>$20.99</p><a href="https://www.amazon.com/dp/B004PZ1ZJG?tag=eloabder-20&linkCode=osi&th=1&psc=1">View Product</a></div><div class="product"><a href="https://www.amazon.com/dp/B0017CZF3C?tag=eloabder-20&linkCode=osi&th=1&psc=1"><img src="https://m.media-amazon.com/images/I/41S17SYPAZL._SL500_.jpg" alt="Product Image"></a><p>Speedball Water Soluble Block Printing Ink, Black, 2-1/2 Ounces - 380663</p><p>$9.99</p><a href="https://www.amazon.com/dp/B0017CZF3C?tag=eloabder-20&linkCode=osi&th=1&psc=1">View Product</a></div><div class="product"><a href="https://www.amazon.com/dp/B0BXNX8FSH?tag=eloabder-20&linkCode=osi&th=1&psc=1"><img src="https://m.media-amazon.com/images/I/51JGm1VxVOL._SL500_.jpg" alt="Product Image"></a><p>Falling in Art Water-Soluble Block Printing Ink, 6-Color Printmaking Ink Set for Linoleum Block, 3.5 floz</p><p>$28.99</p><a href="https://www.amazon.com/dp/B0BXNX8FSH?tag=eloabder-20&linkCode=osi&th=1&psc=1">View Product</a></div><div class="product"><a href="https://www.amazon.com/dp/B0027ACJBO?tag=eloabder-20&linkCode=osi&th=1&psc=1"><img src="https://m.media-amazon.com/images/I/41OzayB9ojL._SL500_.jpg" alt="Product Image"></a><p>Speedball 3476 Oil-Based Block Printing Ink Starter Set for Professional, Permanent Prints AP Certified – 1.25 FL OZ Tubes</p><p>$33.99</p><a href="https://www.amazon.com/dp/B0027ACJBO?tag=eloabder-20&linkCode=osi&th=1&psc=1">View Product</a></div>
<div class="product"><a href="https://www.amazon.com/dp/B0027AGDWK?tag=eloabder-20&linkCode=osi&th=1&psc=1"><img src="https://m.media-amazon.com/images/I/515LDer6GPL._SL500_.jpg" alt="Product Image"></a><p>Speedball Deluxe Block Printing Kit - Includes Inks, Brayer, Bench Hook, Lino Handle and Cutters, Speedy-Carve Block, Mounted Linoleum Block</p><p>$59.99</p><a href="https://www.amazon.com/dp/B0027AGDWK?tag=eloabder-20&linkCode=osi&th=1&psc=1">View Product</a></div><div class="product"><a href="https://www.amazon.com/dp/B07ZJBZN5S?tag=eloabder-20&linkCode=osi&th=1&psc=1"><img src="https://m.media-amazon.com/images/I/41UbN58y9uS._SL500_.jpg" alt="Product Image"></a><p>SGHUO 12pcs 4"x6" Pink Rubber Carving Blocks Linoleum Block Stamp Making Kit</p><p>$22.99 ($1.92 / Count)</p><a href="https://www.amazon.com/dp/B07ZJBZN5S?tag=eloabder-20&linkCode=osi&th=1&psc=1">View Product</a></div>
<div class="product"><a href="https://www.amazon.com/dp/B00L2DYUM8?tag=eloabder-20&linkCode=osi&th=1&psc=1"><img src="https://m.media-amazon.com/images/I/51l5FZ0+5AL._SL500_.jpg" alt="Product Image"></a><p>Strathmore 300 Series Printmaking Paper Pad, Glue Bound, 5x7 inches, 40 Sheets (120g) - Artist Paper for Adults and Students - Block Printing, Linocut, Screen Printing, White</p><p>$7.26</p><a href="https://www.amazon.com/dp/B00L2DYUM8?tag=eloabder-20&linkCode=osi&th=1&psc=1">View Product</a></div><div class="product"><a href="https://www.amazon.com/dp/B07BSYS5XC?tag=eloabder-20&linkCode=osi&th=1&psc=1"><img src="https://m.media-amazon.com/images/I/51Uwfq0jv+L._SL500_.jpg" alt="Product Image"></a><p>Ucreate Printmaking Paper, 9"x12", White, 100 Sheet, P9001</p><p>$9.79</p><a href="https://www.amazon.com/dp/B07BSYS5XC?tag=eloabder-20&linkCode=osi&th=1&psc=1">View Product</a></div><div class="product"><a href="https://www.amazon.com/dp/B00K5562WA?tag=eloabder-20&linkCode=osi&th=1&psc=1"><img src="https://m.media-amazon.com/images/I/51Dm+TeJGdL._SL500_.jpg" alt="Product Image"></a><p>Strathmore Printmaking Paper Pad 8"X10"-20 Sheets -62433800, White</p><p>$10.19</p><a href="https://www.amazon.com/dp/B00K5562WA?tag=eloabder-20&linkCode=osi&th=1&psc=1">View Product</a></div><div class="product"><a href="https://www.amazon.com/dp/B001DNH8I0?tag=eloabder-20&linkCode=osi&th=1&psc=1"><img src="https://m.media-amazon.com/images/I/51UzoKdUojL._SL500_.jpg" alt="Product Image"></a><p>Black Ink 9-Inch by 12-Inch Bleached Mulberry Block Printing Paper, 25-Pack</p><p>$19.35 ($0.77 / Count)</p><a href="https://www.amazon.com/dp/B001DNH8I0?tag=eloabder-20&linkCode=osi&th=1&psc=1">View Product</a></div><div class="product"><a href="https://www.amazon.com/dp/B00C6G6L5Y?tag=eloabder-20&linkCode=osi&th=1&psc=1"><img src="https://m.media-amazon.com/images/I/5103h0Rm8sL._SL500_.jpg" alt="Product Image"></a><p>Black Ink Thai Mulberry Block Printing Paper Packs small assorted colors</p><p>$21.99</p><a href="https://www.amazon.com/dp/B00C6G6L5Y?tag=eloabder-20&linkCode=osi&th=1&psc=1">View Product</a></div>
<div class="product"><a href="https://www.amazon.com/dp/B003IG27OK?tag=eloabder-20&linkCode=osi&th=1&psc=1"><img src="https://m.media-amazon.com/images/I/416NUaYo1DL._SL500_.jpg" alt="Product Image"></a><p>Speedball Block Printing Baren - Comfortable Wooden Handle, Made in the USA - 4 Inches</p><p>$29.49</p><a href="https://www.amazon.com/dp/B003IG27OK?tag=eloabder-20&linkCode=osi&th=1&psc=1">View Product</a></div>
<div class="product"><a href="https://www.amazon.com/dp/B0CMZYY8CJ?tag=eloabder-20&linkCode=osi&th=1&psc=1"><img src="https://m.media-amazon.com/images/I/41TifSIP7SL._SL500_.jpg" alt="Product Image"></a><p>Ecoofor Blotting Paper for Flower Press, 20 Sheets Highly Absorbent and Reusable Blotter Paper for Flower Press Paper Craft 9 x 9 inch</p><p>$9.99</p><a href="https://www.amazon.com/dp/B0CMZYY8CJ?tag=eloabder-20&linkCode=osi&th=1&psc=1">View Product</a></div><div class="product"><a href="https://www.amazon.com/dp/B0CYRT3RM4?tag=eloabder-20&linkCode=osi&th=1&psc=1"><img src="https://m.media-amazon.com/images/I/31+qvVq3giL._SL500_.jpg" alt="Product Image"></a><p>Hygge & Sage Premium Natural Fiber Blotting Paper for Flower Press Art; 20 Large Sheets for a Press up to 8x11 Inches; Absorbent, Versatile, and Acid-Free Reusable Blotter Paper for Flower Pressing</p><p>$9.50 ($0.48 / Count)</p><a href="https://www.amazon.com/dp/B0CYRT3RM4?tag=eloabder-20&linkCode=osi&th=1&psc=1">View Product</a></div><div class="product"><a href="https://www.amazon.com/dp/B0D41GDLHM?tag=eloabder-20&linkCode=osi&th=1&psc=1"><img src="https://m.media-amazon.com/images/I/41LIF5dHXaL._SL500_.jpg" alt="Product Image"></a><p>Aboofx 20 Sheets Blotting Paper for Flower Press, 15" x 10" Extra Large Highly Absorbent Blotter Paper for Flower Press Reusable Herbarium Paper Craft Blotter Paper Sheets</p><p>$19.99</p><a href="https://www.amazon.com/dp/B0D41GDLHM?tag=eloabder-20&linkCode=osi&th=1&psc=1">View Product</a></div><div class="product"><a href="https://www.amazon.com/dp/B0CQMMYSBR?tag=eloabder-20&linkCode=osi&th=1&psc=1"><img src="https://m.media-amazon.com/images/I/413SlUi6IDL._SL500_.jpg" alt="Product Image"></a><p>Wisreach Blotting Paper for Flower Press, 20 Sheets Flower Press Paper Highly Absorbent and Reusable Blotter Paper for Flower Art A4 Size 8.26 x 11.4 inch</p><p>$9.99</p><a href="https://www.amazon.com/dp/B0CQMMYSBR?tag=eloabder-20&linkCode=osi&th=1&psc=1">View Product</a></div><div class="product"><a href="https://www.amazon.com/dp/B093FQ22PG?tag=eloabder-20&linkCode=osi&th=1&psc=1"><img src="https://m.media-amazon.com/images/I/41B2jXhe+QL._SL500_.jpg" alt="Product Image"></a><p>Blotting Paper for Flower Press by Berstuk® • Large A4 Flower Press Paper • Highly Absorbent and Reusable Herbarium Paper • Pack of 10 Blotter Paper Sheets</p><p>$6.99 ($69.90 / 100 Sheets)</p><a href="https://www.amazon.com/dp/B093FQ22PG?tag=eloabder-20&linkCode=osi&th=1&psc=1">View Product</a></div><div class="product"><a href="https://www.amazon.com/dp/B0C6PW4VGB?tag=eloabder-20&linkCode=osi&th=1&psc=1"><img src="https://m.media-amazon.com/images/I/21C64VB3iVL._SL500_.jpg" alt="Product Image"></a><p>PATIKIL 16"x12" Flower Press Paper, 1 Set/30 Sheet Refill Lining Blotter Paper Absorbent Reusable Blotting Paper for DIY Art Handicraft Scrapbook</p><p>$11.19</p><a href="https://www.amazon.com/dp/B0C6PW4VGB?tag=eloabder-20&linkCode=osi&th=1&psc=1">View Product</a></div><div class="product"><a href="https://www.amazon.com/dp/B0C6PTK915?tag=eloabder-20&linkCode=osi&th=1&psc=1"><img src="https://m.media-amazon.com/images/I/21UviFCGjtL._SL500_.jpg" alt="Product Image"></a><p>PATIKIL 12"x8" Flower Press Paper, 2 Set/60 Sheet Refill Lining Blotter Paper Absorbent Reusable Blotting Paper for DIY Art Handicraft Scrapbook</p><p>$13.69</p><a href="https://www.amazon.com/dp/B0C6PTK915?tag=eloabder-20&linkCode=osi&th=1&psc=1">View Product</a></div><div class="product"><a href="https://www.amazon.com/dp/B0CDJZ4MD7?tag=eloabder-20&linkCode=osi&th=1&psc=1"><img src="https://m.media-amazon.com/images/I/41iwkW+QQOL._SL500_.jpg" alt="Product Image"></a><p>30 PCS Blotting Paper for Flower Press Large A4 Flower Press Paper Highly Absorbent and Reusable Blotter Paper Refill Lining Paper for Flower Press Art Craft Scrapbook Making, 11.8 x 7.9 Inches Blue</p><p>$9.99</p><a href="https://www.amazon.com/dp/B0CDJZ4MD7?tag=eloabder-20&linkCode=osi&th=1&psc=1">View Product</a></div>

<div class="product"><a href="https://www.amazon.com/dp/B0D2T4F1DZ?tag=eloabder-20&linkCode=osi&th=1&psc=1"><img src="https://m.media-amazon.com/images/I/41KNcatyBWL._SL500_.jpg" alt="Product Image"></a><p>10pcs Book Cloth,14”x10”,Fabric Surface and Paper Backed, book cloth for book binding,book binding fabric,5 Colors Bookbinding Cloth for DIY fabric book cover,bookbinding paper (Style B)</p><p>$9.99</p><a href="https://www.amazon.com/dp/B0D2T4F1DZ?tag=eloabder-20&linkCode=osi&th=1&psc=1">View Product</a></div><div class="product"><a href="https://www.amazon.com/dp/B0CMD2LWR8?tag=eloabder-20&linkCode=osi&th=1&psc=1"><img src="https://m.media-amazon.com/images/I/31QVUZVSB+L._SL500_.jpg" alt="Product Image"></a><p>Mozeat Lens 33 ft Bookbinding Tape Book Tape Repair Book Binding Tape Cloth Book Repair Kit 2 Inch Wide Book Spine Tape Cloth Bookbinding Repair Tape White Book Tape for Reinforcing Book Spine Tape</p><p>$7.99</p><a href="https://www.amazon.com/dp/B0CMD2LWR8?tag=eloabder-20&linkCode=osi&th=1&psc=1">View Product</a></div><div class="product"><a href="https://www.amazon.com/dp/B0D1KC168C?tag=eloabder-20&linkCode=osi&th=1&psc=1"><img src="https://m.media-amazon.com/images/I/31wWgk-1V4L._SL500_.jpg" alt="Product Image"></a><p>AKONEGE Book Cloth for Book Binding 35 x 16 Inch Fabric Surface and Paper Backed, Strong, Easy to Use, Fabric Materials Bookbinding Supplies Bookcloth for Scrapbooking Album DIY Crafts, Black</p><p>$9.99</p><a href="https://www.amazon.com/dp/B0D1KC168C?tag=eloabder-20&linkCode=osi&th=1&psc=1">View Product</a></div><div class="product"><a href="https://www.amazon.com/dp/B0BC48CCWW?tag=eloabder-20&linkCode=osi&th=1&psc=1"><img src="https://m.media-amazon.com/images/I/41vTc+L-XyL._SL500_.jpg" alt="Product Image"></a><p>Wooqu Book Cloth, Fabric Surface and Paper Backed, Easy to Use, Strong, 17x29”, for Book Binding, Dark Green</p><p>$13.99</p><a href="https://www.amazon.com/dp/B0BC48CCWW?tag=eloabder-20&linkCode=osi&th=1&psc=1">View Product</a></div><div class="product"><a href="https://www.amazon.com/dp/B00W3S7LU4?tag=eloabder-20&linkCode=osi&th=1&psc=1"><img src="https://m.media-amazon.com/images/I/41mUL1LmSHS._SL500_.jpg" alt="Product Image"></a><p>BookGuard 2 inch Premium Bookbinding Repair Cloth Tape, 15 Yard Roll Burgundy</p><p>$14.95</p><a href="https://www.amazon.com/dp/B00W3S7LU4?tag=eloabder-20&linkCode=osi&th=1&psc=1">View Product</a></div>

<div class="product"><a href="https://www.amazon.com/dp/B08217DGL7?tag=eloabder-20&linkCode=osi&th=1&psc=1"><img src="https://m.media-amazon.com/images/I/51Gy-qfph7L._SL500_.jpg" alt="Product Image"></a><p>24 Colors Waxed Thread, Leather Sewing Thread,Hand Stitching Thread for Hand Sewing Leather and Bookbinding, 13Yards Per Color</p><p>$11.99 ($0.01 / Foot)</p><a href="https://www.amazon.com/dp/B08217DGL7?tag=eloabder-20&linkCode=osi&th=1&psc=1">View Product</a></div><div class="product"><a href="https://www.amazon.com/dp/B08GCHJ3FP?tag=eloabder-20&linkCode=osi&th=1&psc=1"><img src="https://m.media-amazon.com/images/I/41TK-XNxTFL._SL500_.jpg" alt="Product Image"></a><p>FANDOL 100% Natural Linen Thread Waxed thread for Bookbingding, Leather Sewing, Beading or Macrame (Natural)</p><p>$14.98</p><a href="https://www.amazon.com/dp/B08GCHJ3FP?tag=eloabder-20&linkCode=osi&th=1&psc=1">View Product</a></div><div class="product"><a href="https://www.amazon.com/dp/B0025U108E?tag=eloabder-20&linkCode=osi&th=1&psc=1"><img src="https://m.media-amazon.com/images/I/4172yrURiVL._SL500_.jpg" alt="Product Image"></a><p>Books by Hand Linen Thread, Archival Quality Natural Unbleached and Unwaxed, 50 Yards 35/3 Gauge, Ideal for Bookbinding and Sewing Signatures</p><p>$9.47</p><a href="https://www.amazon.com/dp/B0025U108E?tag=eloabder-20&linkCode=osi&th=1&psc=1">View Product</a></div><div class="product"><a href="https://www.amazon.com/dp/B08S78KLRN?tag=eloabder-20&linkCode=osi&th=1&psc=1"><img src="https://m.media-amazon.com/images/I/413NGMtJdrL._SL500_.jpg" alt="Product Image"></a><p>Jupean Waxed Thread, 150m /164Yards Beige Leather Waxed Thread, Leather Sewing Thread, Hand Stitching Thread for Hand Sewing Leather, Bookbinding, and Beginners Leather Craft DIY</p><p>$6.49 ($0.01 / Foot)</p><a href="https://www.amazon.com/dp/B08S78KLRN?tag=eloabder-20&linkCode=osi&th=1&psc=1">View Product</a></div><div class="product"><a href="https://www.amazon.com/dp/B015D9E6UM?tag=eloabder-20&linkCode=osi&th=1&psc=1"><img src="https://m.media-amazon.com/images/I/51VnWPI+Q5L._SL500_.jpg" alt="Product Image"></a><p>Lineco, Natural Waxed Linen Thread 20 Yards, Books by Hand Natural, Black, Brown Color for Sewing, Bookbinding (3/Pkg)</p><p>$13.77</p><a href="https://www.amazon.com/dp/B015D9E6UM?tag=eloabder-20&linkCode=osi&th=1&psc=1">View Product</a></div>
<div class="product"><a href="https://www.amazon.com/dp/B0CMD53C1C?tag=eloabder-20&linkCode=osi&th=1&psc=1"><img src="https://m.media-amazon.com/images/I/31dU4wqS0rL._SL500_.jpg" alt="Product Image"></a><p>5-in-1 Bookbinding Kit,Book Cover Guide, Bookbinding Cover Tool, Stainless Steel Book Binding Kit, Bookbinding Ruler, Scrapbooking Tools for Making Book Cover Chipboard Covers Album Planner</p><p>$7.88</p><a href="https://www.amazon.com/dp/B0CMD53C1C?tag=eloabder-20&linkCode=osi&th=1&psc=1">View Product</a></div>
<div class="product"><a href="https://www.amazon.com/dp/B007TIEG6U?tag=eloabder-20&linkCode=osi&th=1&psc=1"><img src="https://m.media-amazon.com/images/I/31d6r6R5lGL._SL500_.jpg" alt="Product Image"></a><p>Handy Art Empty 2 ounce Marker Bottle, Dauber Tip and Cap, 12-Each (900-003) , White</p><p>$23.12 ($1.93 / Count)</p><a href="https://www.amazon.com/dp/B007TIEG6U?tag=eloabder-20&linkCode=osi&th=1&psc=1">View Product</a></div>
<div class="product"><a href="https://www.amazon.com/dp/B07YDNKSH6?tag=eloabder-20&linkCode=osi&th=1&psc=1"><img src="https://m.media-amazon.com/images/I/41JGrHa7mSL._SL500_.jpg" alt="Product Image"></a><p>4-Inch Rubber Brayer Roller for Printmaking, Great for Gluing Application Also. (Original Version)</p><p>$6.99</p><a href="https://www.amazon.com/dp/B07YDNKSH6?tag=eloabder-20&linkCode=osi&th=1&psc=1">View Product</a></div>
<div class="product"><a href="https://www.amazon.com/dp/B005U7BNPE?tag=eloabder-20&linkCode=osi&th=1&psc=1"><img src="https://m.media-amazon.com/images/I/418YfTClSxL._SL500_.jpg" alt="Product Image"></a><p>Apple Barrel Acrylic Paint in Assorted Colors (2 oz), 20513, Bright Yellow</p><p>$0.58 ($0.29 / Fl Oz)</p><a href="https://www.amazon.com/dp/B005U7BNPE?tag=eloabder-20&linkCode=osi&th=1&psc=1">View Product</a></div><div class="product"><a href="https://www.amazon.com/dp/B099DWCRZ5?tag=eloabder-20&linkCode=osi&th=1&psc=1"><img src="https://m.media-amazon.com/images/I/41rr5hT-8TL._SL500_.jpg" alt="Product Image"></a><p>milo Fluorescent Acrylic Paint Set of 6 Colors | 4 oz Bottles | Student Neon Colors Acrylics Painting Pack | Made in the USA | Non-Toxic Art & Craft Paints for Artists, Kids, & Hobby Painters</p><p>$22.90 ($0.95 / Fl Oz)</p><a href="https://www.amazon.com/dp/B099DWCRZ5?tag=eloabder-20&linkCode=osi&th=1&psc=1">View Product</a></div><div class="product"><a href="https://www.amazon.com/dp/B07ZPPPWPL?tag=eloabder-20&linkCode=osi&th=1&psc=1"><img src="https://m.media-amazon.com/images/I/51Vqk2rrZwL._SL500_.jpg" alt="Product Image"></a><p>Apple Barrel, Pastel Dreams & Vivid Wonders Collection Acrylic Craft Paint, PROMOTCK, 2 fl oz each, 18 assorted matte colors, 18 count</p><p>$22.66 ($0.63 / Fl Oz)</p><a href="https://www.amazon.com/dp/B07ZPPPWPL?tag=eloabder-20&linkCode=osi&th=1&psc=1">View Product</a></div><div class="product"><a href="https://www.amazon.com/dp/B0CKQR52XC?tag=eloabder-20&linkCode=osi&th=1&psc=1"><img src="https://m.media-amazon.com/images/I/51WTPlhN2WL._SL500_.jpg" alt="Product Image"></a><p>ARTME Glow in The Dark Paint, 10 Bright Colors 60ml/2oz Blacklight Paint Set, Neon Craft Paint, Acrylic Glow Fluorescent Paint Perfect for Art Painting, DIY projects, Halloween and Christmas</p><p>$23.99 ($1.20 / Fl Oz)</p><a href="https://www.amazon.com/dp/B0CKQR52XC?tag=eloabder-20&linkCode=osi&th=1&psc=1">View Product</a></div><div class="product"><a href="https://www.amazon.com/dp/B09XXHBL3Y?tag=eloabder-20&linkCode=osi&th=1&psc=1"><img src="https://m.media-amazon.com/images/I/51taBeDdeIL._SL500_.jpg" alt="Product Image"></a><p>Fantastory Glow in the Dark Acrylic Paint, 10 Extra Bright Colors, 30ml/1oz Waterproof Glow in Dark Paint,Indoor Outdoor Blacklight Paint for Kids,Adults, Rocks,Walls,Halloween,Craft &Fabric</p><p>$9.99 ($1.00 / Fl Oz)</p><a href="https://www.amazon.com/dp/B09XXHBL3Y?tag=eloabder-20&linkCode=osi&th=1&psc=1">View Product</a></div><div class="product"><a href="https://www.amazon.com/dp/B0BS3JM8ZR?tag=eloabder-20&linkCode=osi&th=1&psc=1"><img src="https://m.media-amazon.com/images/I/51S8FteGgPL._SL500_.jpg" alt="Product Image"></a><p>Acrylic Paint, Shuttle Art 24 Colors Acrylic Paint Bottle Set, 250ml/8.45oz Each, Rich Pigments, High Viscosity, Bulk Paint for Artists, Beginners and Kids Painting on Rocks Crafts Canvas Wood Ceramic</p><p>$49.99 ($0.25 / Fl Oz)</p><a href="https://www.amazon.com/dp/B0BS3JM8ZR?tag=eloabder-20&linkCode=osi&th=1&psc=1">View Product</a></div><div class="product"><a href="https://www.amazon.com/dp/B00CIW3EDI?tag=eloabder-20&linkCode=osi&th=1&psc=1"><img src="https://m.media-amazon.com/images/I/41PMnxyBo5L._SL500_.jpg" alt="Product Image"></a><p>FolkArt Multi-Surface Acrylic Paint in Assorted Colors (2 oz), 2896, Bright Pink</p><p>$1.47 ($0.74 / Fl Oz)</p><a href="https://www.amazon.com/dp/B00CIW3EDI?tag=eloabder-20&linkCode=osi&th=1&psc=1">View Product</a></div><div class="product"><a href="https://www.amazon.com/dp/B085ZB5ZK9?tag=eloabder-20&linkCode=osi&th=1&psc=1"><img src="https://m.media-amazon.com/images/I/51nmRq1eicL._SL500_.jpg" alt="Product Image"></a><p>FolkArt 4 Bottle Multi-Surface Acrylic Paint Set, 2oz, Neon Blacklight Colors</p><p>$8.12 ($1.02 / Fl Oz)</p><a href="https://www.amazon.com/dp/B085ZB5ZK9?tag=eloabder-20&linkCode=osi&th=1&psc=1">View Product</a></div><div class="product"><a href="https://www.amazon.com/dp/B08N585VN5?tag=eloabder-20&linkCode=osi&th=1&psc=1"><img src="https://m.media-amazon.com/images/I/51nwFBdxwVL._SL500_.jpg" alt="Product Image"></a><p>Acrylic Paint Set Value Pack of 12 Colors | Craft Painting Kit with 2 oz Squeeze Bottles for Beginners, Artists, Professionals | Non-Toxic Water Based Paints for Canvas, Paper, Wood | Bright Hues</p><p>$11.99 ($0.50 / Fl Oz)</p><a href="https://www.amazon.com/dp/B08N585VN5?tag=eloabder-20&linkCode=osi&th=1&psc=1">View Product</a></div>
<div class="product"><a href="https://www.amazon.com/dp/B0009RRT9Y?tag=eloabder-20&linkCode=osi&th=1&psc=1"><img src="https://m.media-amazon.com/images/I/51ZhyYPOB5L._SL500_.jpg" alt="Product Image"></a><p>General Pencil Company The Masters Brush Cleaner & Preserver 2.5 0z.</p><p>$12.00</p><a href="https://www.amazon.com/dp/B0009RRT9Y?tag=eloabder-20&linkCode=osi&th=1&psc=1">View Product</a></div><div class="product"><a href="https://www.amazon.com/dp/B00F38YVQS?tag=eloabder-20&linkCode=osi&th=1&psc=1"><img src="https://m.media-amazon.com/images/I/51yjmSTzzML._SL500_.jpg" alt="Product Image"></a><p>B & J Original Brush Cleaner - 2.5 Oz/12ct Display</p><p>$12.77</p><a href="https://www.amazon.com/dp/B00F38YVQS?tag=eloabder-20&linkCode=osi&th=1&psc=1">View Product</a></div><div class="product"><a href="https://www.amazon.com/dp/B004BN7QQ8?tag=eloabder-20&linkCode=osi&th=1&psc=1"><img src="https://m.media-amazon.com/images/I/31fEWB-h4VL._SL500_.jpg" alt="Product Image"></a><p>Winsor & Newton Brush Cleaner & Restorer, 16.0-oz Bottle</p><p>$21.87 ($1.37 / Fl Oz)</p><a href="https://www.amazon.com/dp/B004BN7QQ8?tag=eloabder-20&linkCode=osi&th=1&psc=1">View Product</a></div><div class="product"><a href="https://www.amazon.com/dp/B09NCHL2LM?tag=eloabder-20&linkCode=osi&th=1&psc=1"><img src="https://m.media-amazon.com/images/I/31UzwasdL6L._SL500_.jpg" alt="Product Image"></a><p>U.S. Art Supply Brush Cleaner and Restorer, 4 Ounce Bottle - Quickly Cleans Paint Brushes, Airbrushes, Art Tools - Cleaning Solution to Remove Dried On Acrylic, Oil and Water-Based Paint Colors</p><p>$8.99 ($2.25 / Fl Oz)</p><a href="https://www.amazon.com/dp/B09NCHL2LM?tag=eloabder-20&linkCode=osi&th=1&psc=1">View Product</a></div><div class="product"><a href="https://www.amazon.com/dp/B09J8L55SK?tag=eloabder-20&linkCode=osi&th=1&psc=1"><img src="https://m.media-amazon.com/images/I/41qgWS2nSsL._SL500_.jpg" alt="Product Image"></a><p>Green Piece® Paint Brush Cleaner and Restorer for Art Paint Brushes - 100% Natural - Non-Toxic - Wet or Dry Paint - No Chemicals - Oil or Acrylic Paints, Wood and Metal - Amazing Power - 18 Oz</p><p>$19.88</p><a href="https://www.amazon.com/dp/B09J8L55SK?tag=eloabder-20&linkCode=osi&th=1&psc=1">View Product</a></div><div class="product"><a href="https://www.amazon.com/dp/B0027A79I2?tag=eloabder-20&linkCode=osi&th=1&psc=1"><img src="https://m.media-amazon.com/images/I/31J6S+mCjuL._SL500_.jpg" alt="Product Image"></a><p>Pink Soap 12-Ounce Paint Brush Cleaner and Conditioner, Solution Cleans and Restores, Removes Dried Paint on Airbrushes and Other Artist Tools & Supplies</p><p>$15.49 ($1.29 / Fl Oz)</p><a href="https://www.amazon.com/dp/B0027A79I2?tag=eloabder-20&linkCode=osi&th=1&psc=1">View Product</a></div><div class="product"><a href="https://www.amazon.com/dp/B0027AEANE?tag=eloabder-20&linkCode=osi&th=1&psc=1"><img src="https://m.media-amazon.com/images/I/51bHOLU1pVL._SL500_.jpg" alt="Product Image"></a><p>General Pencil General 105-BP Pencil Masters Brush Cleaner & Preserver, 1 Pack, Clear</p><p>$9.99 ($4.00 / Ounce)</p><a href="https://www.amazon.com/dp/B0027AEANE?tag=eloabder-20&linkCode=osi&th=1&psc=1">View Product</a></div>

<div class="product"><a href="https://www.amazon.com/dp/B00N9UUWLA?tag=eloabder-20&linkCode=osi&th=1&psc=1"><img src="https://m.media-amazon.com/images/I/41be4n09wZL._SL500_.jpg" alt="Product Image"></a><p>Pentel Arts Portable Pocket Brush Pen (Medium Point), 1Pen & 2Refills</p><p>$7.00</p><a href="https://www.amazon.com/dp/B00N9UUWLA?tag=eloabder-20&linkCode=osi&th=1&psc=1">View Product</a></div><div class="product"><a href="https://www.amazon.com/dp/B07DQ4292Y?tag=eloabder-20&linkCode=osi&th=1&psc=1"><img src="https://m.media-amazon.com/images/I/41-kgHpaPvL._SL500_.jpg" alt="Product Image"></a><p>Tombow 62039 Fudenosuke Brush Pens, 3-Pack. Soft, Hard, and Twin Tip Markers for Calligraphy and Art Drawings</p><p>$7.59 ($2.53 / Count)</p><a href="https://www.amazon.com/dp/B07DQ4292Y?tag=eloabder-20&linkCode=osi&th=1&psc=1">View Product</a></div><div class="product"><a href="https://www.amazon.com/dp/B0995FNMKW?tag=eloabder-20&linkCode=osi&th=1&psc=1"><img src="https://m.media-amazon.com/images/I/51kpGsTNvlL._SL500_.jpg" alt="Product Image"></a><p>WRITECH Arts Sign Brush Pen Brush Tip Marker Felt Tip Water Based Ink Color Pens 12 Assorted Vintage Colors Great for Lettering Journaling Calligraphy (Vintage)</p><p>$13.99 ($1.17 / Count)</p><a href="https://www.amazon.com/dp/B0995FNMKW?tag=eloabder-20&linkCode=osi&th=1&psc=1">View Product</a></div><div class="product"><a href="https://www.amazon.com/dp/B07H89R749?tag=eloabder-20&linkCode=osi&th=1&psc=1"><img src="https://m.media-amazon.com/images/I/51nTGZ-eAsL._SL500_.jpg" alt="Product Image"></a><p>Tombow Fudenosuke Brush Pen - Hard - 10 Colors Set (WS-BH10C)</p><p>$11.73</p><a href="https://www.amazon.com/dp/B07H89R749?tag=eloabder-20&linkCode=osi&th=1&psc=1">View Product</a></div><div class="product"><a href="https://www.amazon.com/dp/B002PIFTRE?tag=eloabder-20&linkCode=osi&th=1&psc=1"><img src="https://m.media-amazon.com/images/I/41IVnNPD1hL._SL500_.jpg" alt="Product Image"></a><p>Pentel Color Brush Pen, Black (GFLBP101)</p><p>$7.89</p><a href="https://www.amazon.com/dp/B002PIFTRE?tag=eloabder-20&linkCode=osi&th=1&psc=1">View Product</a></div>
<div class="product"><a href="https://www.amazon.com/dp/B0CLLSY2BT?tag=eloabder-20&linkCode=osi&th=1&psc=1"><img src="https://m.media-amazon.com/images/I/51sQM3lrN9L._SL500_.jpg" alt="Product Image"></a><p>CUGEBANNA Paint Brush Washer,Airtight Stainless Steel Brush Cleaner for Oil Painting Acrylic,Brush Washer with Cleaning Beads and Wringer</p><p>$22.99</p><a href="https://www.amazon.com/dp/B0CLLSY2BT?tag=eloabder-20&linkCode=osi&th=1&psc=1">View Product</a></div><div class="product"><a href="https://www.amazon.com/dp/B013PB35N4?tag=eloabder-20&linkCode=osi&th=1&psc=1"><img src="https://m.media-amazon.com/images/I/419miJHrhtL._SL500_.jpg" alt="Product Image"></a><p>US Art Supply Deluxe Brush Cleaner-Brush Washer with Wash Tank</p><p>$18.99</p><a href="https://www.amazon.com/dp/B013PB35N4?tag=eloabder-20&linkCode=osi&th=1&psc=1">View Product</a></div>
<div class="product"><a href="https://www.amazon.com/dp/B07GH7WGC3?tag=eloabder-20&linkCode=osi&th=1&psc=1"><img src="https://m.media-amazon.com/images/I/51vzX1OZI6L._SL500_.jpg" alt="Product Image"></a><p>BOSOBO Paint Brushes Set, 2 Pack 20 Pcs Round-Pointed Tip Paintbrushes Nylon Hair Artist Acrylic Paint Brushes for Acrylic Oil Watercolor, Face Nail Art, Miniature Detailing & Rock Painting, Blue</p><p>$7.49 ($0.37 / Count)</p><a href="https://www.amazon.com/dp/B07GH7WGC3?tag=eloabder-20&linkCode=osi&th=1&psc=1">View Product</a></div><div class="product"><a href="https://www.amazon.com/dp/B078XJ2DCJ?tag=eloabder-20&linkCode=osi&th=1&psc=1"><img src="https://m.media-amazon.com/images/I/616oHEXPN1S._SL500_.jpg" alt="Product Image"></a><p>Pro Grade - Chip Paint Brushes - 36-Pack - 2 Inch Chip Brush for Paints, Stains, Varnishes, Glues, & Gesso</p><p>$17.99</p><a href="https://www.amazon.com/dp/B078XJ2DCJ?tag=eloabder-20&linkCode=osi&th=1&psc=1">View Product</a></div>

<div class="product"><a href="https://www.amazon.com/dp/B000YQJVFA?tag=eloabder-20&linkCode=osi&th=1&psc=1"><img src="https://m.media-amazon.com/images/I/51so-OSRt+L._SL500_.jpg" alt="Product Image"></a><p>Winsor & Newton Calligraphy Ink, 30ml (1-oz) Bottle, Black</p><p>$10.07 ($10.07 / Count)</p><a href="https://www.amazon.com/dp/B000YQJVFA?tag=eloabder-20&linkCode=osi&th=1&psc=1">View Product</a></div><div class="product"><a href="https://www.amazon.com/dp/B0026SBYUE?tag=eloabder-20&linkCode=osi&th=1&psc=1"><img src="https://m.media-amazon.com/images/I/412Ga9k1q8L._SL500_.jpg" alt="Product Image"></a><p>Higgins Black Calligraphy Ink, 2.5 Ounce Bottle (44314)</p><p>$5.99</p><a href="https://www.amazon.com/dp/B0026SBYUE?tag=eloabder-20&linkCode=osi&th=1&psc=1">View Product</a></div><div class="product"><a href="https://www.amazon.com/dp/B0CXDBD77N?tag=eloabder-20&linkCode=osi&th=1&psc=1"><img src="https://m.media-amazon.com/images/I/41x1EZv3P3L._SL500_.jpg" alt="Product Image"></a><p>SEAMEW 250 ML/8.8 OZ Calligraphy and Sumi Liquid Ink - Versatile Elegance for Chinese Traditional Art Works and Japanese Brush Art</p><p>$11.49</p><a href="https://www.amazon.com/dp/B0CXDBD77N?tag=eloabder-20&linkCode=osi&th=1&psc=1">View Product</a></div><div class="product"><a href="https://www.amazon.com/dp/B0CR3ML8VS?tag=eloabder-20&linkCode=osi&th=1&psc=1"><img src="https://m.media-amazon.com/images/I/41fLIKySQZL._SL500_.jpg" alt="Product Image"></a><p>Hmayart Prepared Super Thick Liquid Black Ink for Japanese Brush Calligraphy & Chinese Traditional Artworks (MZ010 250g)</p><p>$11.99</p><a href="https://www.amazon.com/dp/B0CR3ML8VS?tag=eloabder-20&linkCode=osi&th=1&psc=1">View Product</a></div><div class="product"><a href="https://www.amazon.com/dp/B0039OQ0J4?tag=eloabder-20&linkCode=osi&th=1&psc=1"><img src="https://m.media-amazon.com/images/I/41RRlR55P9L._SL500_.jpg" alt="Product Image"></a><p>Daiso Sumi Calligraphy Liquid Ink in a 180ml Bottle (Japan Import)</p><p>$8.99</p><a href="https://www.amazon.com/dp/B0039OQ0J4?tag=eloabder-20&linkCode=osi&th=1&psc=1">View Product</a></div><div class="product"><a href="https://www.amazon.com/dp/B074KJ289G?tag=eloabder-20&linkCode=osi&th=1&psc=1"><img src="https://m.media-amazon.com/images/I/41FZT3aCChL._SL500_.jpg" alt="Product Image"></a><p>Easyou Redstar Liquid Ink for Professioanl Traditional Calligraphy and Brush Painting Chinese Ink Liquid (Black&1pcs*180ML)</p><p>$10.99</p><a href="https://www.amazon.com/dp/B074KJ289G?tag=eloabder-20&linkCode=osi&th=1&psc=1">View Product</a></div><div class="product"><a href="https://www.amazon.com/dp/B07JYJ6C1W?tag=eloabder-20&linkCode=osi&th=1&psc=1"><img src="https://m.media-amazon.com/images/I/51IAnrWkw6L._SL500_.jpg" alt="Product Image"></a><p>MZ001 HmayartBlack Sumi Liquid Ink for Japanese Brush Calligraphy & Chinese Traditional Artworks 250ml (black)</p><p>$13.99</p><a href="https://www.amazon.com/dp/B07JYJ6C1W?tag=eloabder-20&linkCode=osi&th=1&psc=1">View Product</a></div><div class="product"><a href="https://www.amazon.com/dp/B0894L9M2C?tag=eloabder-20&linkCode=osi&th=1&psc=1"><img src="https://m.media-amazon.com/images/I/51H5LBUAZcL._SL500_.jpg" alt="Product Image"></a><p>24 Colors Calligraphy Ink Set, Calligraphy Fountain Glass Dip Pen Color Ink Caligrapher Pen Ink Bottle Set, Gold Powder Drawing Writing Art Ink with Gift Box - 24 x 7ml</p><p>$21.98</p><a href="https://www.amazon.com/dp/B0894L9M2C?tag=eloabder-20&linkCode=osi&th=1&psc=1">View Product</a></div><div class="product"><a href="https://www.amazon.com/dp/B0C49WVM7L?tag=eloabder-20&linkCode=osi&th=1&psc=1"><img src="https://m.media-amazon.com/images/I/41zxtjGWS1L._SL500_.jpg" alt="Product Image"></a><p>AOKUY 24 Colors Calligraphy Ink Set,Calligraphy Inks,Colorful Dip Pen Ink Set,Gold Powder Drawing Writing Art Ink with Gift Box</p><p>$16.99</p><a href="https://www.amazon.com/dp/B0C49WVM7L?tag=eloabder-20&linkCode=osi&th=1&psc=1">View Product</a></div>
<div class="product"><a href="https://www.amazon.com/dp/B0007ZJ8QU?tag=eloabder-20&linkCode=osi&th=1&psc=1"><img src="https://m.media-amazon.com/images/I/41vTwN7L9NL._SL500_.jpg" alt="Product Image"></a><p>Speedball C-Series Lettering Pen Set - 1 Penholder w/ 6 Nibs</p><p>$11.99</p><a href="https://www.amazon.com/dp/B0007ZJ8QU?tag=eloabder-20&linkCode=osi&th=1&psc=1">View Product</a></div><div class="product"><a href="https://www.amazon.com/dp/B003IGNH30?tag=eloabder-20&linkCode=osi&th=1&psc=1"><img src="https://m.media-amazon.com/images/I/412WGB9WzGL._SL500_.jpg" alt="Product Image"></a><p>Speedball 30710 10 Pen Nib Assorted Set</p><p>$21.99</p><a href="https://www.amazon.com/dp/B003IGNH30?tag=eloabder-20&linkCode=osi&th=1&psc=1">View Product</a></div><div class="product"><a href="https://www.amazon.com/dp/B0CQTCZRYC?tag=eloabder-20&linkCode=osi&th=1&psc=1"><img src="https://m.media-amazon.com/images/I/41+d7oXaTvL._SL500_.jpg" alt="Product Image"></a><p>10PCS Oblique Calligraphy Dip Pen Set Comic Pen Nib Set Fluid Writer Pen, 2-in-1 Drawing Pen Holder with 8 Pieces Stainless Steel Pen Replacement Nibs Nib for Writing, Painting, Signing, Sketch</p><p>$6.49</p><a href="https://www.amazon.com/dp/B0CQTCZRYC?tag=eloabder-20&linkCode=osi&th=1&psc=1">View Product</a></div><div class="product"><a href="https://www.amazon.com/dp/B000BYQLT4?tag=eloabder-20&linkCode=osi&th=1&psc=1"><img src="https://m.media-amazon.com/images/I/41Tmn+y1-xL._SL500_.jpg" alt="Product Image"></a><p>Speedball Calligraphy Pen Set - 1 Penholder w/ 4 Nibs, 2 Pen Tips</p><p>$13.99</p><a href="https://www.amazon.com/dp/B000BYQLT4?tag=eloabder-20&linkCode=osi&th=1&psc=1">View Product</a></div><div class="product"><a href="https://www.amazon.com/dp/B0B3CVPWMF?tag=eloabder-20&linkCode=osi&th=1&psc=1"><img src="https://m.media-amazon.com/images/I/41Zw4tqW+HL._SL500_.jpg" alt="Product Image"></a><p>Mewutal 2Pcs/Set Comic Pen Nib Set Pen Nibs Replacements for Calligraphy Manga Writing Painting(Pumpkin Head Nib)</p><p>$7.99</p><a href="https://www.amazon.com/dp/B0B3CVPWMF?tag=eloabder-20&linkCode=osi&th=1&psc=1">View Product</a></div><div class="product"><a href="https://www.amazon.com/dp/B0BVR4M5X4?tag=eloabder-20&linkCode=osi&th=1&psc=1"><img src="https://m.media-amazon.com/images/I/515TyiGpQKL._SL500_.jpg" alt="Product Image"></a><p>Wonwood_direct Calligraphy set, 7 Calligraphy Pens with Different Nibs and 40 Ink Cartridges in 13 Colors for Beginner Writing Drawing for Greeting Card Signature Calligraphy (Type 1)</p><p>$15.99</p><a href="https://www.amazon.com/dp/B0BVR4M5X4?tag=eloabder-20&linkCode=osi&th=1&psc=1">View Product</a></div><div class="product"><a href="https://www.amazon.com/dp/B0BGRM97MF?tag=eloabder-20&linkCode=osi&th=1&psc=1"><img src="https://m.media-amazon.com/images/I/41vB7fs3VbL._SL500_.jpg" alt="Product Image"></a><p>Gullor A Bunch of Nibs for Comic Dip Pen, Assorted Calligraphy Dip Pen Nibs, Various Sizes and Shapes, 33 Nibs in Box</p><p>$9.99</p><a href="https://www.amazon.com/dp/B0BGRM97MF?tag=eloabder-20&linkCode=osi&th=1&psc=1">View Product</a></div>
<div class="product"><a href="https://www.amazon.com/dp/B000KNNVX0?tag=eloabder-20&linkCode=osi&th=1&psc=1"><img src="https://m.media-amazon.com/images/I/51RAGoN6UsL._SL500_.jpg" alt="Product Image"></a><p>Strathmore STR- 50 Sheet Tape Bound Calligraphy Pad, 8.5 by 11", White</p><p>$7.83</p><a href="https://www.amazon.com/dp/B000KNNVX0?tag=eloabder-20&linkCode=osi&th=1&psc=1">View Product</a></div><div class="product"><a href="https://www.amazon.com/dp/B00PGBVNM2?tag=eloabder-20&linkCode=osi&th=1&psc=1"><img src="https://m.media-amazon.com/images/I/51VvCXPD-QL._SL500_.jpg" alt="Product Image"></a><p>U.S. Art Supply (Pack of 2 Pads) - 9" x 12" Premium Calligraphic Practice Paper Pad, 19 Pound Bond (70gsm), Pad of 50-Sheets, Calligraphy Paper with Printed Practice Rule and Slanted Grid</p><p>$12.99</p><a href="https://www.amazon.com/dp/B00PGBVNM2?tag=eloabder-20&linkCode=osi&th=1&psc=1">View Product</a></div><div class="product"><a href="https://www.amazon.com/dp/B0CQ1VTM1R?tag=eloabder-20&linkCode=osi&th=1&psc=1"><img src="https://m.media-amazon.com/images/I/31pMzPI5pdL._SL500_.jpg" alt="Product Image"></a><p>50 Sheets Watercolor Paper 8 x 6inch Deckled Edge Paper 190 GSM Rough/Textured Handmade Paper Cotton Paper White Textured Paper for Watercolor, Writing Calligraphy, Invitations, Letters</p><p>$12.99 ($0.26 / Count)</p><a href="https://www.amazon.com/dp/B0CQ1VTM1R?tag=eloabder-20&linkCode=osi&th=1&psc=1">View Product</a></div><div class="product"><a href="https://www.amazon.com/dp/B0CGHVSX6W?tag=eloabder-20&linkCode=osi&th=1&psc=1"><img src="https://m.media-amazon.com/images/I/41pAexcoWlL._SL500_.jpg" alt="Product Image"></a><p>KYMY Chinese/Japanese Calligraphy Paper 100PCS, Sumi/Rice Paper for Writing Painting Drawing Practice, Chinese Brush Ink Xuan Paper, Half Sheng Shu (Half Raw Ripe) (34 x 34 cm (13.38 x 13.38 Inch))</p><p>$10.99 ($0.11 / Count)</p><a href="https://www.amazon.com/dp/B0CGHVSX6W?tag=eloabder-20&linkCode=osi&th=1&psc=1">View Product</a></div>
<div class="product"><a href="https://www.amazon.com/dp/B08FCZC2R3?tag=eloabder-20&linkCode=osi&th=1&psc=1"><img src="https://m.media-amazon.com/images/I/51TWqPlqpfL._SL500_.jpg" alt="Product Image"></a><p>Craft 'n' Beyond Calligraphy Brush Pens Pack of 3 Small, Medium and Large Markers for Hand Lettering, Art Drawing, Sketching, Scrapbooking, Journaling - Beginner Kit with Fadeproof Black Ink</p><p>$5.49</p><a href="https://www.amazon.com/dp/B08FCZC2R3?tag=eloabder-20&linkCode=osi&th=1&psc=1">View Product</a></div><div class="product"><a href="https://www.amazon.com/dp/B0B67TWWDG?tag=eloabder-20&linkCode=osi&th=1&psc=1"><img src="https://m.media-amazon.com/images/I/5188ARIL9sL._SL500_.jpg" alt="Product Image"></a><p>Brusarth Calligraphy Pens, 8 Size Calligraphy Pens for Writing, Brush Pens Calligraphy Set for Beginners, Hand Lettering Pens, Brush Markers Set, Black Ink Drawing Pens</p><p>$8.95</p><a href="https://www.amazon.com/dp/B0B67TWWDG?tag=eloabder-20&linkCode=osi&th=1&psc=1">View Product</a></div><div class="product"><a href="https://www.amazon.com/dp/B000SHQFEA?tag=eloabder-20&linkCode=osi&th=1&psc=1"><img src="https://m.media-amazon.com/images/I/41sx3qStImL._SL500_.jpg" alt="Product Image"></a><p>edding 1255 calligraphy pen - black - 3 pens - calligraphy nib 2 - 5 mm - fibre pens for paper, wood, terracotta, canvas - hand lettering, bullet journals, thank you cards, calligraphy books</p><p>$6.50</p><a href="https://www.amazon.com/dp/B000SHQFEA?tag=eloabder-20&linkCode=osi&th=1&psc=1">View Product</a></div><div class="product"><a href="https://www.amazon.com/dp/B001DKJLEC?tag=eloabder-20&linkCode=osi&th=1&psc=1"><img src="https://m.media-amazon.com/images/I/41x7A8wo7YL._SL500_.jpg" alt="Product Image"></a><p>Speedball Elegant Writer Calligraphy 4 Marker Set, Black, 2.0 mm, 2.5 mm & 3.0 mm Chisel Nib Tip Pens for Drawing, Journaling, and Scrapbooking</p><p>$9.99 ($2.50 / Count)</p><a href="https://www.amazon.com/dp/B001DKJLEC?tag=eloabder-20&linkCode=osi&th=1&psc=1">View Product</a></div><div class="product"><a href="https://www.amazon.com/dp/B08RYWH185?tag=eloabder-20&linkCode=osi&th=1&psc=1"><img src="https://m.media-amazon.com/images/I/51GFkyfC3iL._SL500_.jpg" alt="Product Image"></a><p>Piochoo Calligraphy Pens,8 Size Calligraphy Pens for Writing,Brush Pens Calligraphy Set for Beginners, Hand Lettering Pens</p><p>$12.99</p><a href="https://www.amazon.com/dp/B08RYWH185?tag=eloabder-20&linkCode=osi&th=1&psc=1">View Product</a></div>
<div class="product"><a href="https://www.amazon.com/dp/B0C66K9NHR?tag=eloabder-20&linkCode=osi&th=1&psc=1"><img src="https://m.media-amazon.com/images/I/51As2T+7gzL._SL500_.jpg" alt="Product Image"></a><p>Calligraphy Kit for Beginners - Calligraphy Pen Set with Calligraphy Workbook</p><p>$26.89</p><a href="https://www.amazon.com/dp/B0C66K9NHR?tag=eloabder-20&linkCode=osi&th=1&psc=1">View Product</a></div><div class="product"><a href="https://www.amazon.com/dp/B081J6QLZN?tag=eloabder-20&linkCode=osi&th=1&psc=1"><img src="https://m.media-amazon.com/images/I/41lK2Gw0JZL._SL500_.jpg" alt="Product Image"></a><p>Trustela Calligraphy Set for Beginners, Dip Pen Set with 19 Nibs, Oblique Pen Holder, Wooden Pen Set</p><p>$21.99</p><a href="https://www.amazon.com/dp/B081J6QLZN?tag=eloabder-20&linkCode=osi&th=1&psc=1">View Product</a></div><div class="product"><a href="https://www.amazon.com/dp/B0BCVDNPRJ?tag=eloabder-20&linkCode=osi&th=1&psc=1"><img src="https://m.media-amazon.com/images/I/51J-hFN4AeL._SL500_.jpg" alt="Product Image"></a><p>GC QUILL Calligraphy Pens Set 64pcs - Calligraphy Fountain Pen Set with 3 Fountain Pens, 7 Varied Nibs, 54 Ink Cartridges(10 Colors) - Writing, Drawing and Calligraphy Practice for beginner GC-F354</p><p>$23.99</p><a href="https://www.amazon.com/dp/B0BCVDNPRJ?tag=eloabder-20&linkCode=osi&th=1&psc=1">View Product</a></div>
<div class="product"><a href="https://www.amazon.com/dp/B092Q8BQC1?tag=eloabder-20&linkCode=osi&th=1&psc=1"><img src="https://m.media-amazon.com/images/I/51gdXkGIguS._SL500_.jpg" alt="Product Image"></a><p>AIYNC Feather Calligraphy Pen Ink Set, Includes Quill Pen and Wooden Dip Pen, Ink,17 Replacement Nib, Pen Base, 3 Wax Seal Sticks, Stamp, White Wax, Spoon, Envelope Letter Paper, Envelope Tool(Green)</p><p>$22.99</p><a href="https://www.amazon.com/dp/B092Q8BQC1?tag=eloabder-20&linkCode=osi&th=1&psc=1">View Product</a></div>
<div class="product"><a href="https://www.amazon.com/dp/B09J228BSF?tag=eloabder-20&linkCode=osi&th=1&psc=1"><img src="https://m.media-amazon.com/images/I/61MByvIyHGL._SL500_.jpg" alt="Product Image"></a><p>Candle dye - 18 Colors Liquid Oil-Based dye for Candle Wax, Vivid Candle Color for DIY Candle Making, Highly Concentrate Natural Candle Color</p><p>$15.59 ($2.47 / Fl Oz)</p><a href="https://www.amazon.com/dp/B09J228BSF?tag=eloabder-20&linkCode=osi&th=1&psc=1">View Product</a></div><div class="product"><a href="https://www.amazon.com/dp/B06Y3T5RV4?tag=eloabder-20&linkCode=osi&th=1&psc=1"><img src="https://m.media-amazon.com/images/I/61yZyP8eZTL._SL500_.jpg" alt="Product Image"></a><p>Candle Dyes for Soy Candle Making - Wax Сolor Dye Color Chips for Soy Wax - 16 Popular Colors Wax Dye Flakes</p><p>$16.99 ($10.62 / Ounce)</p><a href="https://www.amazon.com/dp/B06Y3T5RV4?tag=eloabder-20&linkCode=osi&th=1&psc=1">View Product</a></div><div class="product"><a href="https://www.amazon.com/dp/B0CMCPGLQZ?tag=eloabder-20&linkCode=osi&th=1&psc=1"><img src="https://m.media-amazon.com/images/I/51G9e-Epa0L._SL500_.jpg" alt="Product Image"></a><p>Candle Dye - 12 Colors Wax Melt Dye for Candle Making, Oil-Based Dye for Wax, Highly Concentrate Liquid Candle Color Dye</p><p>$8.99</p><a href="https://www.amazon.com/dp/B0CMCPGLQZ?tag=eloabder-20&linkCode=osi&th=1&psc=1">View Product</a></div><div class="product"><a href="https://www.amazon.com/dp/B09GLMZ5PS?tag=eloabder-20&linkCode=osi&th=1&psc=1"><img src="https://m.media-amazon.com/images/I/51SCG6n6Y4L._SL500_.jpg" alt="Product Image"></a><p>OSBANG Oil-Based Candle Color Dye Non-Toxic Non-Irritating 20 Colors for DIY Candle Making Supplies - Vibrant Concentrated Candle Coloring for Soy Wax Dyes, Beeswax, Gel Wax, Candle Making Kit</p><p>$14.99 ($2.22 / Fl Oz)</p><a href="https://www.amazon.com/dp/B09GLMZ5PS?tag=eloabder-20&linkCode=osi&th=1&psc=1">View Product</a></div><div class="product"><a href="https://www.amazon.com/dp/B0C8D2X4F1?tag=eloabder-20&linkCode=osi&th=1&psc=1"><img src="https://m.media-amazon.com/images/I/51e0mqPDEJL._SL500_.jpg" alt="Product Image"></a><p>Candle Dye - 14 Colors Highly Concentrate Oil-Based Liquid Candle Dye Kit, Candle Dyes for Candle Making, Beeswax, Gel Wax, Paraffin Wax - Each 0.35 fl oz</p><p>$9.99</p><a href="https://www.amazon.com/dp/B0C8D2X4F1?tag=eloabder-20&linkCode=osi&th=1&psc=1">View Product</a></div>

<div class="product"><a href="https://www.amazon.com/dp/B0C6FHSQR7?tag=eloabder-20&linkCode=osi&th=1&psc=1"><img src="https://m.media-amazon.com/images/I/41hBOCPELBL._SL500_.jpg" alt="Product Image"></a><p>Mold Release, Silicone Mold Release Spray (16.9 fl oz / 500ml) Mold Release for Epoxy Resin and Candle Mold Release Spray (1 Pack Mega Size)</p><p>$9.99 ($0.59 / Fl Oz)</p><a href="https://www.amazon.com/dp/B0C6FHSQR7?tag=eloabder-20&linkCode=osi&th=1&psc=1">View Product</a></div>
<div class="product"><a href="https://www.amazon.com/dp/B015W8DWUO?tag=eloabder-20&linkCode=osi&th=1&psc=1"><img src="https://m.media-amazon.com/images/I/41umHqV4zhL._SL500_.jpg" alt="Product Image"></a><p>EricX Light 100 Piece Cotton Candle Wick 6" Pre-Waxed for Candle Making,Candle DIY</p><p>$5.35</p><a href="https://www.amazon.com/dp/B015W8DWUO?tag=eloabder-20&linkCode=osi&th=1&psc=1">View Product</a></div><div class="product"><a href="https://www.amazon.com/dp/B08XZB43NZ?tag=eloabder-20&linkCode=osi&th=1&psc=1"><img src="https://m.media-amazon.com/images/I/51cyFvwhpJL._SL500_.jpg" alt="Product Image"></a><p>Candle Wicks 100 Pcs 6 inch with 30Pcs Candle Wick Stickers and 10 Pcs Wooden Candle Wick Centering Device for Soy Beeswax Candle Making and Candle DIY</p><p>$4.99</p><a href="https://www.amazon.com/dp/B08XZB43NZ?tag=eloabder-20&linkCode=osi&th=1&psc=1">View Product</a></div><div class="product"><a href="https://www.amazon.com/dp/B084ZSZQ4T?tag=eloabder-20&linkCode=osi&th=1&psc=1"><img src="https://m.media-amazon.com/images/I/41vLRbXIHhL._SL500_.jpg" alt="Product Image"></a><p>Candle Wick,100 Piece Candle Wicks for Candle Making DIY, 6 Inch Pre-Waxed Cotton Wick with Tabs</p><p>$4.79</p><a href="https://www.amazon.com/dp/B084ZSZQ4T?tag=eloabder-20&linkCode=osi&th=1&psc=1">View Product</a></div><div class="product"><a href="https://www.amazon.com/dp/B097D7S6KB?tag=eloabder-20&linkCode=osi&th=1&psc=1"><img src="https://m.media-amazon.com/images/I/41jpnnrDAjL._SL500_.jpg" alt="Product Image"></a><p>CandMak Candle Wick Kit, 60 Cotton Candle Wicks with Candle Making Tools for Candle Making (Thick 4"+6"+8")</p><p>$5.99</p><a href="https://www.amazon.com/dp/B097D7S6KB?tag=eloabder-20&linkCode=osi&th=1&psc=1">View Product</a></div><div class="product"><a href="https://www.amazon.com/dp/B08DLSG8NW?tag=eloabder-20&linkCode=osi&th=1&psc=1"><img src="https://m.media-amazon.com/images/I/41QkciWLWjL._SL500_.jpg" alt="Product Image"></a><p>Bulk 6inch Candle Wicks 100 Pcs with 60Pcs Candle Wick Stickers and 10 Pcs Wooden Candle Wick Centering Device for Soy Beeswax Candle Making (6inch)</p><p>$5.45</p><a href="https://www.amazon.com/dp/B08DLSG8NW?tag=eloabder-20&linkCode=osi&th=1&psc=1">View Product</a></div><div class="product"><a href="https://www.amazon.com/dp/B08Z334W66?tag=eloabder-20&linkCode=osi&th=1&psc=1"><img src="https://m.media-amazon.com/images/I/51nsfCzAwwL._SL500_.jpg" alt="Product Image"></a><p>DINGPAI 100pcs Cotton Candle Wicks, 6 inches Low Smoke Pre-Waxed Candle Wicks for Candle Making, Candle DIY</p><p>$4.99</p><a href="https://www.amazon.com/dp/B08Z334W66?tag=eloabder-20&linkCode=osi&th=1&psc=1">View Product</a></div><div class="product"><a href="https://www.amazon.com/dp/B0BV1NCQ28?tag=eloabder-20&linkCode=osi&th=1&psc=1"><img src="https://m.media-amazon.com/images/I/41lmQ4K9ccL._SL500_.jpg" alt="Product Image"></a><p>Ziosxin 100pcs Smokeless Cherry Wood Candle Wicks, Long Lasting Flame, Easily Burn, Natural Candle Cores with Stand and Glue Dot, Warning Label for DIY Candle Making</p><p>$9.99</p><a href="https://www.amazon.com/dp/B0BV1NCQ28?tag=eloabder-20&linkCode=osi&th=1&psc=1">View Product</a></div><div class="product"><a href="https://www.amazon.com/dp/B08LPKTVZW?tag=eloabder-20&linkCode=osi&th=1&psc=1"><img src="https://m.media-amazon.com/images/I/41AtaynrIqL._SL500_.jpg" alt="Product Image"></a><p>BEADNOVA Candle Cotton Wicks 4 Inch 150pcs Short Candle Making Wicks Cotton Wicks for Candle Making DIY</p><p>$4.99</p><a href="https://www.amazon.com/dp/B08LPKTVZW?tag=eloabder-20&linkCode=osi&th=1&psc=1">View Product</a></div><div class="product"><a href="https://www.amazon.com/dp/B0925G2VBY?tag=eloabder-20&linkCode=osi&th=1&psc=1"><img src="https://m.media-amazon.com/images/I/51EzgDRsxoL._SL500_.jpg" alt="Product Image"></a><p>CHEFBEE 200 FT Organic Hemp Wick, Hemp Wick Well Coated Natural Beeswax for Hemp Wick Lighter or Candle Making, Slow Burn, No Dripping, Standard Size(1.1mm)</p><p>$6.99</p><a href="https://www.amazon.com/dp/B0925G2VBY?tag=eloabder-20&linkCode=osi&th=1&psc=1">View Product</a></div>
<div class="product"><a href="https://www.amazon.com/dp/B0BJZYCQV3?tag=eloabder-20&linkCode=osi&th=1&psc=1"><img src="https://m.media-amazon.com/images/I/41dS7xm9bKL._SL500_.jpg" alt="Product Image"></a><p>Simetufy Canvas Boards for Painting 12 Pack,8 x 10 Inch Painting Canvas Panels, Blank Canvas for Painting- Gesso Primed Acid-Free 100% Cotton for Acrylics Oil Watercolor Tempera Paints</p><p>$12.99</p><a href="https://www.amazon.com/dp/B0BJZYCQV3?tag=eloabder-20&linkCode=osi&th=1&psc=1">View Product</a></div><div class="product"><a href="https://www.amazon.com/dp/B085F4JH1H?tag=eloabder-20&linkCode=osi&th=1&psc=1"><img src="https://m.media-amazon.com/images/I/41l7Efp7ILL._SL500_.jpg" alt="Product Image"></a><p>KEFF Canvas Boards for Painting - 24 Pack - Art Supplies Paint Canvas 5x7, 8x10, 9x12, 11x14 Canvas Panels, 100% Cotton Pre-Primed Large Canvas for Painting Supplies, Acrylic, Oil, Watercolor, Tempera</p><p>$24.99</p><a href="https://www.amazon.com/dp/B085F4JH1H?tag=eloabder-20&linkCode=osi&th=1&psc=1">View Product</a></div><div class="product"><a href="https://www.amazon.com/dp/B0CMXFTNDC?tag=eloabder-20&linkCode=osi&th=1&psc=1"><img src="https://m.media-amazon.com/images/I/41WZD2Y6GfL._SL500_.jpg" alt="Product Image"></a><p>ESRICH Canvas Boards for Painting, 5 Pack Canvases for Painting 8x10 Cotton Primed Acid Free Blank Canvas Panels for Oil Paint, Watercolor, Acrylic Paint, Gouache and Tempera.</p><p>$5.99</p><a href="https://www.amazon.com/dp/B0CMXFTNDC?tag=eloabder-20&linkCode=osi&th=1&psc=1">View Product</a></div><div class="product"><a href="https://www.amazon.com/dp/B0C6LMPMPJ?tag=eloabder-20&linkCode=osi&th=1&psc=1"><img src="https://m.media-amazon.com/images/I/51QF5c5qRiL._SL500_.jpg" alt="Product Image"></a><p>Simetufy Canvas Boards for Painting 32 Pack, Paint Canvas Panels Set - 5x7, 8x10, 9x12, 11x14 Inches, Pre-Primed 100% Cotton Blank Canvases for Oil Acrylic Watercolor Pouring Paint for Kids & Artists</p><p>$24.99</p><a href="https://www.amazon.com/dp/B0C6LMPMPJ?tag=eloabder-20&linkCode=osi&th=1&psc=1">View Product</a></div><div class="product"><a href="https://www.amazon.com/dp/B0CSD8VYYM?tag=eloabder-20&linkCode=osi&th=1&psc=1"><img src="https://m.media-amazon.com/images/I/41PeXd8MwvL._SL500_.jpg" alt="Product Image"></a><p>4 Pack 11x14 Inch Canvas Boards for Painting, Blank Canvases for Painting,Triple Primed for Oil & Acrylic Paints,100% Cotton Canvas Panels for Acrylics Oil Watercolor Tempera Paints,3mm Thickness</p><p>$8.49</p><a href="https://www.amazon.com/dp/B0CSD8VYYM?tag=eloabder-20&linkCode=osi&th=1&psc=1">View Product</a></div><div class="product"><a href="https://www.amazon.com/dp/B0D59RDVM5?tag=eloabder-20&linkCode=osi&th=1&psc=1"><img src="https://m.media-amazon.com/images/I/519TRFsibfL._SL500_.jpg" alt="Product Image"></a><p>Paroto Canvas Boards for Painting 12 Pack, Multi-Size Painting Canvas Set 5x7, 8x10, 10x12, 12x16 Inches, 100% Cotton Blank Canvas Oil Acrylic Watercolor Pouring Paint for Kids, Beginners, Artists</p><p>$23.99</p><a href="https://www.amazon.com/dp/B0D59RDVM5?tag=eloabder-20&linkCode=osi&th=1&psc=1">View Product</a></div><div class="product"><a href="https://www.amazon.com/dp/B0CSD8YM4L?tag=eloabder-20&linkCode=osi&th=1&psc=1"><img src="https://m.media-amazon.com/images/I/41ZgWqkIMFL._SL500_.jpg" alt="Product Image"></a><p>4 Pack 8x10 Inch Canvas Boards for Painting, Blank Canvases for Painting,Triple Primed for Oil & Acrylic Paints, 100% Cotton Canvas Panels, 3mm Thickness</p><p>$3.99</p><a href="https://www.amazon.com/dp/B0CSD8YM4L?tag=eloabder-20&linkCode=osi&th=1&psc=1">View Product</a></div><div class="product"><a href="https://www.amazon.com/dp/B0CQFTW7MH?tag=eloabder-20&linkCode=osi&th=1&psc=1"><img src="https://m.media-amazon.com/images/I/41PiitKvQTL._SL500_.jpg" alt="Product Image"></a><p>Simetufy 4 Pack Canvas Boards for Painting 12x16 inch, Canvases for Painting, Gesso Primed Acid-Free 100% Cotton Large Canvas Panels for Acrylics Oil Watercolor Tempera Paints</p><p>$11.99</p><a href="https://www.amazon.com/dp/B0CQFTW7MH?tag=eloabder-20&linkCode=osi&th=1&psc=1">View Product</a></div>
<div class="product"><a href="https://www.amazon.com/dp/B07D6V7H85?tag=eloabder-20&linkCode=osi&th=1&psc=1"><img src="https://m.media-amazon.com/images/I/41EEPf6prIL._SL500_.jpg" alt="Product Image"></a><p>U.S. Art Supply 36" Wide x 6 Yards (18 Feet) Long Unstretched Canvas Roll - 100% Cotton, 12-Ounce Triple Primed Gesso, Acid-Free - Pro Artist Quality, Oil & Acrylic Painting, Murals Backdrop, Cut Size</p><p>$49.99</p><a href="https://www.amazon.com/dp/B07D6V7H85?tag=eloabder-20&linkCode=osi&th=1&psc=1">View Product</a></div><div class="product"><a href="https://www.amazon.com/dp/B0C98L44GG?tag=eloabder-20&linkCode=osi&th=1&psc=1"><img src="https://m.media-amazon.com/images/I/31gEyNH9+sL._SL500_.jpg" alt="Product Image"></a><p>Kinlop Double Primed Cotton Canvas White Canvas Roll for Oil and Acrylic Paint (20 Feet x 48 Inch)</p><p>$38.99</p><a href="https://www.amazon.com/dp/B0C98L44GG?tag=eloabder-20&linkCode=osi&th=1&psc=1">View Product</a></div><div class="product"><a href="https://www.amazon.com/dp/B0CLSXCD1W?tag=eloabder-20&linkCode=osi&th=1&psc=1"><img src="https://m.media-amazon.com/images/I/414jbnjcrQL._SL500_.jpg" alt="Product Image"></a><p>U.S. Art Supply 10-Ounce Unprimed 63" Wide x 2 Yards (6 Feet) Long Heavyweight Unstretched Canvas Roll - 100% Cotton, Woven - Oil & Acrylic Painting, Murals, Backdrop - Cut To Stretcher Bar Frame Size</p><p>$24.99</p><a href="https://www.amazon.com/dp/B0CLSXCD1W?tag=eloabder-20&linkCode=osi&th=1&psc=1">View Product</a></div><div class="product"><a href="https://www.amazon.com/dp/B09MCHDSPR?tag=eloabder-20&linkCode=osi&th=1&psc=1"><img src="https://m.media-amazon.com/images/I/41S+37Lx2wL._SL500_.jpg" alt="Product Image"></a><p>100% Natural Cotton 7 oz Canvas Fabric (Duck), 63 Inches Wide X 3 Yards Long</p><p>$29.95</p><a href="https://www.amazon.com/dp/B09MCHDSPR?tag=eloabder-20&linkCode=osi&th=1&psc=1">View Product</a></div><div class="product"><a href="https://www.amazon.com/dp/B07VX9TLM1?tag=eloabder-20&linkCode=osi&th=1&psc=1"><img src="https://m.media-amazon.com/images/I/41-bqGVrblL._SL500_.jpg" alt="Product Image"></a><p>Premium Polyster Matte Canvas Roll, Quick Dry, Wide Format Inkjet Printer Compatible, Perfect for Fine Art, Photography, Giclée Printing, Archival Quality Prints. (24"x60' 290gsm Polyester)</p><p>$69.99</p><a href="https://www.amazon.com/dp/B07VX9TLM1?tag=eloabder-20&linkCode=osi&th=1&psc=1">View Product</a></div><div class="product"><a href="https://www.amazon.com/dp/B079VP3F1B?tag=eloabder-20&linkCode=osi&th=1&psc=1"><img src="https://m.media-amazon.com/images/I/31eaUH1-cWL._SL500_.jpg" alt="Product Image"></a><p>VViViD Double Primed Cotton Canvas 12" Wide Roll Choose Your Size! (10ft x 12" Roll)</p><p>$16.88</p><a href="https://www.amazon.com/dp/B079VP3F1B?tag=eloabder-20&linkCode=osi&th=1&psc=1">View Product</a></div><div class="product"><a href="https://www.amazon.com/dp/B09954KKH3?tag=eloabder-20&linkCode=osi&th=1&psc=1"><img src="https://m.media-amazon.com/images/I/41SwQCPSmAL._SL500_.jpg" alt="Product Image"></a><p>Polyester Canvas Roll Professional Matte Canvas Roll Wide format Inkjet Printing For Printing Drawing Oil Acrylic Or Water-Based Painting (200GSM Polyester 36"x100ft)</p><p>$123.99</p><a href="https://www.amazon.com/dp/B09954KKH3?tag=eloabder-20&linkCode=osi&th=1&psc=1">View Product</a></div>
<div class="product"><a href="https://www.amazon.com/dp/B003A2I5T8?tag=eloabder-20&linkCode=osi&th=1&psc=1"><img src="https://m.media-amazon.com/images/I/41LvtrGFjVL._SL500_.jpg" alt="Product Image"></a><p>Astrobrights/Neenah Bright White Cardstock, 8.5" x 11", 65 lb/176 gsm, White, 75 Sheets (90905-02) - Packaging May Vary</p><p>$6.99</p><a href="https://www.amazon.com/dp/B003A2I5T8?tag=eloabder-20&linkCode=osi&th=1&psc=1">View Product</a></div><div class="product"><a href="https://www.amazon.com/dp/B00006IDRW?tag=eloabder-20&linkCode=osi&th=1&psc=1"><img src="https://m.media-amazon.com/images/I/412xLv5ae7L._SL500_.jpg" alt="Product Image"></a><p>Neenah Premium Cardstock, 8.5" x 11", 65 lb/176 gsm, Bright White, 250 Sheets (91904)</p><p>$14.29</p><a href="https://www.amazon.com/dp/B00006IDRW?tag=eloabder-20&linkCode=osi&th=1&psc=1">View Product</a></div><div class="product"><a href="https://www.amazon.com/dp/B07FX5LCXK?tag=eloabder-20&linkCode=osi&th=1&psc=1"><img src="https://m.media-amazon.com/images/I/41n9D1rlKgL._SL500_.jpg" alt="Product Image"></a><p>Printworks White Cardstock, 67 lb, 92 Bright, FSC Certified, Perfect for School and Craft Projects, 8.5 x 11 Inch, 100 Sheets (00540)</p><p>$11.49</p><a href="https://www.amazon.com/dp/B07FX5LCXK?tag=eloabder-20&linkCode=osi&th=1&psc=1">View Product</a></div><div class="product"><a href="https://www.amazon.com/dp/B07QQ3L753?tag=eloabder-20&linkCode=osi&th=1&psc=1"><img src="https://m.media-amazon.com/images/I/41n0Ue3DLbL._SL500_.jpg" alt="Product Image"></a><p>Neenah White Index Paper, Mediumweight, 300 Sheets, 199 gsm, 94 Brightness, 8.5" x 11" - MORE SHEETS! (91635)</p><p>$15.99</p><a href="https://www.amazon.com/dp/B07QQ3L753?tag=eloabder-20&linkCode=osi&th=1&psc=1">View Product</a></div><div class="product"><a href="https://www.amazon.com/dp/B07D4YF3K4?tag=eloabder-20&linkCode=osi&th=1&psc=1"><img src="https://m.media-amazon.com/images/I/41ffykOOE7L._SL500_.jpg" alt="Product Image"></a><p>Neenah Index Cardstock, 8.5" x 11", 90 lb/163 gsm, White, Lightweight, 94 Brightness, 300 Sheets (91437)</p><p>$19.24</p><a href="https://www.amazon.com/dp/B07D4YF3K4?tag=eloabder-20&linkCode=osi&th=1&psc=1">View Product</a></div><div class="product"><a href="https://www.amazon.com/dp/B08DCF5B4P?tag=eloabder-20&linkCode=osi&th=1&psc=1"><img src="https://m.media-amazon.com/images/I/41GRzmuulDL._SL500_.jpg" alt="Product Image"></a><p>Hammermill White Cardstock, 110 Lb, 8.5 x 11 Colored Cardstock, 1 Pack (200 Sheets) - Thick Card Stock, Made in the USA, 168380R</p><p>$13.32</p><a href="https://www.amazon.com/dp/B08DCF5B4P?tag=eloabder-20&linkCode=osi&th=1&psc=1">View Product</a></div><div class="product"><a href="https://www.amazon.com/dp/B0CYPPHFV9?tag=eloabder-20&linkCode=osi&th=1&psc=1"><img src="https://m.media-amazon.com/images/I/51IQR4E5R1L._SL500_.jpg" alt="Product Image"></a><p>96 Sheets Colored Cardstock 24 Colors, 8.5x11 Color Cardstock Bulk, 200gsm/75lb Assorted Colors Construction Paper for Printing, Card Making, Die Cutting, Crafts, Scrapbooking, Party Decorations</p><p>$12.99</p><a href="https://www.amazon.com/dp/B0CYPPHFV9?tag=eloabder-20&linkCode=osi&th=1&psc=1">View Product</a></div><div class="product"><a href="https://www.amazon.com/dp/B07QNMF4ZP?tag=eloabder-20&linkCode=osi&th=1&psc=1"><img src="https://m.media-amazon.com/images/I/41mVi2qUcyL._SL500_.jpg" alt="Product Image"></a><p>Printworks White Cardstock, Standard, 67 lb. Vellum, 92 Bright, 250 sheets, 8.5 x 11, For Office, Home & School Printing, Craft Projects (00564)</p><p>$12.92</p><a href="https://www.amazon.com/dp/B07QNMF4ZP?tag=eloabder-20&linkCode=osi&th=1&psc=1">View Product</a></div><div class="product"><a href="https://www.amazon.com/dp/B09Y681BML?tag=eloabder-20&linkCode=osi&th=1&psc=1"><img src="https://m.media-amazon.com/images/I/41whFoq6OEL._SL500_.jpg" alt="Product Image"></a><p>Astrobrights Mega Collection, Colored Cardstock, Punchy Pastel 5-Color Assortment, 320 Sheets, 65 lb./176 gsm, 8.5" x 11" - MORE SHEETS! (91780)</p><p>$19.87</p><a href="https://www.amazon.com/dp/B09Y681BML?tag=eloabder-20&linkCode=osi&th=1&psc=1">View Product</a></div>


<div class="product"><a href="https://www.amazon.com/dp/B0B7DZ4YPN?tag=eloabder-20&linkCode=osi&th=1&psc=1"><img src="https://m.media-amazon.com/images/I/51NIBuS801L._SL500_.jpg" alt="Product Image"></a><p>Epoxy Resin 64OZ - Crystal Clear Epoxy Resin Kit - No Yellowing No Bubble Art Resin Casting Resin for Art Crafts, Jewelry Making, Wood & Resin Molds(32OZ x 2)</p><p>$34.99 ($0.55 / Ounce)</p><a href="https://www.amazon.com/dp/B0B7DZ4YPN?tag=eloabder-20&linkCode=osi&th=1&psc=1">View Product</a></div><div class="product"><a href="https://www.amazon.com/dp/B0CPVCRD93?tag=eloabder-20&linkCode=osi&th=1&psc=1"><img src="https://m.media-amazon.com/images/I/51mBmD2NCqL._SL500_.jpg" alt="Product Image"></a><p>Puduo Epoxy Resin Kit 72OZ，Newly Formulated Crystal Clear Epoxy Resin，Strong, Bubble-Free, Anti-Yellowing Art Resin That，Suitable for Casting, DIY, Resin Art, Molds, Jewelry, Easy to Mix 1:1 Ratio</p><p>$36.99 ($0.51 / Ounce)</p><a href="https://www.amazon.com/dp/B0CPVCRD93?tag=eloabder-20&linkCode=osi&th=1&psc=1">View Product</a></div><div class="product"><a href="https://www.amazon.com/dp/B0BY2PFY62?tag=eloabder-20&linkCode=osi&th=1&psc=1"><img src="https://m.media-amazon.com/images/I/51jY4DbLEVL._SL500_.jpg" alt="Product Image"></a><p>LET'S RESIN Polyurethane Resin, 60oz 2 Part Casting Resin, Fast Cured Resin within 10 Minutes, Ultra Low Viscosity & Low Odor Pourable Liquid Plastic for Casting Models, Prototypes & Other Resin Craft</p><p>$40.99 ($0.68 / Ounce)</p><a href="https://www.amazon.com/dp/B0BY2PFY62?tag=eloabder-20&linkCode=osi&th=1&psc=1">View Product</a></div><div class="product"><a href="https://www.amazon.com/dp/B0CXLX1BF1?tag=eloabder-20&linkCode=osi&th=1&psc=1"><img src="https://m.media-amazon.com/images/I/51B03piFSWL._SL500_.jpg" alt="Product Image"></a><p>Epoxy Resin,1 Gallon Crystal Clear Epoxy Resin Kit, High-Gloss & Bubbles Free Resin and Hardener Kit, Art Resin Casting Resin for Art Crafts, Jewelry Making, Wood & Resin Molds…</p><p>$49.99</p><a href="https://www.amazon.com/dp/B0CXLX1BF1?tag=eloabder-20&linkCode=osi&th=1&psc=1">View Product</a></div><div class="product"><a href="https://www.amazon.com/dp/B0B79JKMTN?tag=eloabder-20&linkCode=osi&th=1&psc=1"><img src="https://m.media-amazon.com/images/I/51awzY+fOoL._SL500_.jpg" alt="Product Image"></a><p>Teexpert Crystal Clear Epoxy Resin Kit 1 Gallon Self-Leveling Coating and Casting Resin, High-Gloss & Bubbles Free Resin and Hardener Kit for DIY Art, Jewelry, Table Top, Molds, Wood 1:1 Ratio</p><p>$49.49 ($0.39 / Fl Oz)</p><a href="https://www.amazon.com/dp/B0B79JKMTN?tag=eloabder-20&linkCode=osi&th=1&psc=1">View Product</a></div><div class="product"><a href="https://www.amazon.com/dp/B0CZDCWRDS?tag=eloabder-20&linkCode=osi&th=1&psc=1"><img src="https://m.media-amazon.com/images/I/51NoC3Siy8L._SL500_.jpg" alt="Product Image"></a><p>Puduo Epoxy Resin Kit 1.1Gallon，Newly Formulated Crystal Clear Epoxy Resin，Strong, Bubble-Free, Anti-Yellowing Art Resin That，Suitable for Casting, DIY, Resin Art, Molds, Easy to Mix 1:1 Ratio</p><p>$48.99 ($0.35 / Ounce)</p><a href="https://www.amazon.com/dp/B0CZDCWRDS?tag=eloabder-20&linkCode=osi&th=1&psc=1">View Product</a></div><div class="product"><a href="https://www.amazon.com/dp/B0C786S8ZW?tag=eloabder-20&linkCode=osi&th=1&psc=1"><img src="https://m.media-amazon.com/images/I/51PD1cgR+-L._SL500_.jpg" alt="Product Image"></a><p>LET'S RESIN EPOXY RESIN 2 Gallon Casting Resin with Pumps, Bubble Free & High-Gloss Resin Epoxy Kit, Crystal Clear Epoxy Resin and Hardener for DIY Art, Molds Casting,Craft</p><p>$87.00 ($0.34 / Fl Oz)</p><a href="https://www.amazon.com/dp/B0C786S8ZW?tag=eloabder-20&linkCode=osi&th=1&psc=1">View Product</a></div><div class="product"><a href="https://www.amazon.com/dp/B0BYV7YX2K?tag=eloabder-20&linkCode=osi&th=1&psc=1"><img src="https://m.media-amazon.com/images/I/41dTpbgWB+L._SL500_.jpg" alt="Product Image"></a><p>TAKIMO 1 Gallon Crystal Clear Resin Kit,No Bubble & Not Yellowing Epoxy Resin for Coating, Casting, Table Top,DIY, Bar Top, River Tables, Resin Art, Wood with High Gloss Finish</p><p>$39.99</p><a href="https://www.amazon.com/dp/B0BYV7YX2K?tag=eloabder-20&linkCode=osi&th=1&psc=1">View Product</a></div>
<div class="product"><a href="https://www.amazon.com/dp/B093D6Q4V2?tag=eloabder-20&linkCode=osi&th=1&psc=1"><img src="https://m.media-amazon.com/images/I/51GS6ht5RsS._SL500_.jpg" alt="Product Image"></a><p>Brusarth Professional Charcoal Pencils Drawing Set - 6 Pieces Soft Medium and Hard Charcoal Pencils for Drawing, Sketching, Shading</p><p>$5.57</p><a href="https://www.amazon.com/dp/B093D6Q4V2?tag=eloabder-20&linkCode=osi&th=1&psc=1">View Product</a></div><div class="product"><a href="https://www.amazon.com/dp/B000VXONF4?tag=eloabder-20&linkCode=osi&th=1&psc=1"><img src="https://m.media-amazon.com/images/I/51DxvUPz4nL._SL500_.jpg" alt="Product Image"></a><p>General Pencil 957ABP Compressed Charcoal Sticks 4/Pkg-Black - Soft Assorted</p><p>$6.09 ($1.52 / Count)</p><a href="https://www.amazon.com/dp/B000VXONF4?tag=eloabder-20&linkCode=osi&th=1&psc=1">View Product</a></div><div class="product"><a href="https://www.amazon.com/dp/B0BZSZ2W1B?tag=eloabder-20&linkCode=osi&th=1&psc=1"><img src="https://m.media-amazon.com/images/I/41aJEjrQ16L._SL500_.jpg" alt="Product Image"></a><p>ANNECOSK Willow Charcoal Sticks, 10PCS Willow Charcoal Pencils for Artists Drawing, Sketching</p><p>$7.99</p><a href="https://www.amazon.com/dp/B0BZSZ2W1B?tag=eloabder-20&linkCode=osi&th=1&psc=1">View Product</a></div><div class="product"><a href="https://www.amazon.com/dp/B088K31QB7?tag=eloabder-20&linkCode=osi&th=1&psc=1"><img src="https://m.media-amazon.com/images/I/51giSzQeUzL._SL500_.jpg" alt="Product Image"></a><p>MARKART Professional Charcoal Pencils Drawing Set - 10 Pieces Soft Medium and Hard Charcoal Pencils for Drawing, Sketching, Shading</p><p>$5.99</p><a href="https://www.amazon.com/dp/B088K31QB7?tag=eloabder-20&linkCode=osi&th=1&psc=1">View Product</a></div><div class="product"><a href="https://www.amazon.com/dp/B0CHM9YB18?tag=eloabder-20&linkCode=osi&th=1&psc=1"><img src="https://m.media-amazon.com/images/I/51-cFJewi5L._SL500_.jpg" alt="Product Image"></a><p>PANDAFLY Willow Charcoal Sticks, Soft, Black Artist Vine Charcoal for Artists, Beginners, Students, Great for Sketching, Drawing, Shading and Fine Art, 7-9mm, 25 Pack</p><p>$7.99</p><a href="https://www.amazon.com/dp/B0CHM9YB18?tag=eloabder-20&linkCode=osi&th=1&psc=1">View Product</a></div><div class="product"><a href="https://www.amazon.com/dp/B004O7FFR8?tag=eloabder-20&linkCode=osi&th=1&psc=1"><img src="https://m.media-amazon.com/images/I/51JJnYm-n2L._SL500_.jpg" alt="Product Image"></a><p>Strathmore 300 Series Charcoal Paper Pad, Top Wire Bound, 9x12 inches, 32 Sheets (64lb/95g) - Artist Paper for Adults and Students - Charcoal and Pastel</p><p>$8.86</p><a href="https://www.amazon.com/dp/B004O7FFR8?tag=eloabder-20&linkCode=osi&th=1&psc=1">View Product</a></div><div class="product"><a href="https://www.amazon.com/dp/B09KY8MT2T?tag=eloabder-20&linkCode=osi&th=1&psc=1"><img src="https://m.media-amazon.com/images/I/31buTPEV5IL._SL500_.jpg" alt="Product Image"></a><p>Raven Powders Premium Charcoal Powder for Drawing and Art</p><p>$9.99</p><a href="https://www.amazon.com/dp/B09KY8MT2T?tag=eloabder-20&linkCode=osi&th=1&psc=1">View Product</a></div><div class="product"><a href="https://www.amazon.com/dp/B0021IK626?tag=eloabder-20&linkCode=osi&th=1&psc=1"><img src="https://m.media-amazon.com/images/I/317wgA0GITL._SL500_.jpg" alt="Product Image"></a><p>Winsor & Newton Artist Vine Charcoal Sticks, Soft, Box of 12 Sticks</p><p>$10.56</p><a href="https://www.amazon.com/dp/B0021IK626?tag=eloabder-20&linkCode=osi&th=1&psc=1">View Product</a></div>
<div class="product"><a href="https://www.amazon.com/dp/B0CHF9KZSW?tag=eloabder-20&linkCode=osi&th=1&psc=1"><img src="https://m.media-amazon.com/images/I/61lm2iV1gGL._SL500_.jpg" alt="Product Image"></a><p>KALOUR Professional Charcoal Pencils Drawing Set -12 Pieces Soft, Medium and Hard Charcoal Pencils for Drawing, Sketching, Shading, Artist Pencils for Beginners & Artists</p><p>$5.99</p><a href="https://www.amazon.com/dp/B0CHF9KZSW?tag=eloabder-20&linkCode=osi&th=1&psc=1">View Product</a></div><div class="product"><a href="https://www.amazon.com/dp/B0D41JG73W?tag=eloabder-20&linkCode=osi&th=1&psc=1"><img src="https://m.media-amazon.com/images/I/41K5KaeEE0L._SL500_.jpg" alt="Product Image"></a><p>Aenir White Charcoal Pencils, Pack of 12 Charcoal Drawing Pencils, Charcoal Pencils for Artists, Art Supplies for Drawing and Highlighting, Charcoal Pencils for Drawing, Sketching, Shading & Coloring.</p><p>$7.99</p><a href="https://www.amazon.com/dp/B0D41JG73W?tag=eloabder-20&linkCode=osi&th=1&psc=1">View Product</a></div><div class="product"><a href="https://www.amazon.com/dp/B004BPNUMA?tag=eloabder-20&linkCode=osi&th=1&psc=1"><img src="https://m.media-amazon.com/images/I/41EWfMXntlL._SL500_.jpg" alt="Product Image"></a><p>Peel & Sketch Charcoal Pencils 3/Pkg-</p><p>$6.96</p><a href="https://www.amazon.com/dp/B004BPNUMA?tag=eloabder-20&linkCode=osi&th=1&psc=1">View Product</a></div><div class="product"><a href="https://www.amazon.com/dp/B0C5V1QWPJ?tag=eloabder-20&linkCode=osi&th=1&psc=1"><img src="https://m.media-amazon.com/images/I/51bZBOoKtoL._SL500_.jpg" alt="Product Image"></a><p>Brusarth Charcoal Drawing Set -12 pc Black charcoal pencils, White Charcoal Pencils, Eraser Pencils, Blending Stumps for Drawing, Sketching, Shading, Artist Pencils for Beginners & Artists</p><p>$7.99</p><a href="https://www.amazon.com/dp/B0C5V1QWPJ?tag=eloabder-20&linkCode=osi&th=1&psc=1">View Product</a></div>
<div class="product"><a href="https://www.amazon.com/dp/B001BYK7RA?tag=eloabder-20&linkCode=osi&th=1&psc=1"><img src="https://m.media-amazon.com/images/I/316EZYjc1XL._SL500_.jpg" alt="Product Image"></a><p>Winsor & Newton Artist Vine Charcoal Sticks, Soft, Box of 3 Sticks</p><p>$4.09 ($1.36 / Count)</p><a href="https://www.amazon.com/dp/B001BYK7RA?tag=eloabder-20&linkCode=osi&th=1&psc=1">View Product</a></div>
<div class="product"><a href="https://www.amazon.com/dp/B08LR2TBPG?tag=eloabder-20&linkCode=osi&th=1&psc=1"><img src="https://m.media-amazon.com/images/I/31VBhMwmhTL._SL500_.jpg" alt="Product Image"></a><p>Chipboard Sheets 8.5" x 11" - 100 Sheets of 22 Point Chip Board for Crafts - This Kraft Board is a Great Alternative to MDF Board and Cardboard Sheets</p><p>$19.97</p><a href="https://www.amazon.com/dp/B08LR2TBPG?tag=eloabder-20&linkCode=osi&th=1&psc=1">View Product</a></div><div class="product"><a href="https://www.amazon.com/dp/B079F1FYG3?tag=eloabder-20&linkCode=osi&th=1&psc=1"><img src="https://m.media-amazon.com/images/I/41-kpBNtjSL._SL500_.jpg" alt="Product Image"></a><p>100 Thick Kraft Chipboard (30pt) - 8 1/2" x 11" - Perfect for Scrapbooking, Crafts & Product Backing…</p><p>$19.95</p><a href="https://www.amazon.com/dp/B079F1FYG3?tag=eloabder-20&linkCode=osi&th=1&psc=1">View Product</a></div><div class="product"><a href="https://www.amazon.com/dp/B07BYPGP5H?tag=eloabder-20&linkCode=osi&th=1&psc=1"><img src="https://m.media-amazon.com/images/I/31rUtsWIN5L._SL500_.jpg" alt="Product Image"></a><p>100 Chipboard Sheets 8 x 10 inch - 22pt (point) Light Weight Brown Kraft Cardboard for Scrapbooking & Picture Frame Backing (.022 Caliper Thick) Paper Board | MagicWater Supply</p><p>$21.99</p><a href="https://www.amazon.com/dp/B07BYPGP5H?tag=eloabder-20&linkCode=osi&th=1&psc=1">View Product</a></div><div class="product"><a href="https://www.amazon.com/dp/B07BYP99DJ?tag=eloabder-20&linkCode=osi&th=1&psc=1"><img src="https://m.media-amazon.com/images/I/31EMxvnjGrL._SL500_.jpg" alt="Product Image"></a><p>25 Chipboard Sheets 11 x 17 inch - 50pt (point) Heavy Weight Brown Kraft Cardboard for Scrapbooking & Picture Frame Backing (.050 Caliper Thick) Paper Board | MagicWater Supply</p><p>$26.99</p><a href="https://www.amazon.com/dp/B07BYP99DJ?tag=eloabder-20&linkCode=osi&th=1&psc=1">View Product</a></div><div class="product"><a href="https://www.amazon.com/dp/B07BYFXJDL?tag=eloabder-20&linkCode=osi&th=1&psc=1"><img src="https://m.media-amazon.com/images/I/310RbtxO26L._SL500_.jpg" alt="Product Image"></a><p>100 Chipboard Sheets 5 x 7 inch - 22pt (point) Light Weight Brown Kraft Cardboard for Scrapbooking & Picture Frame Backing (.022 Caliper Thick) Paper Board | MagicWater Supply</p><p>$14.99</p><a href="https://www.amazon.com/dp/B07BYFXJDL?tag=eloabder-20&linkCode=osi&th=1&psc=1">View Product</a></div><div class="product"><a href="https://www.amazon.com/dp/B0B6GK2MFD?tag=eloabder-20&linkCode=osi&th=1&psc=1"><img src="https://m.media-amazon.com/images/I/31-IEV+iYgL._SL500_.jpg" alt="Product Image"></a><p>10 EcoSwift 8.5x11 Chipboard Cardboard Craft Scrapbook Material Scrapbooking Packaging Sheets Shipping Pads Inserts 8 1/2 inch x 11 inch Chip Board</p><p>$4.99</p><a href="https://www.amazon.com/dp/B0B6GK2MFD?tag=eloabder-20&linkCode=osi&th=1&psc=1">View Product</a></div><div class="product"><a href="https://www.amazon.com/dp/B07BYKB2ZL?tag=eloabder-20&linkCode=osi&th=1&psc=1"><img src="https://m.media-amazon.com/images/I/31WIwma4xfL._SL500_.jpg" alt="Product Image"></a><p>Chipboard Sheets 8.5 x 11 inch - 50pt (Point) Heavy Weight Brown Kraft Cardboard for Scrapbooking & Picture Frame Backing (.050 Caliper Thick) Paper Board | MagicWater Supply (Kraft 100 Pack)</p><p>$38.99</p><a href="https://www.amazon.com/dp/B07BYKB2ZL?tag=eloabder-20&linkCode=osi&th=1&psc=1">View Product</a></div><div class="product"><a href="https://www.amazon.com/dp/B00161W6L8?tag=eloabder-20&linkCode=osi&th=1&psc=1"><img src="https://m.media-amazon.com/images/I/41MflHlo3JL._SL500_.jpg" alt="Product Image"></a><p>GRAFIX Natural Medium Weight Chipboard Sheets 8.5"X11" 25/Pkg, 8.5"x11"x0.057", Count</p><p>$15.14 ($0.61 / Count)</p><a href="https://www.amazon.com/dp/B00161W6L8?tag=eloabder-20&linkCode=osi&th=1&psc=1">View Product</a></div><div class="product"><a href="https://www.amazon.com/dp/B0013JRFUA?tag=eloabder-20&linkCode=osi&th=1&psc=1"><img src="https://m.media-amazon.com/images/I/41JzQAJkDoL._SL500_.jpg" alt="Product Image"></a><p>Grafix Medium Weight Acid-Free 0.057” Chipboard Sheets, Create Three-Dimensional Embellishments for Cards, Papercrafts, Mixed Media, Home Décor, and More, 12 x 12, Natural, 25 Count</p><p>$14.51 ($0.58 / Count)</p><a href="https://www.amazon.com/dp/B0013JRFUA?tag=eloabder-20&linkCode=osi&th=1&psc=1">View Product</a></div>








<div class="product"><a href="https://www.amazon.com/dp/B0C2YPJDFL?tag=eloabder-20&linkCode=osi&th=1&psc=1"><img src="https://m.media-amazon.com/images/I/51WB6B3vguL._SL500_.jpg" alt="Product Image"></a><p>Yagol Colored Pencils for Adult Coloring Books, 72 Colored Professional Drawing Pencils, Coloring Pencils for Adults Beginners kids & Pro.</p><p>$9.99</p><a href="https://www.amazon.com/dp/B0C2YPJDFL?tag=eloabder-20&linkCode=osi&th=1&psc=1">View Product</a></div><div class="product"><a href="https://www.amazon.com/dp/B01N09ZDEI?tag=eloabder-20&linkCode=osi&th=1&psc=1"><img src="https://m.media-amazon.com/images/I/51awfumPEiL._SL500_.jpg" alt="Product Image"></a><p>Soucolor 72-Color Colored Pencils for Adult Coloring Books, Back to School Supplies, Soft Core Artist Sketching Drawing Pencils Drawing Supplies, Art Supplies Kit for Adults Kids, Coloring Pencils Set</p><p>$9.99</p><a href="https://www.amazon.com/dp/B01N09ZDEI?tag=eloabder-20&linkCode=osi&th=1&psc=1">View Product</a></div><div class="product"><a href="https://www.amazon.com/dp/B0B772BZ4G?tag=eloabder-20&linkCode=osi&th=1&psc=1"><img src="https://m.media-amazon.com/images/I/41VSyVENyTL._SL500_.jpg" alt="Product Image"></a><p>FUNLAVIE Colored Pencils 48 Coloring Pencils Premium Professional Art Drawing Pencil for Adults Coloring Book</p><p>$9.99</p><a href="https://www.amazon.com/dp/B0B772BZ4G?tag=eloabder-20&linkCode=osi&th=1&psc=1">View Product</a></div><div class="product"><a href="https://www.amazon.com/dp/B0B8MFGW36?tag=eloabder-20&linkCode=osi&th=1&psc=1"><img src="https://m.media-amazon.com/images/I/51umBJsfZDL._SL500_.jpg" alt="Product Image"></a><p>KALOUR Premium Colored Pencils,Set of 120 Colors,Artists Soft Core with Vibrant Color,Ideal for Drawing Sketching Shading,Coloring Pencils for Adults Beginners kids</p><p>$24.99</p><a href="https://www.amazon.com/dp/B0B8MFGW36?tag=eloabder-20&linkCode=osi&th=1&psc=1">View Product</a></div><div class="product"><a href="https://www.amazon.com/dp/B0D5GSMGMG?tag=eloabder-20&linkCode=osi&th=1&psc=1"><img src="https://m.media-amazon.com/images/I/41aprDliB4L._SL500_.jpg" alt="Product Image"></a><p>Colored Pencils for Adult Coloring Books, Set of 72 Color Pencils, Oil-Based Core Drawing Pencils, 3.8mm Soft Leads with Adult Coloring Pencils, Professional Art Supplies for Adults, Beginner and Kids</p><p>$9.99</p><a href="https://www.amazon.com/dp/B0D5GSMGMG?tag=eloabder-20&linkCode=osi&th=1&psc=1">View Product</a></div><div class="product"><a href="https://www.amazon.com/dp/B0CZBPK6L5?tag=eloabder-20&linkCode=osi&th=1&psc=1"><img src="https://m.media-amazon.com/images/I/31Q1khczz5L._SL500_.jpg" alt="Product Image"></a><p>Colored Pencils for Adult Coloring Books, 72 Colors Drawing Pencils with Oil-Based Cores, Professional Art Supplies for Artists, Coloring Pencils for Adults, Color Pencils Set for Beginners and Teens.</p><p>$9.49</p><a href="https://www.amazon.com/dp/B0CZBPK6L5?tag=eloabder-20&linkCode=osi&th=1&psc=1">View Product</a></div>
<div class="product"><a href="https://www.amazon.com/dp/B0BTJRPJHJ?tag=eloabder-20&linkCode=osi&th=1&psc=1"><img src="https://m.media-amazon.com/images/I/61eh6iSlGRL._SL500_.jpg" alt="Product Image"></a><p>READY 2 LEARN Colored Sand - Turquoise - 2.2 lbs - Play Sand for Kids - Perfect for Arts and Crafts, Sensory Bins, Wedding Decorations and Vase Filler</p><p>$9.32</p><a href="https://www.amazon.com/dp/B0BTJRPJHJ?tag=eloabder-20&linkCode=osi&th=1&psc=1">View Product</a></div><div class="product"><a href="https://www.amazon.com/dp/B0BTJWH6L3?tag=eloabder-20&linkCode=osi&th=1&psc=1"><img src="https://m.media-amazon.com/images/I/61OHaobOoGL._SL500_.jpg" alt="Product Image"></a><p>READY 2 LEARN Colored Sand - Light Blue - 2.2 lbs - Play Sand for Kids - Perfect for Wedding Unity Ceremonies, Crafts, Sensory Bins and Vase Filler</p><p>$9.99</p><a href="https://www.amazon.com/dp/B0BTJWH6L3?tag=eloabder-20&linkCode=osi&th=1&psc=1">View Product</a></div><div class="product"><a href="https://www.amazon.com/dp/B00DZS4AA0?tag=eloabder-20&linkCode=osi&th=1&psc=1"><img src="https://m.media-amazon.com/images/I/41htpdoeWSL._SL500_.jpg" alt="Product Image"></a><p>Activa Pink Decorative Colored Sand in Resealable Bag, 5lb (2.27kg) | Fine Grain & Fade-Proof Sand For Arts & Crafts</p><p>$8.99</p><a href="https://www.amazon.com/dp/B00DZS4AA0?tag=eloabder-20&linkCode=osi&th=1&psc=1">View Product</a></div><div class="product"><a href="https://www.amazon.com/dp/B00GNED6YE?tag=eloabder-20&linkCode=osi&th=1&psc=1"><img src="https://m.media-amazon.com/images/I/41T-AKVqV5L._SL500_.jpg" alt="Product Image"></a><p>Sandsational Sparkle Champagne Unity Sand - 1.5 LB (22oz), Beige Colored Sand for Weddings, Vase Filler, Home Décor, Craft Sand, Aquarium Sand, and More</p><p>$15.99</p><a href="https://www.amazon.com/dp/B00GNED6YE?tag=eloabder-20&linkCode=osi&th=1&psc=1">View Product</a></div><div class="product"><a href="https://www.amazon.com/dp/B007VC4F6A?tag=eloabder-20&linkCode=osi&th=1&psc=1"><img src="https://m.media-amazon.com/images/I/51EtMIBeueL._SL500_.jpg" alt="Product Image"></a><p>Sandsational Sparkle Tropic Blue Unity Sand, 1 LB (16 oz), Colored Sand for Weddings, Vase Filler, Home Décor, Craft Sand, Aquarium Sand, and More</p><p>$9.99</p><a href="https://www.amazon.com/dp/B007VC4F6A?tag=eloabder-20&linkCode=osi&th=1&psc=1">View Product</a></div><div class="product"><a href="https://www.amazon.com/dp/B007VC497K?tag=eloabder-20&linkCode=osi&th=1&psc=1"><img src="https://m.media-amazon.com/images/I/51oZOs1VRDL._SL500_.jpg" alt="Product Image"></a><p>Sandsational Sparkle Burnt Orange Unity Sand, 1 LB (16 oz), Colored Sand for Weddings, Vase Filler, Home Décor, Craft Sand, Aquarium Sand, and More</p><p>$9.99</p><a href="https://www.amazon.com/dp/B007VC497K?tag=eloabder-20&linkCode=osi&th=1&psc=1">View Product</a></div><div class="product"><a href="https://www.amazon.com/dp/B004BN9WWY?tag=eloabder-20&linkCode=osi&th=1&psc=1"><img src="https://m.media-amazon.com/images/I/41Hehnr6HkL._SL500_.jpg" alt="Product Image"></a><p>Activa Turquoise Decorative Colored Sand in Resealable Bag, 5lb (2.27kg) | Fine Grain & Fade-Proof Sand For Arts & Crafts</p><p>$17.99 ($0.22 / Ounce)</p><a href="https://www.amazon.com/dp/B004BN9WWY?tag=eloabder-20&linkCode=osi&th=1&psc=1">View Product</a></div><div class="product"><a href="https://www.amazon.com/dp/B007VC4CMM?tag=eloabder-20&linkCode=osi&th=1&psc=1"><img src="https://m.media-amazon.com/images/I/51MDELk9-bL._SL500_.jpg" alt="Product Image"></a><p>Sandsational Sparkle Hazelnut Unity Sand, 1 LB (16 oz), Colored Sand for Weddings, Vase Filler, Home Décor, Craft Sand, Aquarium Sand, and More</p><p>$9.99</p><a href="https://www.amazon.com/dp/B007VC4CMM?tag=eloabder-20&linkCode=osi&th=1&psc=1">View Product</a></div>

<div class="product"><a href="https://www.amazon.com/dp/B0868M9MFP?tag=eloabder-20&linkCode=osi&th=1&psc=1"><img src="https://m.media-amazon.com/images/I/41MathwPKuL._SL500_.jpg" alt="Product Image"></a><p>SIMETUFY 360 Sheets 36 Multicolor Tissue Paper Bulk Gift Wrapping Tissue Paper Decorative Art Rainbow Tissue Paper 11.5in x 8in for Art Craft Floral Birthday Party Festival Tissue Paper Pom Pom</p><p>$6.98 ($0.02 / Count)</p><a href="https://www.amazon.com/dp/B0868M9MFP?tag=eloabder-20&linkCode=osi&th=1&psc=1">View Product</a></div><div class="product"><a href="https://www.amazon.com/dp/B0CZNYNJL3?tag=eloabder-20&linkCode=osi&th=1&psc=1"><img src="https://m.media-amazon.com/images/I/41ZspqqmKpL._SL500_.jpg" alt="Product Image"></a><p>160 Sheets Colored Tissue Paper, Tissue Paper Bulk 14 X 20 Inches Tissue Paper for Gift Bags Wrapping DIY Crafts Wedding Birthday</p><p>$7.99 ($0.03 / Sq Ft)</p><a href="https://www.amazon.com/dp/B0CZNYNJL3?tag=eloabder-20&linkCode=osi&th=1&psc=1">View Product</a></div><div class="product"><a href="https://www.amazon.com/dp/B07QY9FQN2?tag=eloabder-20&linkCode=osi&th=1&psc=1"><img src="https://m.media-amazon.com/images/I/51DR9nknn7L._SL500_.jpg" alt="Product Image"></a><p>120 Sheets Colored Tissue Paper Bulk Wrapping Craft Paper 20 x 26" for Art Gift Tissue Decoration (24 Colors)</p><p>$15.59 ($0.13 / Count)</p><a href="https://www.amazon.com/dp/B07QY9FQN2?tag=eloabder-20&linkCode=osi&th=1&psc=1">View Product</a></div><div class="product"><a href="https://www.amazon.com/dp/B0CWR5FKGQ?tag=eloabder-20&linkCode=osi&th=1&psc=1"><img src="https://m.media-amazon.com/images/I/31iRzSH4cbL._SL500_.jpg" alt="Product Image"></a><p>Hlonon 100 Sheets Colored Tissue Paper 12×20 Inch Tissue Paper Bulk Gift Wrapping for Gift Bags DIY Crafts Birthday Wedding Holidays Decor 10 Colors</p><p>$4.59</p><a href="https://www.amazon.com/dp/B0CWR5FKGQ?tag=eloabder-20&linkCode=osi&th=1&psc=1">View Product</a></div><div class="product"><a href="https://www.amazon.com/dp/B09RXR9SXB?tag=eloabder-20&linkCode=osi&th=1&psc=1"><img src="https://m.media-amazon.com/images/I/51xWE-5f2lL._SL500_.jpg" alt="Product Image"></a><p>120 Sheets Colored Tissue Paper for Gift Bags - 25 Assorted Colors Tissue Paper for Packaging Bulk Colored Tissue Paper for Gift Wrapping -Tissue Paper Bulk for Crafts Large 20 X 26 Sheets</p><p>$13.99 ($0.12 / Count)</p><a href="https://www.amazon.com/dp/B09RXR9SXB?tag=eloabder-20&linkCode=osi&th=1&psc=1">View Product</a></div><div class="product"><a href="https://www.amazon.com/dp/B0BWPNFLXM?tag=eloabder-20&linkCode=osi&th=1&psc=1"><img src="https://m.media-amazon.com/images/I/51KYkgeBLCL._SL500_.jpg" alt="Product Image"></a><p>Colored Tissue Paper for Gift Bags, Colored Tissue Paper for Crafts, Gift Wrapping Tissue Paper Bulk - 375 Sheets in 36 Assorted Colors (12 in x 8.4 in)</p><p>$12.99 ($0.03 / Count)</p><a href="https://www.amazon.com/dp/B0BWPNFLXM?tag=eloabder-20&linkCode=osi&th=1&psc=1">View Product</a></div><div class="product"><a href="https://www.amazon.com/dp/B0D1JYM64F?tag=eloabder-20&linkCode=osi&th=1&psc=1"><img src="https://m.media-amazon.com/images/I/41wvUKH9PbL._SL500_.jpg" alt="Product Image"></a><p>Phinus 6300 Pcs 1 Inch Tissue Paper Squares, Tissue Paper for Crafts, 42 Assorted Colored Tissue Paper, Colors Art Rainbow Tissue Paper Bulk for Crafts, Art Projects, Birthday Party</p><p>$5.99</p><a href="https://www.amazon.com/dp/B0D1JYM64F?tag=eloabder-20&linkCode=osi&th=1&psc=1">View Product</a></div>
<div class="product"><a href="https://www.amazon.com/dp/B085DP36VF?tag=eloabder-20&linkCode=osi&th=1&psc=1"><img src="https://m.media-amazon.com/images/I/516vaNkg0iL._SL500_.jpg" alt="Product Image"></a><p>Soucolor Art Brush Markers Pens for Adult Coloring Books, 34 Colors Numbered Dual Tip (Brush and Fine Point) Marker Pen for Kids Note taking Planner Lettering Calligraphy Drawing Preppy School Stuff</p><p>$9.99</p><a href="https://www.amazon.com/dp/B085DP36VF?tag=eloabder-20&linkCode=osi&th=1&psc=1">View Product</a></div><div class="product"><a href="https://www.amazon.com/dp/B075WQPKNK?tag=eloabder-20&linkCode=osi&th=1&psc=1"><img src="https://m.media-amazon.com/images/I/51EOXvmdwnL._SL500_.jpg" alt="Product Image"></a><p>Dual Brush Marker Pens for Coloring Books, Tanmit Fine Tip Coloring Marker & Brush Pen Set for Journaling Note Taking Writing Planning Art Project</p><p>$7.97</p><a href="https://www.amazon.com/dp/B075WQPKNK?tag=eloabder-20&linkCode=osi&th=1&psc=1">View Product</a></div>
<div class="product"><a href="https://www.amazon.com/dp/B0BWH7CWFW?tag=eloabder-20&linkCode=osi&th=1&psc=1"><img src="https://m.media-amazon.com/images/I/51jUg2AkDyL._SL500_.jpg" alt="Product Image"></a><p>AnyMark 60 Colors Alcohol Markers, Markers Set, Dual Tip Alcohol Based Art Markers for Kids Adults Coloring Drawing, Chisel & Fine</p><p>$19.99 ($0.33 / Count)</p><a href="https://www.amazon.com/dp/B0BWH7CWFW?tag=eloabder-20&linkCode=osi&th=1&psc=1">View Product</a></div><div class="product"><a href="https://www.amazon.com/dp/B07CJ8QXF8?tag=eloabder-20&linkCode=osi&th=1&psc=1"><img src="https://m.media-amazon.com/images/I/51bChi4-H4L._SL500_.jpg" alt="Product Image"></a><p>Dual Markers Brush Pens, 36 Fine Point Art Marker, Double Tip Colored Pen for Adult Coloring Hand Lettering, School Classroom Art Suppliers</p><p>$9.99</p><a href="https://www.amazon.com/dp/B07CJ8QXF8?tag=eloabder-20&linkCode=osi&th=1&psc=1">View Product</a></div><div class="product"><a href="https://www.amazon.com/dp/B0CMLFSJ32?tag=eloabder-20&linkCode=osi&th=1&psc=1"><img src="https://m.media-amazon.com/images/I/51tOlopoSsL._SL500_.jpg" alt="Product Image"></a><p>TOSHARE Double Brush Marker Pens, 72 Colors Art Markers Set with Fine Tip and Brush Tip for Kids Adult Coloring Book Hand Lettering Calligraphy Drawing Art Supplies Kit</p><p>$29.99</p><a href="https://www.amazon.com/dp/B0CMLFSJ32?tag=eloabder-20&linkCode=osi&th=1&psc=1">View Product</a></div><div class="product"><a href="https://www.amazon.com/dp/B0BYD5M7LQ?tag=eloabder-20&linkCode=osi&th=1&psc=1"><img src="https://m.media-amazon.com/images/I/51sfVuA2MJL._SL500_.jpg" alt="Product Image"></a><p>AnyMark 48 Colors Alcohol Markers, Markers Set, Dual Tip Alcohol Based Art Markers for Kids Adults Coloring Drawing, Chisel & Fine</p><p>$12.99 ($0.27 / Count)</p><a href="https://www.amazon.com/dp/B0BYD5M7LQ?tag=eloabder-20&linkCode=osi&th=1&psc=1">View Product</a></div><div class="product"><a href="https://www.amazon.com/dp/B078N2RFJ9?tag=eloabder-20&linkCode=osi&th=1&psc=1"><img src="https://m.media-amazon.com/images/I/415IZ1EQzEL._SL500_.jpg" alt="Product Image"></a><p>MemOffice 80 Colors Dual Tip Artist Alcohol Markers Set with Carrying Case - Perfect for Coloring, Drawing, Sketching, Card Making and Illustration - Perfect for Adults and Kids</p><p>$22.99</p><a href="https://www.amazon.com/dp/B078N2RFJ9?tag=eloabder-20&linkCode=osi&th=1&psc=1">View Product</a></div><div class="product"><a href="https://www.amazon.com/dp/B0891WKPN3?tag=eloabder-20&linkCode=osi&th=1&psc=1"><img src="https://m.media-amazon.com/images/I/51qPnBJt4QL._SL500_.jpg" alt="Product Image"></a><p>Caliart 34 Double Tip Brush Pens Art Markers, Aesthetic Cute Preppy Stuff School Supplies, Artist Fine & Brush Pen Coloring Markers for Kids Adult Book Cards Drawing Craft Kit Teacher Office Supplies</p><p>$9.99</p><a href="https://www.amazon.com/dp/B0891WKPN3?tag=eloabder-20&linkCode=osi&th=1&psc=1">View Product</a></div><div class="product"><a href="https://www.amazon.com/dp/B08GX1FXG5?tag=eloabder-20&linkCode=osi&th=1&psc=1"><img src="https://m.media-amazon.com/images/I/61VK97q6UUL._SL500_.jpg" alt="Product Image"></a><p>Mogyann Markers for Adult 100 Colors Dual Tip Pens with Fine and Brush Tip for Coloring and Calligraphy Drawing</p><p>$26.99</p><a href="https://www.amazon.com/dp/B08GX1FXG5?tag=eloabder-20&linkCode=osi&th=1&psc=1">View Product</a></div>
<div class="product"><a href="https://www.amazon.com/dp/B002LARR8A?tag=eloabder-20&linkCode=osi&th=1&psc=1"><img src="https://m.media-amazon.com/images/I/41G5vXNB91L._SL500_.jpg" alt="Product Image"></a><p>Prang (Formerly SunWorks) Construction Paper, 10 Assorted Colors, 12" x 18", 100 Sheets</p><p>$13.09</p><a href="https://www.amazon.com/dp/B002LARR8A?tag=eloabder-20&linkCode=osi&th=1&psc=1">View Product</a></div><div class="product"><a href="https://www.amazon.com/dp/B001AZ9S6G?tag=eloabder-20&linkCode=osi&th=1&psc=1"><img src="https://m.media-amazon.com/images/I/41kI6AxAEvL._SL500_.jpg" alt="Product Image"></a><p>Prang (Formerly SunWorks) Construction Paper, White, 12" x 18", 50 Sheets</p><p>$6.86</p><a href="https://www.amazon.com/dp/B001AZ9S6G?tag=eloabder-20&linkCode=osi&th=1&psc=1">View Product</a></div>

<div class="product"><a href="https://www.amazon.com/dp/B003JJIEKC?tag=eloabder-20&linkCode=osi&th=1&psc=1"><img src="https://m.media-amazon.com/images/I/51CnC6280iL._SL500_.jpg" alt="Product Image"></a><p>2 Rolls/Pack 7/32 Copper Foil (Copper Backed)</p><p>$24.21</p><a href="https://www.amazon.com/dp/B003JJIEKC?tag=eloabder-20&linkCode=osi&th=1&psc=1">View Product</a></div><div class="product"><a href="https://www.amazon.com/dp/B0CXXD14QS?tag=eloabder-20&linkCode=osi&th=1&psc=1"><img src="https://m.media-amazon.com/images/I/31MLEFbqdaL._SL500_.jpg" alt="Product Image"></a><p>YEZHET 7/32 Inch Black Backed Copper foil for Stained Glass (2Roll)</p><p>$16.99</p><a href="https://www.amazon.com/dp/B0CXXD14QS?tag=eloabder-20&linkCode=osi&th=1&psc=1">View Product</a></div><div class="product"><a href="https://www.amazon.com/dp/B00359QVPG?tag=eloabder-20&linkCode=osi&th=1&psc=1"><img src="https://m.media-amazon.com/images/I/41hRCFiP1dL._SL500_.jpg" alt="Product Image"></a><p>Edco 3/16 Black Backed Copper Foil</p><p>$14.75</p><a href="https://www.amazon.com/dp/B00359QVPG?tag=eloabder-20&linkCode=osi&th=1&psc=1">View Product</a></div><div class="product"><a href="https://www.amazon.com/dp/B004BNDZSG?tag=eloabder-20&linkCode=osi&th=1&psc=1"><img src="https://m.media-amazon.com/images/I/519NZ7L73gL._SL500_.jpg" alt="Product Image"></a><p>Studio Pro 1/4-Inch Black Lined Copper Foil</p><p>$10.90</p><a href="https://www.amazon.com/dp/B004BNDZSG?tag=eloabder-20&linkCode=osi&th=1&psc=1">View Product</a></div><div class="product"><a href="https://www.amazon.com/dp/B0C3Z37LZK?tag=eloabder-20&linkCode=osi&th=1&psc=1"><img src="https://m.media-amazon.com/images/I/41bhh73eatL._SL500_.jpg" alt="Product Image"></a><p>YEZHET Copper Foil Tape 2 Pack (7/32Inch) with Double-Sided Conductive, for Stained Glass, Electrical Repairs, DIY Handicrafts, Paper Circuits, Crafting</p><p>$7.99 ($0.53 / Foot)</p><a href="https://www.amazon.com/dp/B0C3Z37LZK?tag=eloabder-20&linkCode=osi&th=1&psc=1">View Product</a></div><div class="product"><a href="https://www.amazon.com/dp/B00WVKO1LG?tag=eloabder-20&linkCode=osi&th=1&psc=1"><img src="https://m.media-amazon.com/images/I/31J15yH0QGL._SL500_.jpg" alt="Product Image"></a><p>K&S 6020 Metallic Copper Crafting Foil, 0.005" Thick x 12" Width x 30" Long, 1 Piece, Made in The USA</p><p>$14.89</p><a href="https://www.amazon.com/dp/B00WVKO1LG?tag=eloabder-20&linkCode=osi&th=1&psc=1">View Product</a></div>
<div class="product"><a href="https://www.amazon.com/dp/B08YJBQ7WZ?tag=eloabder-20&linkCode=osi&th=1&psc=1"><img src="https://m.media-amazon.com/images/I/51MPyR+wDWL._SL500_.jpg" alt="Product Image"></a><p>45 Color Options Macrame Cord 2mm/3mm/4mm/5mm/6mmx109 Yards Cotton Cord, 4 Ply Twisted Yarn, Natural Perfect Supplies DIY Crafts (Natural White)</p><p>$4.98 ($0.02 / Foot)</p><a href="https://www.amazon.com/dp/B08YJBQ7WZ?tag=eloabder-20&linkCode=osi&th=1&psc=1">View Product</a></div><div class="product"><a href="https://www.amazon.com/dp/B07ZGD2G6B?tag=eloabder-20&linkCode=osi&th=1&psc=1"><img src="https://m.media-amazon.com/images/I/51pexzF494L._SL500_.jpg" alt="Product Image"></a><p>Tenn Well Leather String, 100 Yards 2.6mm Flat Suede Cord, Faux Leather Cord for Jewelry Making, Necklaces, Bracelets, Dream Catchers and DIY Crafts (Brown)</p><p>$9.99 ($0.03 / Foot)</p><a href="https://www.amazon.com/dp/B07ZGD2G6B?tag=eloabder-20&linkCode=osi&th=1&psc=1">View Product</a></div><div class="product"><a href="https://www.amazon.com/dp/B0CQF1LC2R?tag=eloabder-20&linkCode=osi&th=1&psc=1"><img src="https://m.media-amazon.com/images/I/51O0PgsjtpL._SL500_.jpg" alt="Product Image"></a><p>Anezus Rainbow Color Nylon Cord, Nylon Craft String, Silky Satin Rattail Cord Beading String for Braided Bracelets, Pendants Necklace, Macrame Keychains, Lanyards, Drawstring Bags, DIY Crafts, Sewing</p><p>$6.99 ($0.02 / Foot)</p><a href="https://www.amazon.com/dp/B0CQF1LC2R?tag=eloabder-20&linkCode=osi&th=1&psc=1">View Product</a></div><div class="product"><a href="https://www.amazon.com/dp/B0B7J9BZSN?tag=eloabder-20&linkCode=osi&th=1&psc=1"><img src="https://m.media-amazon.com/images/I/41Orf+Dg9FL._SL500_.jpg" alt="Product Image"></a><p>2 mm 330 Feet Satin Nylon Cord String for Jewelry Making Bracelet Necklaces Beading Thread Rattail Macrame Kumihimo Chinese Knot Craft</p><p>$7.99 ($0.02 / Foot)</p><a href="https://www.amazon.com/dp/B0B7J9BZSN?tag=eloabder-20&linkCode=osi&th=1&psc=1">View Product</a></div><div class="product"><a href="https://www.amazon.com/dp/B08PZ2VDPM?tag=eloabder-20&linkCode=osi&th=1&psc=1"><img src="https://m.media-amazon.com/images/I/51DQgq3cfXL._SL500_.jpg" alt="Product Image"></a><p>Tenn Well Nylon Satin Cord, 295 Feet 2mm Black Nylon String for Jewelry Making, Silky Rattail Cord for Bracelets, Necklaces, Macrame Keychains, Lanyards, Beading</p><p>$7.99 ($0.03 / Foot)</p><a href="https://www.amazon.com/dp/B08PZ2VDPM?tag=eloabder-20&linkCode=osi&th=1&psc=1">View Product</a></div><div class="product"><a href="https://www.amazon.com/dp/B07TW9PGGB?tag=eloabder-20&linkCode=osi&th=1&psc=1"><img src="https://m.media-amazon.com/images/I/41C73YuzTWL._SL500_.jpg" alt="Product Image"></a><p>Macrame Cord,3mm x109 Yards 100% Natural Macrame Cords Colored Cotton Macrame Rope Craft Cord for DIY Crafts Knitting Plant Hangers Christmas Wedding Decor(Natural Color/Beige)</p><p>$4.98 ($0.02 / Foot)</p><a href="https://www.amazon.com/dp/B07TW9PGGB?tag=eloabder-20&linkCode=osi&th=1&psc=1">View Product</a></div><div class="product"><a href="https://www.amazon.com/dp/B0CS27R34B?tag=eloabder-20&linkCode=osi&th=1&psc=1"><img src="https://m.media-amazon.com/images/I/31hxjVrOTnL._SL500_.jpg" alt="Product Image"></a><p>2 mm x 330 Feet Satin Nylon Cord, Silky Smooth Nylon String for Jewelry Making Bracelet Necklaces Beading Thread Rattail Macrame Kumihimo Chinese Knot Craft</p><p>$7.99 ($0.02 / Foot)</p><a href="https://www.amazon.com/dp/B0CS27R34B?tag=eloabder-20&linkCode=osi&th=1&psc=1">View Product</a></div><div class="product"><a href="https://www.amazon.com/dp/B07GX8B3PC?tag=eloabder-20&linkCode=osi&th=1&psc=1"><img src="https://m.media-amazon.com/images/I/416oClGC4ZL._SL500_.jpg" alt="Product Image"></a><p>Tenn Well 5mm Macrame Cord, 165Feet Braided Cotton Rope Thick Craft Twine for Macrame Plant Hangers, Wall Hangings, Drawstrings, Clothes Lines, DIY Crafts (Beige)</p><p>$8.99 ($0.05 / Foot)</p><a href="https://www.amazon.com/dp/B07GX8B3PC?tag=eloabder-20&linkCode=osi&th=1&psc=1">View Product</a></div>
<div class="product"><a href="https://www.amazon.com/dp/B08LV18F93?tag=eloabder-20&linkCode=osi&th=1&psc=1"><img src="https://m.media-amazon.com/images/I/51XMGht9fSL._SL500_.jpg" alt="Product Image"></a><p>uxcell 20pcs Corrugated Cardboard Paper Sheets,Colorful,7.87-inch x 11.82-inch,for Craft and DIY Projects</p><p>$12.49 ($0.62 / Count)</p><a href="https://www.amazon.com/dp/B08LV18F93?tag=eloabder-20&linkCode=osi&th=1&psc=1">View Product</a></div><div class="product"><a href="https://www.amazon.com/dp/B009MRH3R0?tag=eloabder-20&linkCode=osi&th=1&psc=1"><img src="https://m.media-amazon.com/images/I/51KvHbQ47aL._SL500_.jpg" alt="Product Image"></a><p>Hygloss Corrugated Cardboard Sheets, 8-Pack, 8 Pieces</p><p>$10.13 ($1.27 / Count)</p><a href="https://www.amazon.com/dp/B009MRH3R0?tag=eloabder-20&linkCode=osi&th=1&psc=1">View Product</a></div><div class="product"><a href="https://www.amazon.com/dp/B08LV1DHM7?tag=eloabder-20&linkCode=osi&th=1&psc=1"><img src="https://m.media-amazon.com/images/I/41CqXQkVMyL._SL500_.jpg" alt="Product Image"></a><p>uxcell 10pcs Corrugated Cardboard Paper Sheets,Black,7.87-inch x 11.84-inch,for Craft and DIY Projects</p><p>$8.09 ($0.81 / Count)</p><a href="https://www.amazon.com/dp/B08LV1DHM7?tag=eloabder-20&linkCode=osi&th=1&psc=1">View Product</a></div><div class="product"><a href="https://www.amazon.com/dp/B07RNHX8GZ?tag=eloabder-20&linkCode=osi&th=1&psc=1"><img src="https://m.media-amazon.com/images/I/51LdlT0J20L._SL500_.jpg" alt="Product Image"></a><p>Bright Creations Corrugated Cardboard Paper Sheets (8.5 x 11 in, Black, 48-Pack)</p><p>$16.99 ($0.35 / Count)</p><a href="https://www.amazon.com/dp/B07RNHX8GZ?tag=eloabder-20&linkCode=osi&th=1&psc=1">View Product</a></div><div class="product"><a href="https://www.amazon.com/dp/B07GZHK7KC?tag=eloabder-20&linkCode=osi&th=1&psc=1"><img src="https://m.media-amazon.com/images/I/51LbINh9qtL._SL500_.jpg" alt="Product Image"></a><p>64 Pack Colored Corrugated Cardboard Sheets for Crafts, Art Projects, DIY Signs, 8 Bright Colors (8.3 x 11.8 in)</p><p>$19.99 ($0.31 / Count)</p><a href="https://www.amazon.com/dp/B07GZHK7KC?tag=eloabder-20&linkCode=osi&th=1&psc=1">View Product</a></div><div class="product"><a href="https://www.amazon.com/dp/B08LV1FW8M?tag=eloabder-20&linkCode=osi&th=1&psc=1"><img src="https://m.media-amazon.com/images/I/41glvw8zT3L._SL500_.jpg" alt="Product Image"></a><p>uxcell 10pcs Corrugated Cardboard Paper Sheets,White,7.87-inch x 11.86-inch,for Craft and DIY Projects</p><p>$9.49 ($0.95 / Count)</p><a href="https://www.amazon.com/dp/B08LV1FW8M?tag=eloabder-20&linkCode=osi&th=1&psc=1">View Product</a></div><div class="product"><a href="https://www.amazon.com/dp/B071KP3K72?tag=eloabder-20&linkCode=osi&th=1&psc=1"><img src="https://m.media-amazon.com/images/I/41Dr9t+PB8L._SL500_.jpg" alt="Product Image"></a><p>Corobuff Corrugated Paper, Brite Blue, 48" x 25', 1 Roll</p><p>$38.52</p><a href="https://www.amazon.com/dp/B071KP3K72?tag=eloabder-20&linkCode=osi&th=1&psc=1">View Product</a></div><div class="product"><a href="https://www.amazon.com/dp/B09TB1LKLG?tag=eloabder-20&linkCode=osi&th=1&psc=1"><img src="https://m.media-amazon.com/images/I/31ttSeubU9L._SL500_.jpg" alt="Product Image"></a><p>MECCANIXITY Corrugated Paper Sheets 25pcs 11.8-inch x 7.87-inch White Cardboard for DIY Craft</p><p>$13.99</p><a href="https://www.amazon.com/dp/B09TB1LKLG?tag=eloabder-20&linkCode=osi&th=1&psc=1">View Product</a></div><div class="product"><a href="https://www.amazon.com/dp/B0C372CGHG?tag=eloabder-20&linkCode=osi&th=1&psc=1"><img src="https://m.media-amazon.com/images/I/41EDnL7EWDL._SL500_.jpg" alt="Product Image"></a><p>DMiotech 5 Pack 7.87x11.81 Inch Corrugated Cardboard Paper Sheets DIY Projects Black for Box Making, Cards, Scrapbooks</p><p>$6.99 ($1.40 / Count)</p><a href="https://www.amazon.com/dp/B0C372CGHG?tag=eloabder-20&linkCode=osi&th=1&psc=1">View Product</a></div>
<div class="product"><a href="https://www.amazon.com/dp/B08PBJSDSH?tag=eloabder-20&linkCode=osi&th=1&psc=1"><img src="https://m.media-amazon.com/images/I/41pj8xbkfyL._SL500_.jpg" alt="Product Image"></a><p>100 Pieces Cotton Spun Paper Balls White Natural Spun Cotton Paper Balls Coloring Paper Balls for Making Paper Flowers DIY Crafts Decorations</p><p>$9.49</p><a href="https://www.amazon.com/dp/B08PBJSDSH?tag=eloabder-20&linkCode=osi&th=1&psc=1">View Product</a></div><div class="product"><a href="https://www.amazon.com/dp/B083W75XRT?tag=eloabder-20&linkCode=osi&th=1&psc=1"><img src="https://m.media-amazon.com/images/I/41C8TlFRJvL._SL500_.jpg" alt="Product Image"></a><p>Lia Griffith Cotton Spun Paper Balls, White, 20mm, 24 Count</p><p>$11.30 ($0.47 / Count)</p><a href="https://www.amazon.com/dp/B083W75XRT?tag=eloabder-20&linkCode=osi&th=1&psc=1">View Product</a></div>
<div class="product"><a href="https://www.amazon.com/dp/B0B1J8TYT1?tag=eloabder-20&linkCode=osi&th=1&psc=1"><img src="https://m.media-amazon.com/images/I/41NdyrANVlL._SL500_.jpg" alt="Product Image"></a><p>HOTGODEN Medium Weight 100% Cotton Muslin Fabric: 63 inch x 2,5,10 Yards Unbleached Muslin Linen Fabric Material for Sewing Material Apparel Cloth</p><p>$12.99</p><a href="https://www.amazon.com/dp/B0B1J8TYT1?tag=eloabder-20&linkCode=osi&th=1&psc=1">View Product</a></div><div class="product"><a href="https://www.amazon.com/dp/B0B9HHD1QM?tag=eloabder-20&linkCode=osi&th=1&psc=1"><img src="https://m.media-amazon.com/images/I/313O1FHX2vL._SL500_.jpg" alt="Product Image"></a><p>Craftido-19 Options-100% Cotton Fabric by The yard in Solid Color 44”Wide by 3yd (9 ft) -Medium Weight 5.2 oz- for Quilting, Sewing, Crafts, Binding, Backing and Lining - White</p><p>$22.99</p><a href="https://www.amazon.com/dp/B0B9HHD1QM?tag=eloabder-20&linkCode=osi&th=1&psc=1">View Product</a></div><div class="product"><a href="https://www.amazon.com/dp/B0BHVMLTWV?tag=eloabder-20&linkCode=osi&th=1&psc=1"><img src="https://m.media-amazon.com/images/I/21vOg9h0nXL._SL500_.jpg" alt="Product Image"></a><p>HOTGODEN Light Weight 100% Cotton Muslin Fabric: 63 inch x 2,5,10 Yards Unbleached Muslin Linen Fabric Material for Sewing Material Apparel Cloth</p><p>$12.99</p><a href="https://www.amazon.com/dp/B0BHVMLTWV?tag=eloabder-20&linkCode=osi&th=1&psc=1">View Product</a></div><div class="product"><a href="https://www.amazon.com/dp/B093BQ3GMM?tag=eloabder-20&linkCode=osi&th=1&psc=1"><img src="https://m.media-amazon.com/images/I/61UmpTb+DVS._SL500_.jpg" alt="Product Image"></a><p>42Pcs 10"x10" Quilting Cotton Fabric Squares Sheets Pre-Cut Multi-Color Design Printed Floral Craft Fabric for DIY Sewing Scrapbooking Quilting Craft Patchwork (Red/Pink/Yellow/Green/Blue/Purple)</p><p>$12.88</p><a href="https://www.amazon.com/dp/B093BQ3GMM?tag=eloabder-20&linkCode=osi&th=1&psc=1">View Product</a></div><div class="product"><a href="https://www.amazon.com/dp/B08DTBZTFC?tag=eloabder-20&linkCode=osi&th=1&psc=1"><img src="https://m.media-amazon.com/images/I/41NKhg34TpL._SL500_.jpg" alt="Product Image"></a><p>Master FAB -Black 100% Cotton Fabric by The Yard for Sewing DIY Crafting Fashion Design Washable Cloth Bundles Voile;Full Width cuttable39 x 55inches (100x140cm) (Black Solid)</p><p>$9.99</p><a href="https://www.amazon.com/dp/B08DTBZTFC?tag=eloabder-20&linkCode=osi&th=1&psc=1">View Product</a></div>
<div class="product"><a href="https://www.amazon.com/dp/B08TZZ7F3P?tag=eloabder-20&linkCode=osi&th=1&psc=1"><img src="https://m.media-amazon.com/images/I/41J8e8Zfz1S._SL500_.jpg" alt="Product Image"></a><p>Hdviai Macrame Cord - Natural Unbleached Macrame Rope - 4 Strand Twisted Cotton Rope for Wall Hanging，DIY Craft Making，Plant Hangers，Knotting Decorative Projects (White, 8mm x 20 Yards)</p><p>$9.99 ($0.17 / Foot)</p><a href="https://www.amazon.com/dp/B08TZZ7F3P?tag=eloabder-20&linkCode=osi&th=1&psc=1">View Product</a></div><div class="product"><a href="https://www.amazon.com/dp/B094Y2M3G5?tag=eloabder-20&linkCode=osi&th=1&psc=1"><img src="https://m.media-amazon.com/images/I/51C-4p5OSsS._SL500_.jpg" alt="Product Image"></a><p>SEMINI 100% Natural Cotton Cord,5mm x40 Yard Mixed Color Twine String Cord Colored Cotton Rope Craft Cord for DIY Crafts Knitting Plant Hangers Christmas Wedding Decorate (Mix Color)</p><p>$12.99</p><a href="https://www.amazon.com/dp/B094Y2M3G5?tag=eloabder-20&linkCode=osi&th=1&psc=1">View Product</a></div><div class="product"><a href="https://www.amazon.com/dp/B07NTT82FH?tag=eloabder-20&linkCode=osi&th=1&psc=1"><img src="https://m.media-amazon.com/images/I/41aw9F3nkmL._SL500_.jpg" alt="Product Image"></a><p>Feelmate 6mm x 164 Feet Cotton Rope Macrame Cord for Crafts Jewelry Making Home Decoration Gift Wrapping</p><p>$14.99 ($0.09 / Foot)</p><a href="https://www.amazon.com/dp/B07NTT82FH?tag=eloabder-20&linkCode=osi&th=1&psc=1">View Product</a></div><div class="product"><a href="https://www.amazon.com/dp/B09KRYCT3B?tag=eloabder-20&linkCode=osi&th=1&psc=1"><img src="https://m.media-amazon.com/images/I/41H918apC-L._SL500_.jpg" alt="Product Image"></a><p>Natural Cotton Rope, JEUIHAU 328 Feet 1/4 Inch Cotton Clothesline Rope, All-Purpose Braided Cotton Rope Utility Cord for Clothes Hanging, Crafting, Macrame, Basket Making, and DIY Art Projects</p><p>$25.99 ($0.08 / Foot)</p><a href="https://www.amazon.com/dp/B09KRYCT3B?tag=eloabder-20&linkCode=osi&th=1&psc=1">View Product</a></div>
<div class="product"><a href="https://www.amazon.com/dp/B07RRD6TBN?tag=eloabder-20&linkCode=osi&th=1&psc=1"><img src="https://m.media-amazon.com/images/I/31YqtfxjDuL._SL500_.jpg" alt="Product Image"></a><p>Connecting Threads 100% Cotton Thread - 1200 Yard Spool (White)</p><p>$8.99</p><a href="https://www.amazon.com/dp/B07RRD6TBN?tag=eloabder-20&linkCode=osi&th=1&psc=1">View Product</a></div><div class="product"><a href="https://www.amazon.com/dp/B07G4N3HCZ?tag=eloabder-20&linkCode=osi&th=1&psc=1"><img src="https://m.media-amazon.com/images/I/413UnNketKL._SL500_.jpg" alt="Product Image"></a><p>2-Pack - Gutermann Natural Cotton Thread Solids 876 Yards Each - White (800C 5709)</p><p>$16.17 ($8.08 / Count)</p><a href="https://www.amazon.com/dp/B07G4N3HCZ?tag=eloabder-20&linkCode=osi&th=1&psc=1">View Product</a></div><div class="product"><a href="https://www.amazon.com/dp/B07RSFSYLY?tag=eloabder-20&linkCode=osi&th=1&psc=1"><img src="https://m.media-amazon.com/images/I/31dM1Mx2uIL._SL500_.jpg" alt="Product Image"></a><p>Connecting Threads 100% Cotton Essential Thread 5000 Yard Cone (White)</p><p>$16.99</p><a href="https://www.amazon.com/dp/B07RSFSYLY?tag=eloabder-20&linkCode=osi&th=1&psc=1">View Product</a></div><div class="product"><a href="https://www.amazon.com/dp/B074H1JTPK?tag=eloabder-20&linkCode=osi&th=1&psc=1"><img src="https://m.media-amazon.com/images/I/41tOL4rkfFL._SL500_.jpg" alt="Product Image"></a><p>Simthread 12 Multi Colors 100% Cotton Sewing Thread 50s/3 Thread for Quilting etc - 550 Yards Each 12C02</p><p>$21.99 ($0.00 / Foot)</p><a href="https://www.amazon.com/dp/B074H1JTPK?tag=eloabder-20&linkCode=osi&th=1&psc=1">View Product</a></div><div class="product"><a href="https://www.amazon.com/dp/B07RPCNYXW?tag=eloabder-20&linkCode=osi&th=1&psc=1"><img src="https://m.media-amazon.com/images/I/41iUqMPb-gL._SL500_.jpg" alt="Product Image"></a><p>Connecting Threads 100% Cotton Thread - 1200 Yard Spool (Red)</p><p>$8.99</p><a href="https://www.amazon.com/dp/B07RPCNYXW?tag=eloabder-20&linkCode=osi&th=1&psc=1">View Product</a></div>
<div class="product"><a href="https://www.amazon.com/dp/B09SL5LT8W?tag=eloabder-20&linkCode=osi&th=1&psc=1"><img src="https://m.media-amazon.com/images/I/512Dhz0oTrL._SL500_.jpg" alt="Product Image"></a><p>B-7000 Glue Clear for Rhinestone Crafts, Jewelry and Bead Adhesive B7000 Semi Fluid High Viscosity Glues for Clothes Shoes Fabric Cell Phones Screen Repair Metal Stone Nail Art Glass (4x15 ml/0.5 oz)</p><p>$5.45</p><a href="https://www.amazon.com/dp/B09SL5LT8W?tag=eloabder-20&linkCode=osi&th=1&psc=1">View Product</a></div><div class="product"><a href="https://www.amazon.com/dp/B00178KLEY?tag=eloabder-20&linkCode=osi&th=1&psc=1"><img src="https://m.media-amazon.com/images/I/31wcgL5xRkL._SL500_.jpg" alt="Product Image"></a><p>Aleene's All Purpose Tacky Glue, 8-Ounce</p><p>$2.44 ($0.30 / Fl Oz)</p><a href="https://www.amazon.com/dp/B00178KLEY?tag=eloabder-20&linkCode=osi&th=1&psc=1">View Product</a></div><div class="product"><a href="https://www.amazon.com/dp/B088NN5GD8?tag=eloabder-20&linkCode=osi&th=1&psc=1"><img src="https://m.media-amazon.com/images/I/417dgxV3dfL._SL500_.jpg" alt="Product Image"></a><p>Bearly Art Precision Craft Glue - The Mini - 2fl oz with Tip Kit - Acid Free Archival - Strong Hold Adhesive - Ideal for Fine Paper Crafting Scrapbooking and Card Making - Made in USA</p><p>$12.99</p><a href="https://www.amazon.com/dp/B088NN5GD8?tag=eloabder-20&linkCode=osi&th=1&psc=1">View Product</a></div><div class="product"><a href="https://www.amazon.com/dp/B000BY6THS?tag=eloabder-20&linkCode=osi&th=1&psc=1"><img src="https://m.media-amazon.com/images/I/41WhjtET6sL._SL500_.jpg" alt="Product Image"></a><p>Aleene's Clear Gel Tacky Glue 4oz</p><p>$2.33</p><a href="https://www.amazon.com/dp/B000BY6THS?tag=eloabder-20&linkCode=osi&th=1&psc=1">View Product</a></div><div class="product"><a href="https://www.amazon.com/dp/B00KD6ZHA4?tag=eloabder-20&linkCode=osi&th=1&psc=1"><img src="https://m.media-amazon.com/images/I/31oecXt0Q+L._SL500_.jpg" alt="Product Image"></a><p>Aleene's Gel Glue, 8-Ounce, Clear</p><p>$4.44 ($0.56 / Fl Oz)</p><a href="https://www.amazon.com/dp/B00KD6ZHA4?tag=eloabder-20&linkCode=osi&th=1&psc=1">View Product</a></div><div class="product"><a href="https://www.amazon.com/dp/B07Y6RWHP1?tag=eloabder-20&linkCode=osi&th=1&psc=1"><img src="https://m.media-amazon.com/images/I/41B6C8VaOWL._SL500_.jpg" alt="Product Image"></a><p>Bearly Art Precision Craft Glue - The Original - 4fl oz - Tip Kit Included - Dries Clear - Metal Tip - Wrinkle Resistant - Flexible and Crack Resistant - Strong Hold Adhesive - Made in USA</p><p>$19.99 ($5.00 / Fl Oz)</p><a href="https://www.amazon.com/dp/B07Y6RWHP1?tag=eloabder-20&linkCode=osi&th=1&psc=1">View Product</a></div><div class="product"><a href="https://www.amazon.com/dp/B0D1BYTYWD?tag=eloabder-20&linkCode=osi&th=1&psc=1"><img src="https://m.media-amazon.com/images/I/41P6pr3DnTL._SL500_.jpg" alt="Product Image"></a><p>Joez Wonderful 6 Sheets Foam Adhesive Squares, 990pcs Total Double Sided Self Adhesive Dots, Precut Squares Strips Foam Tape for DIY Arts & Crafts, 2 Sizes (0.47in/12mm, 0.24in/6mm)</p><p>$5.59</p><a href="https://www.amazon.com/dp/B0D1BYTYWD?tag=eloabder-20&linkCode=osi&th=1&psc=1">View Product</a></div><div class="product"><a href="https://www.amazon.com/dp/B001683NAO?tag=eloabder-20&linkCode=osi&th=1&psc=1"><img src="https://m.media-amazon.com/images/I/31cwr-m138L._SL500_.jpg" alt="Product Image"></a><p>BEACON 3-in-1 Advanced Craft Glue - Fast-Drying, Crystal Clear Adhesive for Wood, Ceramics, Fabrics, and More, 4-Ounce</p><p>$8.99 ($2.25 / Fl Oz)</p><a href="https://www.amazon.com/dp/B001683NAO?tag=eloabder-20&linkCode=osi&th=1&psc=1">View Product</a></div><div class="product"><a href="https://www.amazon.com/dp/B0C5CB2KCT?tag=eloabder-20&linkCode=osi&th=1&psc=1"><img src="https://m.media-amazon.com/images/I/51GvFpuq9BL._SL500_.jpg" alt="Product Image"></a><p>B-7000 Craft Glue for Jewelry Making - 15ml/0.5oz (2 Pack) - Multi-Function B-7000 Super Adhesive Glues Liquid Fusion Glue for Rhinestones Crafts, Clothes Shoes, Fabric, Jewelry Making, Cell Phones</p><p>$5.99</p><a href="https://www.amazon.com/dp/B0C5CB2KCT?tag=eloabder-20&linkCode=osi&th=1&psc=1">View Product</a></div><div class="product"><a href="https://www.amazon.com/dp/B0011N832C?tag=eloabder-20&linkCode=osi&th=1&psc=1"><img src="https://m.media-amazon.com/images/I/41VYA3-u1QL._SL500_.jpg" alt="Product Image"></a><p>Glue Dots, Craft Dots, Double-Sided, 1/2", .5 Inch, 200 Dots, DIY Craft Glue Tape, Sticky Adhesive Glue Points, Liquid Hot Glue Alternative, Clear</p><p>$4.88 ($0.02 / Count)</p><a href="https://www.amazon.com/dp/B0011N832C?tag=eloabder-20&linkCode=osi&th=1&psc=1">View Product</a></div>
<div class="product"><a href="https://www.amazon.com/dp/B07V3HLBVF?tag=eloabder-20&linkCode=osi&th=1&psc=1"><img src="https://m.media-amazon.com/images/I/41siDRjPEoL._SL500_.jpg" alt="Product Image"></a><p>bagmad 100 Pack 8x4.75x10 inch Plain Medium Paper Bags with Handles Bulk, Brown Kraft Bags, Craft Gift Bags, Grocery Shopping Retail Bags, Birthday Party Favors Wedding Bags Sacks (Brown, 100pcs)</p><p>$26.46 ($0.26 / Count)</p><a href="https://www.amazon.com/dp/B07V3HLBVF?tag=eloabder-20&linkCode=osi&th=1&psc=1">View Product</a></div><div class="product"><a href="https://www.amazon.com/dp/B07MLM81VG?tag=eloabder-20&linkCode=osi&th=1&psc=1"><img src="https://m.media-amazon.com/images/I/31j9z9qZ3mL._SL500_.jpg" alt="Product Image"></a><p>Qutuus Kraft Paper Bags with Handles Bulk 8x4.5x10 100 pcs Brown Paper Gift Bags Bulk Medium Size Kraft Bags, Brown Bags, Shopping Bags, Retail Bags, Craft Bags for Small Business</p><p>$25.99</p><a href="https://www.amazon.com/dp/B07MLM81VG?tag=eloabder-20&linkCode=osi&th=1&psc=1">View Product</a></div><div class="product"><a href="https://www.amazon.com/dp/B0CJ8PHN2Z?tag=eloabder-20&linkCode=osi&th=1&psc=1"><img src="https://m.media-amazon.com/images/I/41e7VEiBNIL._SL500_.jpg" alt="Product Image"></a><p>100 Pack 5.8x3.2x8.25 Inch Brown Kraft Paper Gift Bags with Handles - Bulk Small Plain Natural Bags for Birthday Party Favors, Grocery, Retail Shopping, Wedding, Craft, Goody, Takeouts, and Business</p><p>$18.99</p><a href="https://www.amazon.com/dp/B0CJ8PHN2Z?tag=eloabder-20&linkCode=osi&th=1&psc=1">View Product</a></div><div class="product"><a href="https://www.amazon.com/dp/B0BWMY43TD?tag=eloabder-20&linkCode=osi&th=1&psc=1"><img src="https://m.media-amazon.com/images/I/41FVul0hWRL._SL500_.jpg" alt="Product Image"></a><p>Brothersbox Brown Paper Bags with Handles Bulk 100PCS Kraft Paper Bags, 8 * 4.76 * 10 Inch Medium Craft Paper Gift Bags for Birthday Party Grocery Retail Shopping Business</p><p>$24.99</p><a href="https://www.amazon.com/dp/B0BWMY43TD?tag=eloabder-20&linkCode=osi&th=1&psc=1">View Product</a></div><div class="product"><a href="https://www.amazon.com/dp/B0C13GRG4D?tag=eloabder-20&linkCode=osi&th=1&psc=1"><img src="https://m.media-amazon.com/images/I/41L33B24HtL._SL500_.jpg" alt="Product Image"></a><p>Toovip 90 Pack Plain Brown Kraft Paper Bags with Handles Bulk, Multiple 3 Assorted Sizes Gift Bags for Favors Grocery Retail Party Birthday Shopping Business Goody Craft Merchandise Take Out Sacks</p><p>$26.99 ($0.30 / Count)</p><a href="https://www.amazon.com/dp/B0C13GRG4D?tag=eloabder-20&linkCode=osi&th=1&psc=1">View Product</a></div><div class="product"><a href="https://www.amazon.com/dp/B09Z2N3QKT?tag=eloabder-20&linkCode=osi&th=1&psc=1"><img src="https://m.media-amazon.com/images/I/416VQ3Ke3PL._SL500_.jpg" alt="Product Image"></a><p>Moretoes 40pcs Brown Paper Bags with Handles Assorted Size Gift Bags, Kraft Paper Bags, Paper Shopping Bags, Craft Bags, Merchandise Bags</p><p>$20.99</p><a href="https://www.amazon.com/dp/B09Z2N3QKT?tag=eloabder-20&linkCode=osi&th=1&psc=1">View Product</a></div><div class="product"><a href="https://www.amazon.com/dp/B0CHMTKBWS?tag=eloabder-20&linkCode=osi&th=1&psc=1"><img src="https://m.media-amazon.com/images/I/31QBYQW7LOL._SL500_.jpg" alt="Product Image"></a><p>Oikss 100 Pack 10x5x13 Plain Natural Brown Kraft Paper Bags with Handles Bulk for Birthday Party Favors Grocery Retail Shopping Business Goody Recycled Craft Gift Bags (Large Size, 100 Count)</p><p>$30.99</p><a href="https://www.amazon.com/dp/B0CHMTKBWS?tag=eloabder-20&linkCode=osi&th=1&psc=1">View Product</a></div><div class="product"><a href="https://www.amazon.com/dp/B0CRD6RXP3?tag=eloabder-20&linkCode=osi&th=1&psc=1"><img src="https://m.media-amazon.com/images/I/51lEnA2mgNL._SL500_.jpg" alt="Product Image"></a><p>XPCARE 100Pack Brown Paper Bags 8x4.5x10 Inch, Plain Medium Paper Bags with Handles Bulk, Kraft Paper Gift Bags, Retail Bags, Party Bags, Shopping Bags, Favor Bags</p><p>$19.99</p><a href="https://www.amazon.com/dp/B0CRD6RXP3?tag=eloabder-20&linkCode=osi&th=1&psc=1">View Product</a></div><div class="product"><a href="https://www.amazon.com/dp/B07V3J3Y5V?tag=eloabder-20&linkCode=osi&th=1&psc=1"><img src="https://m.media-amazon.com/images/I/41wn1f3QStL._SL500_.jpg" alt="Product Image"></a><p>bagmad 100 Pack 5.25x3.25x8 inch Brown Small Paper Bags with Handles Bulk, Gift Paper Bags, Kraft Birthday Party Favors Grocery Retail Shopping Craft Bags Takeouts Business (Plain Natural 100pcs)</p><p>$20.99 ($0.21 / Count)</p><a href="https://www.amazon.com/dp/B07V3J3Y5V?tag=eloabder-20&linkCode=osi&th=1&psc=1">View Product</a></div><div class="product"><a href="https://www.amazon.com/dp/B09HBN5248?tag=eloabder-20&linkCode=osi&th=1&psc=1"><img src="https://m.media-amazon.com/images/I/41iWymlepRL._SL500_.jpg" alt="Product Image"></a><p>Oikss 100 Pack 5.25x3.25x8.25 Inch Small Plain Natural Paper Kraft Gift Bags with Handles Bulk for Birthday Party Favors Grocery Retail Shopping Business Goody Craft Bags Cub (Brown 100 Count)</p><p>$20.99 ($0.21 / Count)</p><a href="https://www.amazon.com/dp/B09HBN5248?tag=eloabder-20&linkCode=osi&th=1&psc=1">View Product</a></div>
<div class="product"><a href="https://www.amazon.com/dp/B09C1YL7RQ?tag=eloabder-20&linkCode=osi&th=1&psc=1"><img src="https://m.media-amazon.com/images/I/615lFU8obCL._SL500_.jpg" alt="Product Image"></a><p>1000+ pcs Pony Beads, Multi-Colored Bracelet Beads for Hair Braids, Crafts, Plastic Beads (Medium Pack, Classic)…</p><p>$6.99 ($0.01 / Count)</p><a href="https://www.amazon.com/dp/B09C1YL7RQ?tag=eloabder-20&linkCode=osi&th=1&psc=1">View Product</a></div>
<div class="product"><a href="https://www.amazon.com/dp/B0C1RC5Y7F?tag=eloabder-20&linkCode=osi&th=1&psc=1"><img src="https://m.media-amazon.com/images/I/41Sf-YEnE+L._SL500_.jpg" alt="Product Image"></a><p>PerkHomy Brown Kraft Paper Roll 17.5" x 1,200" (100') for Gift Wrapping Bulletin Board Kids Craft Art Bouquet Flower Packing Moving Shipping Floor Covering Table 70GSM 50LB (Brown, 17.5" x 100')</p><p>$5.98</p><a href="https://www.amazon.com/dp/B0C1RC5Y7F?tag=eloabder-20&linkCode=osi&th=1&psc=1">View Product</a></div>
<div class="product"><a href="https://www.amazon.com/dp/B0044SA67G?tag=eloabder-20&linkCode=osi&th=1&psc=1"><img src="https://m.media-amazon.com/images/I/51UEqn6-w3L._SL500_.jpg" alt="Product Image"></a><p>Hygloss Products - 77640 Colorful Blank Books – Books for Journaling, Sketching, Writing & More – Great for Arts & Crafts - 10 Assorted Bright, Fun Colors - Pocket-Size - 4.25 x 5.5 Inches - 10 Pack</p><p>$8.18 ($0.82 / Count)</p><a href="https://www.amazon.com/dp/B0044SA67G?tag=eloabder-20&linkCode=osi&th=1&psc=1">View Product</a></div><div class="product"><a href="https://www.amazon.com/dp/B09WQCHK3M?tag=eloabder-20&linkCode=osi&th=1&psc=1"><img src="https://m.media-amazon.com/images/I/61JMYPiYGRL._SL500_.jpg" alt="Product Image"></a><p>Aigybobo Origami Paper Set, 308PCS Kids Craft Paper Kit with Instructional Book for Girls Age 6,7,8,9,10,11,12, Art Projects Supplies for School Class Craft Lessons- Christmas Gifts for Boys&Girls</p><p>$12.99</p><a href="https://www.amazon.com/dp/B09WQCHK3M?tag=eloabder-20&linkCode=osi&th=1&psc=1">View Product</a></div><div class="product"><a href="https://www.amazon.com/dp/B00I7E56NC?tag=eloabder-20&linkCode=osi&th=1&psc=1"><img src="https://m.media-amazon.com/images/I/21cxSReF5yL._SL500_.jpg" alt="Product Image"></a><p>Hygloss Products White Blank Books – Great Books for Journaling, Sketching, Writing & More – Fun for Arts & Crafts - Pocket-size - 4.25 x 5.5 Inches - 10 Pack</p><p>$13.00</p><a href="https://www.amazon.com/dp/B00I7E56NC?tag=eloabder-20&linkCode=osi&th=1&psc=1">View Product</a></div><div class="product"><a href="https://www.amazon.com/dp/B07YGRCXVT?tag=eloabder-20&linkCode=osi&th=1&psc=1"><img src="https://m.media-amazon.com/images/I/51Oxy0SqbES._SL500_.jpg" alt="Product Image"></a><p>Origami Paper | 350 Origami Paper Kit | Set Includes - 300 Sheets 20 Colors 6x6 | 50 Traditional Japanese Patterns | Origami Book 25 Easy Colored Projects | Kids Crafts | Christmas Gifts for boys 8-12</p><p>$17.99</p><a href="https://www.amazon.com/dp/B07YGRCXVT?tag=eloabder-20&linkCode=osi&th=1&psc=1">View Product</a></div><div class="product"><a href="https://www.amazon.com/dp/B07VDCVN3T?tag=eloabder-20&linkCode=osi&th=1&psc=1"><img src="https://m.media-amazon.com/images/I/516u8vopNML._SL500_.jpg" alt="Product Image"></a><p>Gamenote Colorful Origami Kit for Kids 54 Projects 120 Double Sided Origami Paper 12 Sheets Practice Papers Instructional Origami Book Origami Gift for 4+ Girls Boys Adult Beginners Training Craft</p><p>$11.99</p><a href="https://www.amazon.com/dp/B07VDCVN3T?tag=eloabder-20&linkCode=osi&th=1&psc=1">View Product</a></div>



<div class="product"><a href="https://www.amazon.com/dp/B01GCLS32M?tag=eloabder-20&linkCode=osi&th=1&psc=1"><img src="https://m.media-amazon.com/images/I/51xf1ALKGyL._SL500_.jpg" alt="Product Image"></a><p>42pcs Felt Fabric Sheet 4"x4" Assorted Color DIY Craft Squares Nonwoven 1mm Thick</p><p>$6.68</p><a href="https://www.amazon.com/dp/B01GCLS32M?tag=eloabder-20&linkCode=osi&th=1&psc=1">View Product</a></div><div class="product"><a href="https://www.amazon.com/dp/B0CY56NFL7?tag=eloabder-20&linkCode=osi&th=1&psc=1"><img src="https://m.media-amazon.com/images/I/51jZtTDxNCL._SL500_.jpg" alt="Product Image"></a><p>XSEINO 12 Rolls 8"x35"(20.5x90cm) 1.4mm Thick Soft Felt Fabric Sheet 12 Assorted Colors Felt Pack for DIY Craft Sewing Squares Nonwoven Patchwork</p><p>$11.99</p><a href="https://www.amazon.com/dp/B0CY56NFL7?tag=eloabder-20&linkCode=osi&th=1&psc=1">View Product</a></div><div class="product"><a href="https://www.amazon.com/dp/B07VHMT14L?tag=eloabder-20&linkCode=osi&th=1&psc=1"><img src="https://m.media-amazon.com/images/I/61DSrnEAvjL._SL500_.jpg" alt="Product Image"></a><p>150Pcs 4" x 4" (10cm x 10cm) Cotton Craft Fabric Bundle Squares,Squares Sheets Patchwork,Pre-Cut Quilt Squares,DIY Sewing Quarters Bundle,Quilting Fabric Bundles</p><p>$9.99</p><a href="https://www.amazon.com/dp/B07VHMT14L?tag=eloabder-20&linkCode=osi&th=1&psc=1">View Product</a></div><div class="product"><a href="https://www.amazon.com/dp/B08GJHYMGN?tag=eloabder-20&linkCode=osi&th=1&psc=1"><img src="https://m.media-amazon.com/images/I/51wD1FT1eeL._SL500_.jpg" alt="Product Image"></a><p>50pcs 8 x 8 inches Multicolor Cotton Fabric Bundle Squares for Quilting Sewing, Precut Fabric Squares for Craft Patchwork</p><p>$13.77</p><a href="https://www.amazon.com/dp/B08GJHYMGN?tag=eloabder-20&linkCode=osi&th=1&psc=1">View Product</a></div><div class="product"><a href="https://www.amazon.com/dp/B0C6K98T96?tag=eloabder-20&linkCode=osi&th=1&psc=1"><img src="https://m.media-amazon.com/images/I/51M-+hitpAL._SL500_.jpg" alt="Product Image"></a><p>42pcs 6 x 6 inches Felt Fabric Sheets - Fabrics DIY Craftwork Sewing Patchwork, Felt Crafts Assorted Colour Polyester Felt Sheet for Art and Craft</p><p>$4.99</p><a href="https://www.amazon.com/dp/B0C6K98T96?tag=eloabder-20&linkCode=osi&th=1&psc=1">View Product</a></div><div class="product"><a href="https://www.amazon.com/dp/B0C9BYD9ND?tag=eloabder-20&linkCode=osi&th=1&psc=1"><img src="https://m.media-amazon.com/images/I/418r7XqmEKL._SL500_.jpg" alt="Product Image"></a><p>40Pcs Felt Fabric Sheets - 4x4 inch DIY Craft Felt, 1mm Thick Non-Woven Patchwork Material for School Projects & Decoration - 40 Assorted Colors (10 x 10cm)</p><p>$4.99</p><a href="https://www.amazon.com/dp/B0C9BYD9ND?tag=eloabder-20&linkCode=osi&th=1&psc=1">View Product</a></div><div class="product"><a href="https://www.amazon.com/dp/B0BWRN4RHP?tag=eloabder-20&linkCode=osi&th=1&psc=1"><img src="https://m.media-amazon.com/images/I/51HHQcV3njL._SL500_.jpg" alt="Product Image"></a><p>Large Stiff Felt Sheets Bundle: LOTOFUN 10pcs 8x35Inch Assorted Rainbow Color Felts Sheet for Kids Crafts Squares Nonwoven Patchwork DIY Sewing</p><p>$11.99</p><a href="https://www.amazon.com/dp/B0BWRN4RHP?tag=eloabder-20&linkCode=osi&th=1&psc=1">View Product</a></div>
<div class="product"><a href="https://www.amazon.com/dp/B003U6QIUC?tag=eloabder-20&linkCode=osi&th=1&psc=1"><img src="https://m.media-amazon.com/images/I/51PyPJgIPlL._SL500_.jpg" alt="Product Image"></a><p>School Smart 85836 Maribu Feathers - 1/2 Ounce - Set of 150 - Assorted Colors</p><p>$3.52</p><a href="https://www.amazon.com/dp/B003U6QIUC?tag=eloabder-20&linkCode=osi&th=1&psc=1">View Product</a></div>
<div class="product"><a href="https://www.amazon.com/dp/B089DPDYKV?tag=eloabder-20&linkCode=osi&th=1&psc=1"><img src="https://m.media-amazon.com/images/I/51L58by1dXL._SL500_.jpg" alt="Product Image"></a><p>Better Office Products 100 Pack EVA Foam Sheets, 5.5 x 8.5 Inch, Assorted Colors (20 Colors), 2mm Thick, for Arts and Crafts, 100 Sheets</p><p>$13.99 ($0.14 / Count)</p><a href="https://www.amazon.com/dp/B089DPDYKV?tag=eloabder-20&linkCode=osi&th=1&psc=1">View Product</a></div><div class="product"><a href="https://www.amazon.com/dp/B08YXYN327?tag=eloabder-20&linkCode=osi&th=1&psc=1"><img src="https://m.media-amazon.com/images/I/41VfV+-ZFTL._SL500_.jpg" alt="Product Image"></a><p>EVA Foam Cosplay - 2mm (1mm to 10mm) - Black or White - 14" x 39" Sheet - Ultra High Density Craft Foam 85 kg/m3 - by The Foamory</p><p>$14.99</p><a href="https://www.amazon.com/dp/B08YXYN327?tag=eloabder-20&linkCode=osi&th=1&psc=1">View Product</a></div><div class="product"><a href="https://www.amazon.com/dp/B0CMTJDYRN?tag=eloabder-20&linkCode=osi&th=1&psc=1"><img src="https://m.media-amazon.com/images/I/310JuSzt+mL._SL500_.jpg" alt="Product Image"></a><p>Do²ping White Foam Sheets Crafts, 8.5x5.5 Inch Eva Craft Foam Paper for Crafts Project Classroom Scrapbook DIY Cosplay (White-10 Sheets)</p><p>$4.89 ($0.49 / Count)</p><a href="https://www.amazon.com/dp/B0CMTJDYRN?tag=eloabder-20&linkCode=osi&th=1&psc=1">View Product</a></div><div class="product"><a href="https://www.amazon.com/dp/B0C8B6N9TG?tag=eloabder-20&linkCode=osi&th=1&psc=1"><img src="https://m.media-amazon.com/images/I/51j0TiXHCTL._SL500_.jpg" alt="Product Image"></a><p>120 Pack EVA Foam Sheets, 8 x 6 Inch, 1mm Thick, Assorted 15 Colors Craft Foam Paper for School Supply and DIY Handcraft Projects</p><p>$15.99 ($0.13 / Count)</p><a href="https://www.amazon.com/dp/B0C8B6N9TG?tag=eloabder-20&linkCode=osi&th=1&psc=1">View Product</a></div>
<div class="product"><a href="https://www.amazon.com/dp/B01EK7LGH4?tag=eloabder-20&linkCode=osi&th=1&psc=1"><img src="https://m.media-amazon.com/images/I/41Xx+D+j6XL._SL500_.jpg" alt="Product Image"></a><p>Aleene's 3 Pack, 8 oz Tacky Glue, 8 FL OZ, Original Version 3 Count</p><p>$11.17 ($0.47 / Fl Oz)</p><a href="https://www.amazon.com/dp/B01EK7LGH4?tag=eloabder-20&linkCode=osi&th=1&psc=1">View Product</a></div><div class="product"><a href="https://www.amazon.com/dp/B0D59G56SG?tag=eloabder-20&linkCode=osi&th=1&psc=1"><img src="https://m.media-amazon.com/images/I/41BsDwUSwdL._SL500_.jpg" alt="Product Image"></a><p>4oz Craft Glue & Precision Tips, Strong Tacky Glue, Craft Glue Bottles with Fine Tip, Craft Glue Dry Clear, Fabric Glue Permanent for Paper Crafting Scrapbooking/Card Making/Etc</p><p>$8.58</p><a href="https://www.amazon.com/dp/B0D59G56SG?tag=eloabder-20&linkCode=osi&th=1&psc=1">View Product</a></div><div class="product"><a href="https://www.amazon.com/dp/B004DNX6EW?tag=eloabder-20&linkCode=osi&th=1&psc=1"><img src="https://m.media-amazon.com/images/I/51RkAeJv5hL._SL500_.jpg" alt="Product Image"></a><p>ELMERS CraftBond Extra Strength Glue Sticks, 6 Grams, 4 Count</p><p>$9.89 ($2.47 / Count)</p><a href="https://www.amazon.com/dp/B004DNX6EW?tag=eloabder-20&linkCode=osi&th=1&psc=1">View Product</a></div>
<div class="product"><a href="https://www.amazon.com/dp/B01ELWWX98?tag=eloabder-20&linkCode=osi&th=1&psc=1"><img src="https://m.media-amazon.com/images/I/51g67GhksOL._SL500_.jpg" alt="Product Image"></a><p>Maybe Swearing Will Help Adult Coloring Book Set - for Adults Relaxation with Markers in a Case - Motivational Swear Word Anxiety Relief - Color Cuss & Laugh Your Way to Less Stress</p><p>$24.99</p><a href="https://www.amazon.com/dp/B01ELWWX98?tag=eloabder-20&linkCode=osi&th=1&psc=1">View Product</a></div><div class="product"><a href="https://www.amazon.com/dp/B09X1YX59W?tag=eloabder-20&linkCode=osi&th=1&psc=1"><img src="https://m.media-amazon.com/images/I/61Cr68venIL._SL500_.jpg" alt="Product Image"></a><p>Hula Home Stained Glass Mandala Art Kit - DIY Window Clings with Markers, 10 Suncatchers - Perfect Hobby for Adults, Kids, Teens & Seniors - Ideal Gift for Beginners, Women & Elderly</p><p>$15.99</p><a href="https://www.amazon.com/dp/B09X1YX59W?tag=eloabder-20&linkCode=osi&th=1&psc=1">View Product</a></div><div class="product"><a href="https://www.amazon.com/dp/B0CGD74KX7?tag=eloabder-20&linkCode=osi&th=1&psc=1"><img src="https://m.media-amazon.com/images/I/51rNpMlv3wL._SL500_.jpg" alt="Product Image"></a><p>Shimmer Markers Outline Double Line: 12 Colors Metallic Glitter Pens Set Sparkle Kid Age 4 8 10 14 16 Year Old Gift Doodle Drawing Supplies Art Craft Teen Girl Cute Stuff Mother's Day Basket Ideas</p><p>$9.99</p><a href="https://www.amazon.com/dp/B0CGD74KX7?tag=eloabder-20&linkCode=osi&th=1&psc=1">View Product</a></div>

<div class="product"><a href="https://www.amazon.com/dp/B08395C5GC?tag=eloabder-20&linkCode=osi&th=1&psc=1"><img src="https://m.media-amazon.com/images/I/61OgJOjMgQL._SL500_.jpg" alt="Product Image"></a><p>hapray Origami Kit 144 sheets Origami Paper for Kids 72 Patterns with Craft Guiding Book</p><p>$13.97</p><a href="https://www.amazon.com/dp/B08395C5GC?tag=eloabder-20&linkCode=osi&th=1&psc=1">View Product</a></div><div class="product"><a href="https://www.amazon.com/dp/B098WP659T?tag=eloabder-20&linkCode=osi&th=1&psc=1"><img src="https://m.media-amazon.com/images/I/61D4gTo+S1L._SL500_.jpg" alt="Product Image"></a><p>pigipigi Craft Origami Paper for Kids - 208 Sheets Vivid Colorful Folding Papers 54 Patterns Art Projects Kit for 5 6 7 8 9 10 11 12 Years Old Girl Boy Teen Birthday Gift Preschool Educational Toy</p><p>$11.99</p><a href="https://www.amazon.com/dp/B098WP659T?tag=eloabder-20&linkCode=osi&th=1&psc=1">View Product</a></div>
<div class="product"><a href="https://www.amazon.com/dp/B08TWGWRG4?tag=eloabder-20&linkCode=osi&th=1&psc=1"><img src="https://m.media-amazon.com/images/I/51KMwCTx2eL._SL500_.jpg" alt="Product Image"></a><p>Homum 200pcs Premium Gift Tags with 200 Root Natural Jute Twine, Double-Sided Available Kraft Paper Price Tags, Craft Tags Labels Jewelry Tags with String for Wedding Christmas Day Thanksgiving</p><p>$5.99</p><a href="https://www.amazon.com/dp/B08TWGWRG4?tag=eloabder-20&linkCode=osi&th=1&psc=1">View Product</a></div><div class="product"><a href="https://www.amazon.com/dp/B0BNG993ZV?tag=eloabder-20&linkCode=osi&th=1&psc=1"><img src="https://m.media-amazon.com/images/I/51xRPDQUVHL._SL500_.jpg" alt="Product Image"></a><p>200 Pack 2.2 Inch Wood Tags with Hole and Twine, Clipped Corner Rectangle Wooden Gifts Tag for Crafts Unfinished Labels (1.2x2.2 in)</p><p>$9.99 ($0.05 / Count)</p><a href="https://www.amazon.com/dp/B0BNG993ZV?tag=eloabder-20&linkCode=osi&th=1&psc=1">View Product</a></div><div class="product"><a href="https://www.amazon.com/dp/B07N1T58K9?tag=eloabder-20&linkCode=osi&th=1&psc=1"><img src="https://m.media-amazon.com/images/I/41dUfeOE8BL._SL500_.jpg" alt="Product Image"></a><p>2.5" x 3" Vintage Frame Brown Kraft Present Tag Sticker / 250 Present Labels/Canning Packaging Organization Label/Made in The USA</p><p>$15.99</p><a href="https://www.amazon.com/dp/B07N1T58K9?tag=eloabder-20&linkCode=osi&th=1&psc=1">View Product</a></div>
<div class="product"><a href="https://www.amazon.com/dp/B08Y8YRXVQ?tag=eloabder-20&linkCode=osi&th=1&psc=1"><img src="https://m.media-amazon.com/images/I/51DyT7Dd1BL._SL500_.jpg" alt="Product Image"></a><p>72 Pieces Craft Magnets Glass Ceramic Ferrite Magnet with Adhesive Backing and Transparent Clear Glass Cabochons for DIY Craft Fridge Refrigerator Magnets Pendants(Round,1 Inch)</p><p>$12.99 ($0.18 / Count)</p><a href="https://www.amazon.com/dp/B08Y8YRXVQ?tag=eloabder-20&linkCode=osi&th=1&psc=1">View Product</a></div><div class="product"><a href="https://www.amazon.com/dp/B07XDC7FP9?tag=eloabder-20&linkCode=osi&th=1&psc=1"><img src="https://m.media-amazon.com/images/I/41JKgogWT9L._SL500_.jpg" alt="Product Image"></a><p>Magnetic Dots - Self Adhesive Magnet Dots (0.8" x 0.8") - Classroom Must Have Peel & Stick Magnetic Circles - Flexible Sticky Magnets - Sheets is Alternative, Stickers, Strip, Magnetic Tape (120 Pcs)</p><p>$17.99</p><a href="https://www.amazon.com/dp/B07XDC7FP9?tag=eloabder-20&linkCode=osi&th=1&psc=1">View Product</a></div><div class="product"><a href="https://www.amazon.com/dp/B0CSS92G7H?tag=eloabder-20&linkCode=osi&th=1&psc=1"><img src="https://m.media-amazon.com/images/I/51HRyW91ivL._SL500_.jpg" alt="Product Image"></a><p>116pcs Craft Magnets Glass Ceramic Ferrite Magnet with Adhesive Backing and Clear Glass Cabochons for DIY Craft Fridge Refrigerator Magnets (Round,1 Inch,58 Sets)</p><p>$11.96</p><a href="https://www.amazon.com/dp/B0CSS92G7H?tag=eloabder-20&linkCode=osi&th=1&psc=1">View Product</a></div><div class="product"><a href="https://www.amazon.com/dp/B09WCXS3NV?tag=eloabder-20&linkCode=osi&th=1&psc=1"><img src="https://m.media-amazon.com/images/I/51jUQGCcMPL._SL500_.jpg" alt="Product Image"></a><p>DIYMAG Magnetic Adhesive Sheets, |4" x 6"|, 10 Pack Cuttable, Flexible magnet sheets with adhesive for Crafts, Photos, Easy Peel and Stick</p><p>$5.99 ($0.60 / Count)</p><a href="https://www.amazon.com/dp/B09WCXS3NV?tag=eloabder-20&linkCode=osi&th=1&psc=1">View Product</a></div><div class="product"><a href="https://www.amazon.com/dp/B08MVRBN2C?tag=eloabder-20&linkCode=osi&th=1&psc=1"><img src="https://m.media-amazon.com/images/I/51YQW8Hbf3S._SL500_.jpg" alt="Product Image"></a><p>Round Magnets with Adhesive Backing, 120 Pieces Magnet Circles (Diameter 0.8’” x 0.08”) on 4 Tape Sheets, with 3M Strong Adhesive Backing. Perfect for DIY, Art Projects, whiteboards & Fridge</p><p>$10.95</p><a href="https://www.amazon.com/dp/B08MVRBN2C?tag=eloabder-20&linkCode=osi&th=1&psc=1">View Product</a></div><div class="product"><a href="https://www.amazon.com/dp/B0CJHYN7K2?tag=eloabder-20&linkCode=osi&th=1&psc=1"><img src="https://m.media-amazon.com/images/I/51ZowdEZwbL._SL500_.jpg" alt="Product Image"></a><p>124pcs Craft Magnets Glass w Adhesive Backing and Transparent Clear Glass Cabochons DIY Craft Fridge Magnets Sticker for Refrigerator(62 Sets,1 Inch)</p><p>$13.99 ($0.23 / Count)</p><a href="https://www.amazon.com/dp/B0CJHYN7K2?tag=eloabder-20&linkCode=osi&th=1&psc=1">View Product</a></div><div class="product"><a href="https://www.amazon.com/dp/B09BBHBZMG?tag=eloabder-20&linkCode=osi&th=1&psc=1"><img src="https://m.media-amazon.com/images/I/51kT5DaZIPL._SL500_.jpg" alt="Product Image"></a><p>Mr. Pen- Adhesive Magnetic Sheets, 4" x 6", 10 Pack, with Adhesive Backing, Flexible Picture Magnets, Cuttable Magnetic Sheets.</p><p>$5.85</p><a href="https://www.amazon.com/dp/B09BBHBZMG?tag=eloabder-20&linkCode=osi&th=1&psc=1">View Product</a></div><div class="product"><a href="https://www.amazon.com/dp/B07V4STWPV?tag=eloabder-20&linkCode=osi&th=1&psc=1"><img src="https://m.media-amazon.com/images/I/51g56RBuH8L._SL500_.jpg" alt="Product Image"></a><p>Magnetic Sheets with Adhesive Backing - Each 4" x 6" - Flexible Magnetic Paper with Strong Self Adhesive - Sticky Magnet Sheets for Photo and Picture Magnets, Stickers and Other Craft Magnets</p><p>$5.99 ($0.60 / Count)</p><a href="https://www.amazon.com/dp/B07V4STWPV?tag=eloabder-20&linkCode=osi&th=1&psc=1">View Product</a></div>
<div class="product"><a href="https://www.amazon.com/dp/B09VCYS41G?tag=eloabder-20&linkCode=osi&th=1&psc=1"><img src="https://m.media-amazon.com/images/I/61bdWXYPddL._SL500_.jpg" alt="Product Image"></a><p>Betem 24 Colors Dual Tip Acrylic Paint Pens Markers, Premium Acrylic Paint Pens for Wood, Canvas, Stone, Rock Painting, Glass, Ceramic Surfaces, DIY Crafts Making Art Supplies</p><p>$11.99</p><a href="https://www.amazon.com/dp/B09VCYS41G?tag=eloabder-20&linkCode=osi&th=1&psc=1">View Product</a></div><div class="product"><a href="https://www.amazon.com/dp/B0BN7WJFPR?tag=eloabder-20&linkCode=osi&th=1&psc=1"><img src="https://m.media-amazon.com/images/I/51vvJ6c6MPL._SL500_.jpg" alt="Product Image"></a><p>24 Colors Acrylic Paint Pens, Dual Tip Acrylic Paint Markers with Brush Tip and Fine Tip, Acrylic Pens for Rock Painting, Wood, Canvas, Stone, Glass, Ceramic,DIY Crafts Making Art Supplies</p><p>$9.99</p><a href="https://www.amazon.com/dp/B0BN7WJFPR?tag=eloabder-20&linkCode=osi&th=1&psc=1">View Product</a></div><div class="product"><a href="https://www.amazon.com/dp/B0CX1BD86P?tag=eloabder-20&linkCode=osi&th=1&psc=1"><img src="https://m.media-amazon.com/images/I/51w2YBDoYfL._SL500_.jpg" alt="Product Image"></a><p>TBC The Best Crafts 24 Colors Dual Tip Acrylic Paint Markers,Waterproof, Non-Toxic, odorless, Suitable for Paper, Pottery, Stones, Backpacks, Glass</p><p>$9.99</p><a href="https://www.amazon.com/dp/B0CX1BD86P?tag=eloabder-20&linkCode=osi&th=1&psc=1">View Product</a></div><div class="product"><a href="https://www.amazon.com/dp/B09SWJRSSX?tag=eloabder-20&linkCode=osi&th=1&psc=1"><img src="https://m.media-amazon.com/images/I/61OthBr2r9L._SL500_.jpg" alt="Product Image"></a><p>Acrylic Paint Pens Paint Markers Set of 18: Fine Point for Rock Painting Glass Wood Ceramic Fabric Metal Canvas Easter Eggs Pumpkin Kit, Drawing Art Crafts for Adults Scrapbooking Supplies</p><p>$10.99</p><a href="https://www.amazon.com/dp/B09SWJRSSX?tag=eloabder-20&linkCode=osi&th=1&psc=1">View Product</a></div><div class="product"><a href="https://www.amazon.com/dp/B09H2JRV1Y?tag=eloabder-20&linkCode=osi&th=1&psc=1"><img src="https://m.media-amazon.com/images/I/511FMxcdCzL._SL500_.jpg" alt="Product Image"></a><p>IVSUN 24 Colors Premium Extra Fine Point Acrylic Paint Marker Pens for Wood, Canvas, Stone, Rock Painting, Glass, Ceramic Surfaces, DIY Crafts Making Art Supplies (24PCS (0.7mm))</p><p>$8.99</p><a href="https://www.amazon.com/dp/B09H2JRV1Y?tag=eloabder-20&linkCode=osi&th=1&psc=1">View Product</a></div><div class="product"><a href="https://www.amazon.com/dp/B0BN8CW9ZY?tag=eloabder-20&linkCode=osi&th=1&psc=1"><img src="https://m.media-amazon.com/images/I/51n2byYcjqL._SL500_.jpg" alt="Product Image"></a><p>Acrylic Paint Pens Markers, 24 Colors Dual Tip Acrylic Paint Pens for Rock Painting, Wood, Canvas, Stone, Glass, Ceramic Surfaces, DIY Crafts Making Art Supplies (Round Tip and Fine Tip)</p><p>$9.99</p><a href="https://www.amazon.com/dp/B0BN8CW9ZY?tag=eloabder-20&linkCode=osi&th=1&psc=1">View Product</a></div><div class="product"><a href="https://www.amazon.com/dp/B07DB1TVND?tag=eloabder-20&linkCode=osi&th=1&psc=1"><img src="https://m.media-amazon.com/images/I/51KvMUBvqRL._SL500_.jpg" alt="Product Image"></a><p>JR.WHITE Acrylic Paint Pens Paint Markers for Rock Painting, Canvas, Wood, Glass, Fabric, Metal, Plastic, Arts Crafts Easter Eggs, Pumpkin, Scrapbooking Supplies, Graffiti Markers for Adults Kids</p><p>$11.19 ($0.93 / Count )</p><a href="https://www.amazon.com/dp/B07DB1TVND?tag=eloabder-20&linkCode=osi&th=1&psc=1">View Product</a></div><div class="product"><a href="https://www.amazon.com/dp/B07M6Y4FXZ?tag=eloabder-20&linkCode=osi&th=1&psc=1"><img src="https://m.media-amazon.com/images/I/61wQ1qJutWL._SL500_.jpg" alt="Product Image"></a><p>AROIC Paint Pens Paint Markers, 16 colors Oil-Based Waterproof Paint Marker Pen Set On Rock, Wood, Fabric, Metal, Plastic, Glass, Canvas, Mugs, Waterproof, DIY Craft and More</p><p>$11.99</p><a href="https://www.amazon.com/dp/B07M6Y4FXZ?tag=eloabder-20&linkCode=osi&th=1&psc=1">View Product</a></div>

<div class="product"><a href="https://www.amazon.com/dp/B0BQTYYVZH?tag=eloabder-20&linkCode=osi&th=1&psc=1"><img src="https://m.media-amazon.com/images/I/31i9+BVpDCL._SL500_.jpg" alt="Product Image"></a><p>Vanhench Brown Wrapping Paper, Craft Paper, Kraft Paper 17.5"x 1200"(100'), Gift Wrapping Bulletin Board Arts & Crafts, Bouquet Flower Table Covering Poster Packing Shipping Moving Supplies 65GSM 45LB</p><p>$5.98</p><a href="https://www.amazon.com/dp/B0BQTYYVZH?tag=eloabder-20&linkCode=osi&th=1&psc=1">View Product</a></div><div class="product"><a href="https://www.amazon.com/dp/B0CQZ1TYX9?tag=eloabder-20&linkCode=osi&th=1&psc=1"><img src="https://m.media-amazon.com/images/I/41RknmvlWSL._SL500_.jpg" alt="Product Image"></a><p>PerkHomy 36" x 2,400" (200') Brown Kraft Paper Roll for Gift Wrapping Bulletin Board Bouquet Flower Kids Wall Art Craft Packing Moving Shipping Parcel Postal Floor Covering Table Runner 70GSM 50LB</p><p>$30.99 ($0.05 / Sq Ft)</p><a href="https://www.amazon.com/dp/B0CQZ1TYX9?tag=eloabder-20&linkCode=osi&th=1&psc=1">View Product</a></div><div class="product"><a href="https://www.amazon.com/dp/B0C743LQ3M?tag=eloabder-20&linkCode=osi&th=1&psc=1"><img src="https://m.media-amazon.com/images/I/21HvZSNwJML._SL500_.jpg" alt="Product Image"></a><p>White Wrapping Paper Craft Paper Kraft Paper Roll 15" x 450", Bulletin Board Paper Roll, Arts & Crafts, Gift Wrapping Moving Packing Painting Drawing Paint Easel Poster Chart Paper, Kids Art Supplies</p><p>$4.99 ($0.11 / Sq Ft)</p><a href="https://www.amazon.com/dp/B0C743LQ3M?tag=eloabder-20&linkCode=osi&th=1&psc=1">View Product</a></div><div class="product"><a href="https://www.amazon.com/dp/B0D14FL3DF?tag=eloabder-20&linkCode=osi&th=1&psc=1"><img src="https://m.media-amazon.com/images/I/31IQZPHBHfL._SL500_.jpg" alt="Product Image"></a><p>SMART&CASUAL 15" x 450" (37.5') Kraft Paper Roll for Art Craft Supplies Gift Wrapping Moving Packing Kids Painting Drawing Paint Easel Poster Chart Paper (White, 15"W x 450"L (37.5'))</p><p>$4.98</p><a href="https://www.amazon.com/dp/B0D14FL3DF?tag=eloabder-20&linkCode=osi&th=1&psc=1">View Product</a></div><div class="product"><a href="https://www.amazon.com/dp/B0CX5D7W62?tag=eloabder-20&linkCode=osi&th=1&psc=1"><img src="https://m.media-amazon.com/images/I/31+skUeyllL._SL500_.jpg" alt="Product Image"></a><p>SMART&CASUAL 17.8"×1,200"(100') Brown Kraft Wrapping Paper for Craft Gift Bulletin Board Bouquet Flower Table Covering Packing Shipping Moving 70GSM 50LB</p><p>$7.98</p><a href="https://www.amazon.com/dp/B0CX5D7W62?tag=eloabder-20&linkCode=osi&th=1&psc=1">View Product</a></div><div class="product"><a href="https://www.amazon.com/dp/B0C2P7FGFM?tag=eloabder-20&linkCode=osi&th=1&psc=1"><img src="https://m.media-amazon.com/images/I/31Mnush+a-L._SL500_.jpg" alt="Product Image"></a><p>Brown Packing Paper 15"×450"(38'), Brown Paper Roll, Art Craft Paper, Kraft Paper Roll for Moving Boxes Supplies, Gift Wrapping Bouquet Flower Paper, Poster Bulletin Board Paper, Arts and Crafts</p><p>$4.99</p><a href="https://www.amazon.com/dp/B0C2P7FGFM?tag=eloabder-20&linkCode=osi&th=1&psc=1">View Product</a></div><div class="product"><a href="https://www.amazon.com/dp/B0BNCBSZRR?tag=eloabder-20&linkCode=osi&th=1&psc=1"><img src="https://m.media-amazon.com/images/I/31NTgModxdL._SL500_.jpg" alt="Product Image"></a><p>Kraft Paper Sheets - 15 x 15 in. - 240 Sheets of Brown Wrapping Paper – Heavy Duty Craft Paper for Shipping - Light Brown Construction Paper - 80 GSM - 375 Square feet</p><p>$23.89 ($0.10 / Count)</p><a href="https://www.amazon.com/dp/B0BNCBSZRR?tag=eloabder-20&linkCode=osi&th=1&psc=1">View Product</a></div><div class="product"><a href="https://www.amazon.com/dp/B09J9ZGX8S?tag=eloabder-20&linkCode=osi&th=1&psc=1"><img src="https://m.media-amazon.com/images/I/31R819QZXxL._SL500_.jpg" alt="Product Image"></a><p>IDL Packaging 36" x 2160" (180 ft) Brown Kraft Paper Roll, 30 lbs - Quality Paper for Packing, Moving, Shipping, Crafts - 100% Recyclable Natural Kraft Wrapping Paper</p><p>$33.95 ($0.06 / Sq Ft)</p><a href="https://www.amazon.com/dp/B09J9ZGX8S?tag=eloabder-20&linkCode=osi&th=1&psc=1">View Product</a></div>
<div class="product"><a href="https://www.amazon.com/dp/B0BR9M5GT6?tag=eloabder-20&linkCode=osi&th=1&psc=1"><img src="https://m.media-amazon.com/images/I/61jKQSVpNKL._SL500_.jpg" alt="Product Image"></a><p>Drawdart 47 Pack Acrylic Paint Set, 36 Colors Art Painting Supplies for Canvas Wood Fabric Ceramic Crafts, Non Toxic & Rich Pigments for Artists & Hobby Painters, 2 fl oz / 60 ml Bottles</p><p>$24.99 ($0.35 / Fl Oz)</p><a href="https://www.amazon.com/dp/B0BR9M5GT6?tag=eloabder-20&linkCode=osi&th=1&psc=1">View Product</a></div><div class="product"><a href="https://www.amazon.com/dp/B006AT7P6M?tag=eloabder-20&linkCode=osi&th=1&psc=1"><img src="https://m.media-amazon.com/images/I/415ZwGErxOL._SL500_.jpg" alt="Product Image"></a><p>Apple Barrel Acrylic Paint in Assorted Colors (2 oz), 20501, Bright Red</p><p>$0.58 ($0.29 / Fl Oz)</p><a href="https://www.amazon.com/dp/B006AT7P6M?tag=eloabder-20&linkCode=osi&th=1&psc=1">View Product</a></div><div class="product"><a href="https://www.amazon.com/dp/B0BNV7BMN2?tag=eloabder-20&linkCode=osi&th=1&psc=1"><img src="https://m.media-amazon.com/images/I/51K4iYzckvL._SL500_.jpg" alt="Product Image"></a><p>Fantastory Acrylic Paint Set, 24 Classic Colors(2oz), Professional Craft Paint Kit,Canvas/Rock/Stone/Ceramic/Model/Wood Painting with 12 Brushes</p><p>$25.99 ($0.36 / Fl Oz)</p><a href="https://www.amazon.com/dp/B0BNV7BMN2?tag=eloabder-20&linkCode=osi&th=1&psc=1">View Product</a></div><div class="product"><a href="https://www.amazon.com/dp/B0728B4CLJ?tag=eloabder-20&linkCode=osi&th=1&psc=1"><img src="https://m.media-amazon.com/images/I/41aBzZtF9-L._SL500_.jpg" alt="Product Image"></a><p>FolkArt Acrylic Paint in Assorted Colors (2 oz), , Mossy Meadow</p><p>$1.17 ($0.58 / Fl Oz)</p><a href="https://www.amazon.com/dp/B0728B4CLJ?tag=eloabder-20&linkCode=osi&th=1&psc=1">View Product</a></div><div class="product"><a href="https://www.amazon.com/dp/B0BY3G2CXG?tag=eloabder-20&linkCode=osi&th=1&psc=1"><img src="https://m.media-amazon.com/images/I/51Cn6kY12wL._SL500_.jpg" alt="Product Image"></a><p>36 Assorted Acrylic Paint Set by Craft Smart - Non-Toxic Paint for Drawing, Painting, Art & Crafts Supplies - 1 Pack</p><p>$28.98</p><a href="https://www.amazon.com/dp/B0BY3G2CXG?tag=eloabder-20&linkCode=osi&th=1&psc=1">View Product</a></div>

<div class="product"><a href="https://www.amazon.com/dp/B08722TFPH?tag=eloabder-20&linkCode=osi&th=1&psc=1"><img src="https://m.media-amazon.com/images/I/51DqPIU5lcL._SL500_.jpg" alt="Product Image"></a><p>LIUYAXI 20 Colors 100 Yard Satin Ribbon Fabric Ribbon Silk Ribbon Assorted Colors Rolls, 2/5" Wide 5 Yard/Roll, Ribbons Perfect for Gift Wrapping,Crafts, Hair Bows, Wedding Party Decoration and More</p><p>$7.99 ($0.03 / Foot)</p><a href="https://www.amazon.com/dp/B08722TFPH?tag=eloabder-20&linkCode=osi&th=1&psc=1">View Product</a></div><div class="product"><a href="https://www.amazon.com/dp/B08M3BDRX3?tag=eloabder-20&linkCode=osi&th=1&psc=1"><img src="https://m.media-amazon.com/images/I/51qwMfv7kXL._SL500_.jpg" alt="Product Image"></a><p>Winlyn 36 Colors 900 Yards Fabric Ribbons Satin Ribbons Metallic Glitter Ribbons Rolls Craft Ribbons Embellish Decorative Ribbons 2/5" Wide for Floral Bouquet Gifts Crafts Bows Party Wedding</p><p>$13.99 ($0.01 / Foot)</p><a href="https://www.amazon.com/dp/B08M3BDRX3?tag=eloabder-20&linkCode=osi&th=1&psc=1">View Product</a></div><div class="product"><a href="https://www.amazon.com/dp/B08NXF43DB?tag=eloabder-20&linkCode=osi&th=1&psc=1"><img src="https://m.media-amazon.com/images/I/51fTtUVKi5L._SL500_.jpg" alt="Product Image"></a><p>MEEDEE Rainbow Ribbon Solid Color Assortment 10 Colors Double Face Satin Ribbon for Gift Wrapping Happy Birthday Party Decorations, 3/8" X 5 Yard Each Total 50 Yds Per Package</p><p>$7.99 ($0.05 / Foot)</p><a href="https://www.amazon.com/dp/B08NXF43DB?tag=eloabder-20&linkCode=osi&th=1&psc=1">View Product</a></div><div class="product"><a href="https://www.amazon.com/dp/B01N8W0Z45?tag=eloabder-20&linkCode=osi&th=1&psc=1"><img src="https://m.media-amazon.com/images/I/61OkEfd-1BL._SL500_.jpg" alt="Product Image"></a><p>QingHan Grosgrain Ribbons for Crafts Gifts Wrapping 3/8" Boutique Polka Dot Fabric Ribbon 40yd (20 x 2yd)</p><p>$5.99 ($0.05 / Foot)</p><a href="https://www.amazon.com/dp/B01N8W0Z45?tag=eloabder-20&linkCode=osi&th=1&psc=1">View Product</a></div><div class="product"><a href="https://www.amazon.com/dp/B0CS5G5PCX?tag=eloabder-20&linkCode=osi&th=1&psc=1"><img src="https://m.media-amazon.com/images/I/51xzSU+d8QL._SL500_.jpg" alt="Product Image"></a><p>Ribbli Rainbow Satin Ribbon 3/8 Inch x 12 Rolls Total 60 Yards- Colorful Ribbon for Gift Wrapping Craft Party Decoration Baby Shower Wedding</p><p>$7.99 ($0.04 / Foot)</p><a href="https://www.amazon.com/dp/B0CS5G5PCX?tag=eloabder-20&linkCode=osi&th=1&psc=1">View Product</a></div><div class="product"><a href="https://www.amazon.com/dp/B009V35YVC?tag=eloabder-20&linkCode=osi&th=1&psc=1"><img src="https://m.media-amazon.com/images/I/41OYxs2N6GL._SL500_.jpg" alt="Product Image"></a><p>LaRibbons 10 Color 50Yards Solid Satin Ribbon,3/8" X 5 Yard/Roll Colorful Double Face Rainbow Ribbon for Crafts,Flower Bouquet,Gift Wrapping,Hair Bows,Birthday,Wedding Party Decoration</p><p>$4.99</p><a href="https://www.amazon.com/dp/B009V35YVC?tag=eloabder-20&linkCode=osi&th=1&psc=1">View Product</a></div><div class="product"><a href="https://www.amazon.com/dp/B07BDG8KXB?tag=eloabder-20&linkCode=osi&th=1&psc=1"><img src="https://m.media-amazon.com/images/I/61zpTp+xLjL._SL500_.jpg" alt="Product Image"></a><p>Supla 16 Colors 400 Yard Fabric Ribbon Silk Satin Roll Satin Ribbon Rolls in 2/5" Wide, 25 Yard/roll,16 Rolls,Satin Ribbon Fabric Ribbon Embellish Ribbon Ribbon for Bows Crafts Gifts Party Wedding</p><p>$8.99 ($0.01 / Foot)</p><a href="https://www.amazon.com/dp/B07BDG8KXB?tag=eloabder-20&linkCode=osi&th=1&psc=1">View Product</a></div><div class="product"><a href="https://www.amazon.com/dp/B0CRD7S24X?tag=eloabder-20&linkCode=osi&th=1&psc=1"><img src="https://m.media-amazon.com/images/I/51Xe-SI-ZHL._SL500_.jpg" alt="Product Image"></a><p>LIUYAXI 100 Yards Solid Grosgrain Ribbon, 3/8" X 5 Yard/Roll, 20 Colors Rainbow Multicolor Fabric Ribbons Roll Perfect for Crafts Gifts Wrapping Flower Bouquet Hair Bows & Other Projects</p><p>$7.99 ($0.03 / Foot)</p><a href="https://www.amazon.com/dp/B0CRD7S24X?tag=eloabder-20&linkCode=osi&th=1&psc=1">View Product</a></div>


<div class="product"><a href="https://www.amazon.com/dp/B08MZ6MQZM?tag=eloabder-20&linkCode=osi&th=1&psc=1"><img src="https://m.media-amazon.com/images/I/51rVPzuNy4L._SL500_.jpg" alt="Product Image"></a><p>Basic Shapes 1: Circles, Triangles, Squares, Ovals, 676 Pieces US Made Card Stock Punch Out Geometric Shapes in 3 Sizes and 4 PRIMARY Colors for Math, Pattern Play and DIY Crafting</p><p>$11.99</p><a href="https://www.amazon.com/dp/B08MZ6MQZM?tag=eloabder-20&linkCode=osi&th=1&psc=1">View Product</a></div><div class="product"><a href="https://www.amazon.com/dp/B072JW6NQT?tag=eloabder-20&linkCode=osi&th=1&psc=1"><img src="https://m.media-amazon.com/images/I/61uY6781clL._SL500_.jpg" alt="Product Image"></a><p>260 Pieces Colorful Glitter Foam Stickers Self Adhesive Stars Mini Heart Shapes Glitter Stickers, Kid's Arts Craft Supplies Greeting Cards Home Decoration Stars&Heart Shapes</p><p>$6.74 ($0.03 / Count)</p><a href="https://www.amazon.com/dp/B072JW6NQT?tag=eloabder-20&linkCode=osi&th=1&psc=1">View Product</a></div>


<div class="product"><a href="https://www.amazon.com/dp/B07KD1WKXY?tag=eloabder-20&linkCode=osi&th=1&psc=1"><img src="https://m.media-amazon.com/images/I/51y9zQOd9XL._SL500_.jpg" alt="Product Image"></a><p>(109 Yards/1.5mm/35 Colors Optional) Cotton Baker Twine DIY Craft Macramé Natural Cotton Rope Craft Making Knitting String Rope DIY Wedding Decor Supply Christmas Wrapping(deep green)</p><p>$4.98 ($0.02 / Foot)</p><a href="https://www.amazon.com/dp/B07KD1WKXY?tag=eloabder-20&linkCode=osi&th=1&psc=1">View Product</a></div><div class="product"><a href="https://www.amazon.com/dp/B0C7G868WP?tag=eloabder-20&linkCode=osi&th=1&psc=1"><img src="https://m.media-amazon.com/images/I/51YFxbYrxGL._SL500_.jpg" alt="Product Image"></a><p>Ohtomber Bracelet String Elastic Cord - 2 Rolls 1MM Stretchy String for Bracelet Making, Rainbow Elastic Bracelets String Thread for Clay Beads, Bracelets, Jewelry Making, Necklaces, Sewing and Crafts</p><p>$5.99 ($0.01 / Foot)</p><a href="https://www.amazon.com/dp/B0C7G868WP?tag=eloabder-20&linkCode=osi&th=1&psc=1">View Product</a></div>
<div class="product"><a href="https://www.amazon.com/dp/B0CHTZD63Q?tag=eloabder-20&linkCode=osi&th=1&psc=1"><img src="https://m.media-amazon.com/images/I/511hgeOlnkL._SL500_.jpg" alt="Product Image"></a><p>Secopad Scrapbook Tape, 4 Pack Double Sided Tape Roller for Crafts, Sticky Glue Tape Runner Scrapbooking Supplies Journaling School Office for Kids and Adults, 0.3IN x 26FT</p><p>$6.63 ($1.66 / Count)</p><a href="https://www.amazon.com/dp/B0CHTZD63Q?tag=eloabder-20&linkCode=osi&th=1&psc=1">View Product</a></div><div class="product"><a href="https://www.amazon.com/dp/B0BKZ2WVFY?tag=eloabder-20&linkCode=osi&th=1&psc=1"><img src="https://m.media-amazon.com/images/I/519ga5fVbbL._SL500_.jpg" alt="Product Image"></a><p>Guirnd 12PCS Colored Masking Tape, Kids Art Supplies Colored Tape, DIY Craft Tape, Colored Tape Rolls, Colored Painters Tape 1.7cm x 12m (2/3In x 13Yards)</p><p>$5.99 ($0.50 / Count)</p><a href="https://www.amazon.com/dp/B0BKZ2WVFY?tag=eloabder-20&linkCode=osi&th=1&psc=1">View Product</a></div><div class="product"><a href="https://www.amazon.com/dp/B0B1ZYCJPG?tag=eloabder-20&linkCode=osi&th=1&psc=1"><img src="https://m.media-amazon.com/images/I/51zcGqodSPL._SL500_.jpg" alt="Product Image"></a><p>Simetufy 5400 Pcs 1 Inch Tissue Paper Squares, 36 Assorted Colored Tissue Paper for Crafts, Art Rainbow Tissue Paper Bulk for Art Projects, Collage, Suncatchers, Scrapbooking - Non Bleeding</p><p>$7.49</p><a href="https://www.amazon.com/dp/B0B1ZYCJPG?tag=eloabder-20&linkCode=osi&th=1&psc=1">View Product</a></div>

<div class="product"><a href="https://www.amazon.com/dp/B07RZFHS87?tag=eloabder-20&linkCode=osi&th=1&psc=1"><img src="https://m.media-amazon.com/images/I/418QZBtYWTL._SL500_.jpg" alt="Product Image"></a><p>Lazydrop Double-Sided Tape for Arts, Crafts, Photography, Scrapbooking, Tear-by-Hand, Paper Backing (6 Rolls) (Width: 6mm/ 9mm/ 12mm/ 15mm)</p><p>$7.99 ($0.01 / Foot)</p><a href="https://www.amazon.com/dp/B07RZFHS87?tag=eloabder-20&linkCode=osi&th=1&psc=1">View Product</a></div><div class="product"><a href="https://www.amazon.com/dp/B0BPS4V3TG?tag=eloabder-20&linkCode=osi&th=1&psc=1"><img src="https://m.media-amazon.com/images/I/41fTeS+RuRL._SL500_.jpg" alt="Product Image"></a><p>Double Sided Tape for Crafts, Double-Sided Tape for Arts, Scrapbook Supplies, Photography, Gifts Box, Scrapbooking, Card Making, Paper Backing, Tear-by-Hand, 6 Roll Heavy Duty Multi-Size Adhesive Tape</p><p>$6.29 ($0.02 / Foot)</p><a href="https://www.amazon.com/dp/B0BPS4V3TG?tag=eloabder-20&linkCode=osi&th=1&psc=1">View Product</a></div><div class="product"><a href="https://www.amazon.com/dp/B098FCBMQV?tag=eloabder-20&linkCode=osi&th=1&psc=1"><img src="https://m.media-amazon.com/images/I/41E1XYg1+gL._SL500_.jpg" alt="Product Image"></a><p>Craftzilla Colored Masking Tape – 7 Roll Multi Pack – 210 Feet x 1 Inch of Colorful Craft Tape – Vibrant Rainbow Masking Tape –Colored Tape Rolls for Arts & Crafts, Labeling and Color-Coding</p><p>$12.95 ($0.01 / Foot)</p><a href="https://www.amazon.com/dp/B098FCBMQV?tag=eloabder-20&linkCode=osi&th=1&psc=1">View Product</a></div><div class="product"><a href="https://www.amazon.com/dp/B0CBRTT4SY?tag=eloabder-20&linkCode=osi&th=1&psc=1"><img src="https://m.media-amazon.com/images/I/41Ne5OTMBHL._SL500_.jpg" alt="Product Image"></a><p>XEHAHOSH 3 Rolls Double Sided Tape for Crafts, Arts, Scrapbooking, Photography, Paper Backing, Tear-by-Hand. 0.6in by 43-FT</p><p>$5.29</p><a href="https://www.amazon.com/dp/B0CBRTT4SY?tag=eloabder-20&linkCode=osi&th=1&psc=1">View Product</a></div><div class="product"><a href="https://www.amazon.com/dp/B08ZJB4XBX?tag=eloabder-20&linkCode=osi&th=1&psc=1"><img src="https://m.media-amazon.com/images/I/41FzzlZNG0L._SL500_.jpg" alt="Product Image"></a><p>8 Rolls Colored Masking Tape Rainbow Colors Painters Tape Colorful Craft Art Paper Tape for Kids Labeling Arts Crafts DIY Decorative Coding Decoration Teaching Supplies, 0.6 Inch x 16 Yard, 8 Colors</p><p>$6.99 ($0.87 / Count)</p><a href="https://www.amazon.com/dp/B08ZJB4XBX?tag=eloabder-20&linkCode=osi&th=1&psc=1">View Product</a></div><div class="product"><a href="https://www.amazon.com/dp/B09GDZH5PV?tag=eloabder-20&linkCode=osi&th=1&psc=1"><img src="https://m.media-amazon.com/images/I/41cZAy06SiL._SL500_.jpg" alt="Product Image"></a><p>DGTANGYIN 1/4" 2 Rolls Double Sided Adhesive Sticky Tape for Arts, DIY, Crafts, Photography, Scrapbooking, Card Making, Gift Wrapping, Office School Stationery Supplies, Home Supplies(Width: 6mm)</p><p>$3.99 ($0.00 / Foot)</p><a href="https://www.amazon.com/dp/B09GDZH5PV?tag=eloabder-20&linkCode=osi&th=1&psc=1">View Product</a></div>
<div class="product"><a href="https://www.amazon.com/dp/B09XR1XBWG?tag=eloabder-20&linkCode=osi&th=1&psc=1"><img src="https://m.media-amazon.com/images/I/31h+RS-Nv6L._SL500_.jpg" alt="Product Image"></a><p>10PCS 7mil Blank Mylar Stencil Sheets,12X12 inch Milky Translucent PET Blank Stencils Sheets,Template Material for Cutting Machines, Laser Cutting, Food-Safe Craft Plastic</p><p>$8.99</p><a href="https://www.amazon.com/dp/B09XR1XBWG?tag=eloabder-20&linkCode=osi&th=1&psc=1">View Product</a></div>

<div class="product"><a href="https://www.amazon.com/dp/B09TSLYX33?tag=eloabder-20&linkCode=osi&th=1&psc=1"><img src="https://m.media-amazon.com/images/I/41xNrpMfOLL._SL500_.jpg" alt="Product Image"></a><p>18 Gauge Aluminum Craft Wire, 165 Feet 1mm Bendable Metal Wire for Jewelry Making, Sculpting, Floral Making, Wreath Making, Crafting, Wire Wrapping, Christmas Ornaments (Silver)</p><p>$6.99</p><a href="https://www.amazon.com/dp/B09TSLYX33?tag=eloabder-20&linkCode=osi&th=1&psc=1">View Product</a></div><div class="product"><a href="https://www.amazon.com/dp/B002HRAEOG?tag=eloabder-20&linkCode=osi&th=1&psc=1"><img src="https://m.media-amazon.com/images/I/41HimGENjYL._SL500_.jpg" alt="Product Image"></a><p>FloraCraft 26 Gauge Floral Wire 270 Feet Bright Silver</p><p>$4.29</p><a href="https://www.amazon.com/dp/B002HRAEOG?tag=eloabder-20&linkCode=osi&th=1&psc=1">View Product</a></div><div class="product"><a href="https://www.amazon.com/dp/B06ZXY1PXB?tag=eloabder-20&linkCode=osi&th=1&psc=1"><img src="https://m.media-amazon.com/images/I/41Nh+1dv7FL._SL500_.jpg" alt="Product Image"></a><p>Mandala Crafts Anodized Aluminum Wire for Sculpting, Armature, Jewelry Making, Gem Metal Wrap, Garden, Colored and Soft, 1 Roll(14 Gauge, Silver)</p><p>$10.19 ($0.17 / Foot)</p><a href="https://www.amazon.com/dp/B06ZXY1PXB?tag=eloabder-20&linkCode=osi&th=1&psc=1">View Product</a></div><div class="product"><a href="https://www.amazon.com/dp/B07ZYNTH7D?tag=eloabder-20&linkCode=osi&th=1&psc=1"><img src="https://m.media-amazon.com/images/I/51ku4vQDwXL._SL500_.jpg" alt="Product Image"></a><p>12 Gauge Aluminum Wire 100 Feet, Anezus Metal Armature Wire Bendable Sculpting Wire for Crafts Wreath Making Jewelry Making Beading Floral (Silver, 2mm)</p><p>$12.99 ($0.13 / Foot)</p><a href="https://www.amazon.com/dp/B07ZYNTH7D?tag=eloabder-20&linkCode=osi&th=1&psc=1">View Product</a></div><div class="product"><a href="https://www.amazon.com/dp/B07CQL7Y5B?tag=eloabder-20&linkCode=osi&th=1&psc=1"><img src="https://m.media-amazon.com/images/I/51mHjBYsT0L._SL500_.jpg" alt="Product Image"></a><p>TecUnite Aluminum Craft Wire for Sculpting Armature Bendable Craft Wire for DIY Jewelry Making (1 Roll,Silver,10 M X 3 mm)</p><p>$8.99 ($0.27 / Foot)</p><a href="https://www.amazon.com/dp/B07CQL7Y5B?tag=eloabder-20&linkCode=osi&th=1&psc=1">View Product</a></div><div class="product"><a href="https://www.amazon.com/dp/B095Y844QP?tag=eloabder-20&linkCode=osi&th=1&psc=1"><img src="https://m.media-amazon.com/images/I/51w+5umyhOS._SL500_.jpg" alt="Product Image"></a><p>Tenn Well 12 Gauge Aluminum Wire, 100 Feet 2mm Bendable Metal Craft Wire for Sculpting, Armature, Jewelry Making, Floral Making, Doll Making, Modelling, Crafting, Bonsai Training</p><p>$11.99 ($0.12 / Foot)</p><a href="https://www.amazon.com/dp/B095Y844QP?tag=eloabder-20&linkCode=osi&th=1&psc=1">View Product</a></div>
<div class="product"><a href="https://www.amazon.com/dp/B0CYPH4FLQ?tag=eloabder-20&linkCode=osi&th=1&psc=1"><img src="https://m.media-amazon.com/images/I/41u786i6oZL._SL500_.jpg" alt="Product Image"></a><p>DIYDEC 24 Pack Basswood Sheets 4 x 6 x 1/16 Inch Thin Plywood Wood Sheets Unfinished Wood Squares Boards Balsa Wood Sheets for Crafts Architectural Models Laser Cutting Wood Burning and Drawing</p><p>$6.99</p><a href="https://www.amazon.com/dp/B0CYPH4FLQ?tag=eloabder-20&linkCode=osi&th=1&psc=1">View Product</a></div><div class="product"><a href="https://www.amazon.com/dp/B082HR4RV3?tag=eloabder-20&linkCode=osi&th=1&psc=1"><img src="https://m.media-amazon.com/images/I/51kfms0w39L._SL500_.jpg" alt="Product Image"></a><p>5ARTH Natural Wood Slices - 30 Pcs 3.5-4 inches Craft Unfinished Wood kit Predrilled with Hole Wooden Circles for Arts Wood Slices Christmas Ornaments DIY Crafts</p><p>$21.99</p><a href="https://www.amazon.com/dp/B082HR4RV3?tag=eloabder-20&linkCode=osi&th=1&psc=1">View Product</a></div>
<div class="product"><a href="https://www.amazon.com/dp/B089T7PX27?tag=eloabder-20&linkCode=osi&th=1&psc=1"><img src="https://m.media-amazon.com/images/I/41aDJyks7kL._SL500_.jpg" alt="Product Image"></a><p>Crayola Air Dry Clay (5lbs), Natural White Modeling Clay for Kids, Sculpting Material, Bulk Craft Supplies for School Classrooms [Amazon Exclusive]</p><p>$17.41</p><a href="https://www.amazon.com/dp/B089T7PX27?tag=eloabder-20&linkCode=osi&th=1&psc=1">View Product</a></div><div class="product"><a href="https://www.amazon.com/dp/B0BDM5WLQX?tag=eloabder-20&linkCode=osi&th=1&psc=1"><img src="https://m.media-amazon.com/images/I/41oBPm5+PkL._SL500_.jpg" alt="Product Image"></a><p>ifergoo White Air Dry Clay, Modeling Clay for School Art & Craft Project. Refill White Clay for Kids Age 3-12, Boys and Girls Gift</p><p>$6.99 ($1.65 / Ounce)</p><a href="https://www.amazon.com/dp/B0BDM5WLQX?tag=eloabder-20&linkCode=osi&th=1&psc=1">View Product</a></div><div class="product"><a href="https://www.amazon.com/dp/B0B8TLRRKM?tag=eloabder-20&linkCode=osi&th=1&psc=1"><img src="https://m.media-amazon.com/images/I/418ijOdZBzL._SL500_.jpg" alt="Product Image"></a><p>Pepy Premium European Air Dry Modeling Clay White 2.2 lb Bar, Easy to Use Air-Hardening Clay for Classroom and Montessori Sculpting and Crafts Projects</p><p>$9.97 ($0.28 / Ounce)</p><a href="https://www.amazon.com/dp/B0B8TLRRKM?tag=eloabder-20&linkCode=osi&th=1&psc=1">View Product</a></div>

<div class="product"><a href="https://www.amazon.com/dp/B083TT4XVN?tag=eloabder-20&linkCode=osi&th=1&psc=1"><img src="https://m.media-amazon.com/images/I/41QMxzlQglL._SL500_.jpg" alt="Product Image"></a><p>6" Jumbo Wood Craft Sticks - Pack of 1,000</p><p>$15.21 ($0.02 / Count)</p><a href="https://www.amazon.com/dp/B083TT4XVN?tag=eloabder-20&linkCode=osi&th=1&psc=1">View Product</a></div><div class="product"><a href="https://www.amazon.com/dp/B0B9RRJ2BG?tag=eloabder-20&linkCode=osi&th=1&psc=1"><img src="https://m.media-amazon.com/images/I/31gmdN8H+PL._SL500_.jpg" alt="Product Image"></a><p>Perfect Stix Wooden Poplar Wood Craft Sticks. Jumbo Size, 6 x 3/4, Wood, Natural Poplar Wood, 500Ct. Multipurpose Craft, Popsicles, Waxing, Arts and Crafts.</p><p>$9.68</p><a href="https://www.amazon.com/dp/B0B9RRJ2BG?tag=eloabder-20&linkCode=osi&th=1&psc=1">View Product</a></div><div class="product"><a href="https://www.amazon.com/dp/B08R31MRJ9?tag=eloabder-20&linkCode=osi&th=1&psc=1"><img src="https://m.media-amazon.com/images/I/51fYWGLzOGL._SL500_.jpg" alt="Product Image"></a><p>Pandaspa 200 Pieces Jumbo Craft Sticks, Premium Natural Wood for Building, Mixing, and Creating Craft Projects, Size 6 x 3/4</p><p>$9.95</p><a href="https://www.amazon.com/dp/B08R31MRJ9?tag=eloabder-20&linkCode=osi&th=1&psc=1">View Product</a></div><div class="product"><a href="https://www.amazon.com/dp/B081R25K4S?tag=eloabder-20&linkCode=osi&th=1&psc=1"><img src="https://m.media-amazon.com/images/I/41vxFW4BIvL._SL500_.jpg" alt="Product Image"></a><p>Perfect Stix - PS-114st-1,000 4.5" Craft Sticks/ Ice Cream Sticks/ Natural Wood - Box of 1,000ct</p><p>$13.99</p><a href="https://www.amazon.com/dp/B081R25K4S?tag=eloabder-20&linkCode=osi&th=1&psc=1">View Product</a></div><div class="product"><a href="https://www.amazon.com/dp/B08NY4HWVH?tag=eloabder-20&linkCode=osi&th=1&psc=1"><img src="https://m.media-amazon.com/images/I/41qHSFWo+AL._SL500_.jpg" alt="Product Image"></a><p>Fansunta 100pcs 15.7x0.35 Inch Strong Natural Bamboo Sticks, Wooden Craft Sticks, Extra Long Sticks, Wood Strips for Craft Projects</p><p>$11.99</p><a href="https://www.amazon.com/dp/B08NY4HWVH?tag=eloabder-20&linkCode=osi&th=1&psc=1">View Product</a></div>
<div class="product"><a href="https://www.amazon.com/dp/B0CY84GCRZ?tag=eloabder-20&linkCode=osi&th=1&psc=1"><img src="https://m.media-amazon.com/images/I/315gdwLiZfL._SL500_.jpg" alt="Product Image"></a><p>14 Rolls Double Sided Tape for Crafts Scrapbooking Multi-Purpose and Multi-Size Tape for Arts, Photography, Gift Boxes, Card Making, Paper Backing, Office Supplies(3mm/5mm/8mm/10mm/12mm/15mm/18mm)</p><p>$4.99 ($0.36 / Count)</p><a href="https://www.amazon.com/dp/B0CY84GCRZ?tag=eloabder-20&linkCode=osi&th=1&psc=1">View Product</a></div>

<div class="product"><a href="https://www.amazon.com/dp/B0D3HPD7WP?tag=eloabder-20&linkCode=osi&th=1&psc=1"><img src="https://m.media-amazon.com/images/I/31KSmmAWUWL._SL500_.jpg" alt="Product Image"></a><p>50 Sheets Grey Cardstock Paper, Colored Printer Paper 8.5 x 11, Thick Construction Paper for Cards Making, Scrapbook，Office Printing, Invitations, Certificates，DIY Crafting 92 lb/250gsm</p><p>$9.99</p><a href="https://www.amazon.com/dp/B0D3HPD7WP?tag=eloabder-20&linkCode=osi&th=1&psc=1">View Product</a></div>
<div class="product"><a href="https://www.amazon.com/dp/B076CP6F36?tag=eloabder-20&linkCode=osi&th=1&psc=1"><img src="https://m.media-amazon.com/images/I/51rfEIvgI+L._SL500_.jpg" alt="Product Image"></a><p>Apple Barrel, Vibrant Spectrum Collection Acrylic Craft Paint, PROMOABIII, 2 fl oz each, 16 assorted matte colors, 16 count</p><p>$15.97 ($0.50 / Fl Oz)</p><a href="https://www.amazon.com/dp/B076CP6F36?tag=eloabder-20&linkCode=osi&th=1&psc=1">View Product</a></div><div class="product"><a href="https://www.amazon.com/dp/B0BKFLSYQF?tag=eloabder-20&linkCode=osi&th=1&psc=1"><img src="https://m.media-amazon.com/images/I/51a0PmPRknL._SL500_.jpg" alt="Product Image"></a><p>72 Pack Acrylic Paint Set, Shuttle Art 60 Colors Acrylic Paint Including Extra White Black & 12 Brushes, 2oz/60ml, Rich Pigmented, Water Proof, Ideal for Artists, Beginners on Canvas Rock Wood Ceramic</p><p>$45.99 ($23.00 / Fl Oz)</p><a href="https://www.amazon.com/dp/B0BKFLSYQF?tag=eloabder-20&linkCode=osi&th=1&psc=1">View Product</a></div><div class="product"><a href="https://www.amazon.com/dp/B08CB3JH79?tag=eloabder-20&linkCode=osi&th=1&psc=1"><img src="https://m.media-amazon.com/images/I/51OUZsFdnTL._SL500_.jpg" alt="Product Image"></a><p>Acrylic Paint Set of 36 Colors 2fl oz 60ml Bottles,Non Toxic 36 Colors Acrylic Paint No Fading Rich Pigment for Kids Adults Artists Canvas Crafts Wood Painting</p><p>$32.99 ($0.46 / Fl Oz)</p><a href="https://www.amazon.com/dp/B08CB3JH79?tag=eloabder-20&linkCode=osi&th=1&psc=1">View Product</a></div><div class="product"><a href="https://www.amazon.com/dp/B0018NBVKQ?tag=eloabder-20&linkCode=osi&th=1&psc=1"><img src="https://m.media-amazon.com/images/I/31YlSvZMTCL._SL500_.jpg" alt="Product Image"></a><p>Apple Barrel Acrylic Paint in Assorted Colors (8 Ounce), 20403 White</p><p>$2.67 ($0.33 / Fl Oz)</p><a href="https://www.amazon.com/dp/B0018NBVKQ?tag=eloabder-20&linkCode=osi&th=1&psc=1">View Product</a></div><div class="product"><a href="https://www.amazon.com/dp/B077WSBLZ1?tag=eloabder-20&linkCode=osi&th=1&psc=1"><img src="https://m.media-amazon.com/images/I/51KPkXpLn1L._SL500_.jpg" alt="Product Image"></a><p>Shuttle Art Acrylic Paint Set, 30 x12ml Tubes Artist Quality Non Toxic Rich Pigments Colors Great for Kids Adults Professional Painting on Rocks Canvas Wood Clay Fabric Ceramic Crafts</p><p>$12.99 ($1.08 / Fl Oz)</p><a href="https://www.amazon.com/dp/B077WSBLZ1?tag=eloabder-20&linkCode=osi&th=1&psc=1">View Product</a></div><div class="product"><a href="https://www.amazon.com/dp/B00889Z5Y6?tag=eloabder-20&linkCode=osi&th=1&psc=1"><img src="https://m.media-amazon.com/images/I/41MQjsyDbSL._SL500_.jpg" alt="Product Image"></a><p>Apple Barrel Acrylic Paint in Assorted Colors (2 oz), 20764, Apricot</p><p>$0.58 ($0.29 / Fl Oz)</p><a href="https://www.amazon.com/dp/B00889Z5Y6?tag=eloabder-20&linkCode=osi&th=1&psc=1">View Product</a></div><div class="product"><a href="https://www.amazon.com/dp/B09TWQD5ZL?tag=eloabder-20&linkCode=osi&th=1&psc=1"><img src="https://m.media-amazon.com/images/I/41B0L003QXL._SL500_.jpg" alt="Product Image"></a><p>Artkey Acrylic Paint Set - 24 colors 2 oz/59 ml Acrylic Paints Professional Artists Painting Kit for Canvases Fabric Rock Leather Easter Egg Wood Ceramic Glass Art Craft Painting</p><p>$19.99 ($0.42 / Fl Oz)</p><a href="https://www.amazon.com/dp/B09TWQD5ZL?tag=eloabder-20&linkCode=osi&th=1&psc=1">View Product</a></div><div class="product"><a href="https://www.amazon.com/dp/B07Z93LQDB?tag=eloabder-20&linkCode=osi&th=1&psc=1"><img src="https://m.media-amazon.com/images/I/51veoN6zK0L._SL500_.jpg" alt="Product Image"></a><p>Shuttle Art Acrylic Paint Set, 36 Colors Acrylic Paint with Brushes & Palette, 2oz Bottles, Rich Pigments Non-toxic Paint for Artists Kids & Adults, Art Supplies for Canvas Rock Ceramic Wood Painting</p><p>$27.99</p><a href="https://www.amazon.com/dp/B07Z93LQDB?tag=eloabder-20&linkCode=osi&th=1&psc=1">View Product</a></div><div class="product"><a href="https://www.amazon.com/dp/B002665SYY?tag=eloabder-20&linkCode=osi&th=1&psc=1"><img src="https://m.media-amazon.com/images/I/31sJJeWK6OS._SL500_.jpg" alt="Product Image"></a><p>Liquitex BASICS Acrylic Paint, 250ml (8.5-oz) Tube, Titanium White</p><p>$9.99 ($1.18 / Fl Oz)</p><a href="https://www.amazon.com/dp/B002665SYY?tag=eloabder-20&linkCode=osi&th=1&psc=1">View Product</a></div>
<div class="product"><a href="https://www.amazon.com/dp/B0CC98XLGL?tag=eloabder-20&linkCode=osi&th=1&psc=1"><img src="https://m.media-amazon.com/images/I/51ZLw+nThiL._SL500_.jpg" alt="Product Image"></a><p>HUIRUSO 4 Pack Double Sided Tape Roller, Scrapbook Supplies, Glue Tape Roller for Crafts, Double-Sided Adhesive Tape Runner for Scrapbooking, School Office Journaling Supplies (0.31 in X 26.25 ft)</p><p>$6.99 ($1.75 / Count)</p><a href="https://www.amazon.com/dp/B0CC98XLGL?tag=eloabder-20&linkCode=osi&th=1&psc=1">View Product</a></div><div class="product"><a href="https://www.amazon.com/dp/B007XAAE6K?tag=eloabder-20&linkCode=osi&th=1&psc=1"><img src="https://m.media-amazon.com/images/I/414qxYVR0wL._SL500_.jpg" alt="Product Image"></a><p>Scotch Double Sided Tape Runner, 1-Pack, 0.27 in x 26 ft., Perfect for Holiday Crafts, Gifts, and More</p><p>$4.47</p><a href="https://www.amazon.com/dp/B007XAAE6K?tag=eloabder-20&linkCode=osi&th=1&psc=1">View Product</a></div><div class="product"><a href="https://www.amazon.com/dp/B0BZVGPFSK?tag=eloabder-20&linkCode=osi&th=1&psc=1"><img src="https://m.media-amazon.com/images/I/51-ue9+7JkL._SL500_.jpg" alt="Product Image"></a><p>Birllaid Double Sided Tape for Walls, Picture Hanging Strips Removable Mounting Dots Adhesive Heavy Duty, Removable for Art Craft, Decoration, Party Supplies, Multipurpose</p><p>$11.99</p><a href="https://www.amazon.com/dp/B0BZVGPFSK?tag=eloabder-20&linkCode=osi&th=1&psc=1">View Product</a></div><div class="product"><a href="https://www.amazon.com/dp/B0CGVN9SL1?tag=eloabder-20&linkCode=osi&th=1&psc=1"><img src="https://m.media-amazon.com/images/I/41Hy+i4CnoL._SL500_.jpg" alt="Product Image"></a><p>30Ft x 1 Inch Hook and Loop Strips with Adhesive,Double Rolls of Heavy Duty Self Adhesive Tape with Backing, Nylon Self Adhesive Tape for Home Office School and Crafting,White</p><p>$9.99</p><a href="https://www.amazon.com/dp/B0CGVN9SL1?tag=eloabder-20&linkCode=osi&th=1&psc=1">View Product</a></div><div class="product"><a href="https://www.amazon.com/dp/B07Y3VDPLF?tag=eloabder-20&linkCode=osi&th=1&psc=1"><img src="https://m.media-amazon.com/images/I/41cyKQ2OMuL._SL500_.jpg" alt="Product Image"></a><p>Melsan 1x4 inch Hook and Loop Strips with Adhesive - 15 Sets, Strong Back Adhesive Fasten Mounting Tape for Home or Office Use - Instead of Holes and Screws, Black</p><p>$7.82</p><a href="https://www.amazon.com/dp/B07Y3VDPLF?tag=eloabder-20&linkCode=osi&th=1&psc=1">View Product</a></div><div class="product"><a href="https://www.amazon.com/dp/B07V57VJT5?tag=eloabder-20&linkCode=osi&th=1&psc=1"><img src="https://m.media-amazon.com/images/I/514JO3bvl3L._SL500_.jpg" alt="Product Image"></a><p>XFasten Adhesive Roller for Scrapbooking, 8mm x 30ft 4-Pack Double Sided Glue Tape Roller, Scrapbook Supplies for Adults, Photo Tape for Scrapbooking</p><p>$9.99 ($2.50 / Count)</p><a href="https://www.amazon.com/dp/B07V57VJT5?tag=eloabder-20&linkCode=osi&th=1&psc=1">View Product</a></div><div class="product"><a href="https://www.amazon.com/dp/B07JLTGQHX?tag=eloabder-20&linkCode=osi&th=1&psc=1"><img src="https://m.media-amazon.com/images/I/51Eqfo7kUZL._SL500_.jpg" alt="Product Image"></a><p>UPINS 120 Pack Double Sided Foam Tape Square Self-Adhesive Foam Tape Black Strong Tape Pads for DIY Art Crafts Supplies</p><p>$9.99 ($0.08 / Count)</p><a href="https://www.amazon.com/dp/B07JLTGQHX?tag=eloabder-20&linkCode=osi&th=1&psc=1">View Product</a></div><div class="product"><a href="https://www.amazon.com/dp/B005FM6XF4?tag=eloabder-20&linkCode=osi&th=1&psc=1"><img src="https://m.media-amazon.com/images/I/51-vp1WJ89L._SL500_.jpg" alt="Product Image"></a><p>AdTech 5603 Permanent Crafter's Tape, 0.31" x 315", Pack of 4</p><p>$7.84 ($0.07 / Foot)</p><a href="https://www.amazon.com/dp/B005FM6XF4?tag=eloabder-20&linkCode=osi&th=1&psc=1">View Product</a></div><div class="product"><a href="https://www.amazon.com/dp/B0CJF1FLFJ?tag=eloabder-20&linkCode=osi&th=1&psc=1"><img src="https://m.media-amazon.com/images/I/51dig1RqzdL._SL500_.jpg" alt="Product Image"></a><p>UPINS 150Pack Double Sided Foam Tape Strong Sticky Double Sided Foam Pads for Crafts Self-Adhesive Mounting Foam Tape Heavy Duty for Home Wall Decor 40 * 40 * 2mm</p><p>$8.99 ($0.06 / Count)</p><a href="https://www.amazon.com/dp/B0CJF1FLFJ?tag=eloabder-20&linkCode=osi&th=1&psc=1">View Product</a></div><div class="product"><a href="https://www.amazon.com/dp/B0D4YWRGCL?tag=eloabder-20&linkCode=osi&th=1&psc=1"><img src="https://m.media-amazon.com/images/I/41EqJ553-KL._SL500_.jpg" alt="Product Image"></a><p>Amanbo Glue Tape for Scrapbooking, 6 Pack Scrapbook Tape, Double Sided Tape Roller for Crafts, Total 120 Ft x 0.24 in Tape Runner, Craft Supplies for Scrapbooking, Gift Wrapping and Photo Tape</p><p>$6.99</p><a href="https://www.amazon.com/dp/B0D4YWRGCL?tag=eloabder-20&linkCode=osi&th=1&psc=1">View Product</a></div>
<div class="product"><a href="https://www.amazon.com/dp/B0CC5HPPTN?tag=eloabder-20&linkCode=osi&th=1&psc=1"><img src="https://m.media-amazon.com/images/I/519M81S201L._SL500_.jpg" alt="Product Image"></a><p>Airbrush Paint - 30 Colors with 3 Thinner, Ready to Spray Airbrush Paint Set, Water-Based Acrylic Air brush Paints for Metal, Plastic Models, Canvas, Wood, 20ml/Bottle</p><p>$32.99 ($1.48 / Fl Oz)</p><a href="https://www.amazon.com/dp/B0CC5HPPTN?tag=eloabder-20&linkCode=osi&th=1&psc=1">View Product</a></div>
<div class="product"><a href="https://www.amazon.com/dp/B0CXPSGK36?tag=eloabder-20&linkCode=osi&th=1&psc=1"><img src="https://m.media-amazon.com/images/I/51dd2dYOtrL._SL500_.jpg" alt="Product Image"></a><p>Letter Stickers 30 Sheets 1500 PCS Large Alphabet Sticker 2 Inch Vinyl Self Adhesive Stick on Stickers for Water Bottles Cup Mailbox Number Address Craft Scrapbooking Bulletin Board Decor Multicolor</p><p>$9.99</p><a href="https://www.amazon.com/dp/B0CXPSGK36?tag=eloabder-20&linkCode=osi&th=1&psc=1">View Product</a></div><div class="product"><a href="https://www.amazon.com/dp/B07NNYFMGY?tag=eloabder-20&linkCode=osi&th=1&psc=1"><img src="https://m.media-amazon.com/images/I/51yDnU+gEXL._SL500_.jpg" alt="Product Image"></a><p>20 Sheets Alphabet Letter Stickers 10 Colors Self Adhesive Sticker Colorful PU Material Convex Feeling (Colored Letter Stickers 1)</p><p>$6.99 ($0.35 / Count)</p><a href="https://www.amazon.com/dp/B07NNYFMGY?tag=eloabder-20&linkCode=osi&th=1&psc=1">View Product</a></div>

<div class="product"><a href="https://www.amazon.com/dp/B01DDN8854?tag=eloabder-20&linkCode=osi&th=1&psc=1"><img src="https://m.media-amazon.com/images/I/61dPubDZBSL._SL500_.jpg" alt="Product Image"></a><p>Hugs 'n Kisses HNKHABY13 Applique Paper (20 Pack)</p><p>$19.72 ($0.99 / Count)</p><a href="https://www.amazon.com/dp/B01DDN8854?tag=eloabder-20&linkCode=osi&th=1&psc=1">View Product</a></div>
<div class="product"><a href="https://www.amazon.com/dp/B09KPNFJW1?tag=eloabder-20&linkCode=osi&th=1&psc=1"><img src="https://m.media-amazon.com/images/I/41abn5fELmL._SL500_.jpg" alt="Product Image"></a><p>UniPleased Disposable Aprons (50 Count), Plastic apron for Painting Party, Cooking, Housework, Picnic etc.</p><p>$5.69</p><a href="https://www.amazon.com/dp/B09KPNFJW1?tag=eloabder-20&linkCode=osi&th=1&psc=1">View Product</a></div>
<div class="product"><a href="https://www.amazon.com/dp/B087M21MM2?tag=eloabder-20&linkCode=osi&th=1&psc=1"><img src="https://m.media-amazon.com/images/I/41Xf-jehhLL._SL500_.jpg" alt="Product Image"></a><p>GOTIDEAL Stretched Canvas, Multi Pack 4x4, 5x7, 8x10,9x12, 11x14 Set of 10, Primed White - 100% Cotton Artist Canvas Boards for Painting, Acrylic Pouring, Oil Paint Dry & Wet Art Media</p><p>$24.99</p><a href="https://www.amazon.com/dp/B087M21MM2?tag=eloabder-20&linkCode=osi&th=1&psc=1">View Product</a></div><div class="product"><a href="https://www.amazon.com/dp/B00OQJYISG?tag=eloabder-20&linkCode=osi&th=1&psc=1"><img src="https://m.media-amazon.com/images/I/31fEDLPkkcL._SL500_.jpg" alt="Product Image"></a><p>6 Count 12” x 16” Super Value Canvas by Artist's Loft Necessities - Acid Free Cotton Canvas for Paint, Acrylic, & Oils - 1 Pack</p><p>$19.99</p><a href="https://www.amazon.com/dp/B00OQJYISG?tag=eloabder-20&linkCode=osi&th=1&psc=1">View Product</a></div><div class="product"><a href="https://www.amazon.com/dp/B09CDKB9HY?tag=eloabder-20&linkCode=osi&th=1&psc=1"><img src="https://m.media-amazon.com/images/I/51+p5xnClGL._SL500_.jpg" alt="Product Image"></a><p>DPDIAN Canvas Boards for Painting 40 Pack, 8 inch x 10 inch Super Value Pack, Artist Canvas Panels for Oil & Acrylic Painting</p><p>$29.99</p><a href="https://www.amazon.com/dp/B09CDKB9HY?tag=eloabder-20&linkCode=osi&th=1&psc=1">View Product</a></div><div class="product"><a href="https://www.amazon.com/dp/B0CFBGP29G?tag=eloabder-20&linkCode=osi&th=1&psc=1"><img src="https://m.media-amazon.com/images/I/3147Az5plbL._SL500_.jpg" alt="Product Image"></a><p>ArtSkills Stretched Canvases for Painting, 12x16 Canvas Painting Supplies for Artists, Blank Canvas Pack, 2-Pack</p><p>$16.99</p><a href="https://www.amazon.com/dp/B0CFBGP29G?tag=eloabder-20&linkCode=osi&th=1&psc=1">View Product</a></div><div class="product"><a href="https://www.amazon.com/dp/B07BNGQ1SS?tag=eloabder-20&linkCode=osi&th=1&psc=1"><img src="https://m.media-amazon.com/images/I/410ZVtygUwS._SL500_.jpg" alt="Product Image"></a><p>PHOENIX Stretched Canvas for Painting 8x10 Inch/10 Value Pack, 8 Oz Triple Primed 5/8 Inch Profile 100% Cotton White Blank Canvas, Artist Framed Canvas for Oil Acrylic & Pouring Art</p><p>$22.99</p><a href="https://www.amazon.com/dp/B07BNGQ1SS?tag=eloabder-20&linkCode=osi&th=1&psc=1">View Product</a></div><div class="product"><a href="https://www.amazon.com/dp/B0922JP1H4?tag=eloabder-20&linkCode=osi&th=1&psc=1"><img src="https://m.media-amazon.com/images/I/41BmiEND1KL._SL500_.jpg" alt="Product Image"></a><p>GOTIDEAL Canvases for Painting, 18 Pack Canvas Boards Multipack 4x4, 5x7, 8x10, 9x12,11x14,Primed White Blank Artist Canvas Variety Pack for Acrylic Paint, Oil Paint, Watercolor, Gouache</p><p>$19.99</p><a href="https://www.amazon.com/dp/B0922JP1H4?tag=eloabder-20&linkCode=osi&th=1&psc=1">View Product</a></div>


<div class="product"><a href="https://www.amazon.com/dp/B0872VFHBH?tag=eloabder-20&linkCode=osi&th=1&psc=1"><img src="https://m.media-amazon.com/images/I/51k3bekQheS._SL500_.jpg" alt="Product Image"></a><p>Bachmore Drawing Pad 9X12 Inch (110lb/180g), 60 Sheets, Top Spiral Bound Multi-Media for Artist Pro & Amateurs | Acrylic Art, Ink, Paint, Oil Pastels,Watercolor Mixed Media Sketch</p><p>$11.99</p><a href="https://www.amazon.com/dp/B0872VFHBH?tag=eloabder-20&linkCode=osi&th=1&psc=1">View Product</a></div><div class="product"><a href="https://www.amazon.com/dp/B0027A75A4?tag=eloabder-20&linkCode=osi&th=1&psc=1"><img src="https://m.media-amazon.com/images/I/51dyOxxcgYL._SL500_.jpg" alt="Product Image"></a><p>Strathmore 200 Series Sketch Pad, 9x12 inch, 100 Sheets, Tape Bound - Artist Sketchbook for Drawing, Illustration, Art Class Students</p><p>$6.99 ($0.07 / Count)</p><a href="https://www.amazon.com/dp/B0027A75A4?tag=eloabder-20&linkCode=osi&th=1&psc=1">View Product</a></div><div class="product"><a href="https://www.amazon.com/dp/B0BV13YQKX?tag=eloabder-20&linkCode=osi&th=1&psc=1"><img src="https://m.media-amazon.com/images/I/41VYfMpvXUL._SL500_.jpg" alt="Product Image"></a><p>Canson Graduate Watercolor Pad, Foldover, 9x12 inch, 20 Sheets | Artist Paper for Adults and Students - Painting, Gouache, Mixed Media and Ink</p><p>$4.97 ($0.41 / Count)</p><a href="https://www.amazon.com/dp/B0BV13YQKX?tag=eloabder-20&linkCode=osi&th=1&psc=1">View Product</a></div><div class="product"><a href="https://www.amazon.com/dp/B0024KMQ6K?tag=eloabder-20&linkCode=osi&th=1&psc=1"><img src="https://m.media-amazon.com/images/I/51sYdvPPUCL._SL500_.jpg" alt="Product Image"></a><p>Strathmore 400 Series Pastel Pad, Assorted Colors, 9"x12" Glue Bound, 24 Sheets</p><p>$9.11</p><a href="https://www.amazon.com/dp/B0024KMQ6K?tag=eloabder-20&linkCode=osi&th=1&psc=1">View Product</a></div><div class="product"><a href="https://www.amazon.com/dp/B00246O6PI?tag=eloabder-20&linkCode=osi&th=1&psc=1"><img src="https://m.media-amazon.com/images/I/517TUmckOIL._SL500_.jpg" alt="Product Image"></a><p>Strathmore 300 Series Drawing Paper Pad, Top Wire Bound, 11x14 inches, 50 Sheets (70lb/114g) - Artist Paper for Adults and Students - Charcoal, Colored Pencil, Ink, Pastel, Marker</p><p>$13.33</p><a href="https://www.amazon.com/dp/B00246O6PI?tag=eloabder-20&linkCode=osi&th=1&psc=1">View Product</a></div>
<div class="product"><a href="https://www.amazon.com/dp/B08ZMH7LJY?tag=eloabder-20&linkCode=osi&th=1&psc=1"><img src="https://m.media-amazon.com/images/I/51mJIsLJA-S._SL500_.jpg" alt="Product Image"></a><p>PANDAFLY Professional Drawing Sketching Pencil Set - 12 Pieces Graphite Pencils(14B - 2H), Ideal for Drawing Art, Sketching, Shading, Artist Pencils for Beginners & Pro Artists</p><p>$5.11</p><a href="https://www.amazon.com/dp/B08ZMH7LJY?tag=eloabder-20&linkCode=osi&th=1&psc=1">View Product</a></div><div class="product"><a href="https://www.amazon.com/dp/B088K1G5NL?tag=eloabder-20&linkCode=osi&th=1&psc=1"><img src="https://m.media-amazon.com/images/I/51F2bOMZWnL._SL500_.jpg" alt="Product Image"></a><p>MARKART Professional Drawing Sketching Pencil Set - 14 Pieces,Graphite,(12B - 4H), Ideal for Drawing Art, Sketching, Shading, Artist Pencils for Beginners & Pro Artists</p><p>$5.24</p><a href="https://www.amazon.com/dp/B088K1G5NL?tag=eloabder-20&linkCode=osi&th=1&psc=1">View Product</a></div><div class="product"><a href="https://www.amazon.com/dp/B08FHMRW4L?tag=eloabder-20&linkCode=osi&th=1&psc=1"><img src="https://m.media-amazon.com/images/I/51Pmn5gjyzL._SL500_.jpg" alt="Product Image"></a><p>Mr. Pen- Sketch Pencils for Drawing, 14 Pack, Drawing Pencils, Art Pencils, Graphite Pencils, Graphite Pencils for Drawing, Art Pencils for Drawing and Shading</p><p>$5.95</p><a href="https://www.amazon.com/dp/B08FHMRW4L?tag=eloabder-20&linkCode=osi&th=1&psc=1">View Product</a></div><div class="product"><a href="https://www.amazon.com/dp/B0BNQ58DC4?tag=eloabder-20&linkCode=osi&th=1&psc=1"><img src="https://m.media-amazon.com/images/I/51e-gQtCcCL._SL500_.jpg" alt="Product Image"></a><p>MARTCOLOR Drawing Sketching Pencils Set, 12 Pack Graphite Pencils(14B - 2H), Ideal for Drawing Art, Sketching, Shading, Artist Pencils for Beginners & Pro Artists</p><p>$5.99</p><a href="https://www.amazon.com/dp/B0BNQ58DC4?tag=eloabder-20&linkCode=osi&th=1&psc=1">View Product</a></div>

<div class="product"><a href="https://www.amazon.com/dp/B0851M3749?tag=eloabder-20&linkCode=osi&th=1&psc=1"><img src="https://m.media-amazon.com/images/I/41KKSGSDl5L._SL500_.jpg" alt="Product Image"></a><p>N NOROCME 12 PCS Blending Stumps and Tortillions Paper Art Blenders with Sandpaper Pencil Sharpener Pointer for Student Artist Charcoal Sketch Drawing Tools</p><p>$4.99</p><a href="https://www.amazon.com/dp/B0851M3749?tag=eloabder-20&linkCode=osi&th=1&psc=1">View Product</a></div><div class="product"><a href="https://www.amazon.com/dp/B09J3HKN8F?tag=eloabder-20&linkCode=osi&th=1&psc=1"><img src="https://m.media-amazon.com/images/I/51Qvx81eQLL._SL500_.jpg" alt="Product Image"></a><p>Eraser Pencils Set for Artists, Wooden Sketch Eraser Pen for Charcoal Drawings, Professional Highlight Painting Eraser for Sketching, Revise Erasing Details for Students Limner</p><p>$6.99</p><a href="https://www.amazon.com/dp/B09J3HKN8F?tag=eloabder-20&linkCode=osi&th=1&psc=1">View Product</a></div>
<div class="product"><a href="https://www.amazon.com/dp/B09WCQ89T8?tag=eloabder-20&linkCode=osi&th=1&psc=1"><img src="https://m.media-amazon.com/images/I/41gZz0qgBFL._SL500_.jpg" alt="Product Image"></a><p>Bernat BABY BLANKET BB Blue Dreams Yarn - 1 Pack of 10.5oz/300g - Polyester - #6 Super Bulky - 220 Yards - Knitting/Crochet</p><p>$6.97</p><a href="https://www.amazon.com/dp/B09WCQ89T8?tag=eloabder-20&linkCode=osi&th=1&psc=1">View Product</a></div><div class="product"><a href="https://www.amazon.com/dp/B07V5JVNFD?tag=eloabder-20&linkCode=osi&th=1&psc=1"><img src="https://m.media-amazon.com/images/I/41IS+HdtiOL._SL500_.jpg" alt="Product Image"></a><p>Lion Brand Yarn Basic Stitch Anti-Pilling Knitting Yarn, Yarn for Crocheting, 1-Pack, Baby Blue</p><p>$8.40 ($0.02 / Foot)</p><a href="https://www.amazon.com/dp/B07V5JVNFD?tag=eloabder-20&linkCode=osi&th=1&psc=1">View Product</a></div><div class="product"><a href="https://www.amazon.com/dp/B01M0AJID2?tag=eloabder-20&linkCode=osi&th=1&psc=1"><img src="https://m.media-amazon.com/images/I/41yVau0AUpL._SL500_.jpg" alt="Product Image"></a><p>Lion Brand Yarn (1 Skein) Lion Brand Yarn Babysoft Baby Yarn Yarn, Little Boy Blue Multicolor</p><p>$7.19 ($0.01 / Foot)</p><a href="https://www.amazon.com/dp/B01M0AJID2?tag=eloabder-20&linkCode=osi&th=1&psc=1">View Product</a></div><div class="product"><a href="https://www.amazon.com/dp/B09W1KHF42?tag=eloabder-20&linkCode=osi&th=1&psc=1"><img src="https://m.media-amazon.com/images/I/41maDlrio5L._SL500_.jpg" alt="Product Image"></a><p>Red Heart Super Saver Light Blue Yarn - 3 Pack of 198g/7oz - Acrylic - 4 Medium (Worsted) - 364 Yards - Knitting/Crochet</p><p>$13.29 ($4.43 / Count)</p><a href="https://www.amazon.com/dp/B09W1KHF42?tag=eloabder-20&linkCode=osi&th=1&psc=1">View Product</a></div><div class="product"><a href="https://www.amazon.com/dp/B08LKVZ3CX?tag=eloabder-20&linkCode=osi&th=1&psc=1"><img src="https://m.media-amazon.com/images/I/41GLizNx8UL._SL500_.jpg" alt="Product Image"></a><p>Bernat Baby Blanket Baby Blue Yarn - 3 Pack of 100g/3.5oz - Polyester - 6 Super Bulky - 72 Yards - Knitting/Crochet</p><p>$21.81</p><a href="https://www.amazon.com/dp/B08LKVZ3CX?tag=eloabder-20&linkCode=osi&th=1&psc=1">View Product</a></div><div class="product"><a href="https://www.amazon.com/dp/B0CHJ95WHJ?tag=eloabder-20&linkCode=osi&th=1&psc=1"><img src="https://m.media-amazon.com/images/I/314E1EQdihL._SL500_.jpg" alt="Product Image"></a><p>NORCIA Soft Velvet Yarn Chenille Yarn for Crocheting Baby Blanket Yarn for Knitting Amigurumi Yarn Fancy Yarn for Crochet Weaving Craft (Baby Blue, 1 Skein)</p><p>$9.99</p><a href="https://www.amazon.com/dp/B0CHJ95WHJ?tag=eloabder-20&linkCode=osi&th=1&psc=1">View Product</a></div>
<div class="product"><a href="https://www.amazon.com/dp/B0779F2TXJ?tag=eloabder-20&linkCode=osi&th=1&psc=1"><img src="https://m.media-amazon.com/images/I/31kqZr8DJzL._SL500_.jpg" alt="Product Image"></a><p>OPENDGO Feather Ballpoint Pen ，Black Ink Vintage Feather Quill Refined Plated Rod Quill Ballpoint Pen For School Writing ▏Wedding Gift Signature Pen (Black)</p><p>$6.97</p><a href="https://www.amazon.com/dp/B0779F2TXJ?tag=eloabder-20&linkCode=osi&th=1&psc=1">View Product</a></div><div class="product"><a href="https://www.amazon.com/dp/B0CQF3BJ3S?tag=eloabder-20&linkCode=osi&th=1&psc=1"><img src="https://m.media-amazon.com/images/I/41gs6AOiP6L._SL500_.jpg" alt="Product Image"></a><p>3 in 1 Retractable Ballpoint Pen with Light and Stylus, Nice Pens for Journaling Writing in The Dark - White/Red Light Tip- 0.7mm Black Ink</p><p>$12.99</p><a href="https://www.amazon.com/dp/B0CQF3BJ3S?tag=eloabder-20&linkCode=osi&th=1&psc=1">View Product</a></div><div class="product"><a href="https://www.amazon.com/dp/B08BBZ3B8G?tag=eloabder-20&linkCode=osi&th=1&psc=1"><img src="https://m.media-amazon.com/images/I/41cMHyw60wL._SL500_.jpg" alt="Product Image"></a><p>Mr. Pen- Pens, Black Pens, 12 Pack, Fast Dry, No Smear Pens, Bible Pens, Pens for Journaling, Pens No Bleed Through, Pens Fine Point, Journal Pens, Fine Tip, Planner Pens, Ball Point Journal Pens</p><p>$9.99</p><a href="https://www.amazon.com/dp/B08BBZ3B8G?tag=eloabder-20&linkCode=osi&th=1&psc=1">View Product</a></div><div class="product"><a href="https://www.amazon.com/dp/B0D4YWWGX6?tag=eloabder-20&linkCode=osi&th=1&psc=1"><img src="https://m.media-amazon.com/images/I/31xHBCCzJqL._SL500_.jpg" alt="Product Image"></a><p>PATIKIL 21cm/8" Feather Ballpoint Pen, 1Pcs Ink Vintage Quill Pen Refined Plated Dip Pen for Calligraphy Writing Signature Wedding Gift, Yellow</p><p>$7.49</p><a href="https://www.amazon.com/dp/B0D4YWWGX6?tag=eloabder-20&linkCode=osi&th=1&psc=1">View Product</a></div>

<div class="product"><a href="https://www.amazon.com/dp/B001TLDEVQ?tag=eloabder-20&linkCode=osi&th=1&psc=1"><img src="https://m.media-amazon.com/images/I/41jYF39F6lL._SL500_.jpg" alt="Product Image"></a><p>Beadalon SuppleMax Illusion Beading Cord, 0.40 mm / 0.016 in, Clear Monofilament, 50 m / 164 ft</p><p>$4.74</p><a href="https://www.amazon.com/dp/B001TLDEVQ?tag=eloabder-20&linkCode=osi&th=1&psc=1">View Product</a></div><div class="product"><a href="https://www.amazon.com/dp/B0D2HVFZ7Q?tag=eloabder-20&linkCode=osi&th=1&psc=1"><img src="https://m.media-amazon.com/images/I/41R66LMYz7L._SL500_.jpg" alt="Product Image"></a><p>Zxiixz 116Yards 0.5mm Bracelet String, Waxed String Cord for Bracelet Making, Beading Thread for Bracelet Beads, Friendship Bracelet String for Bracelet Making, Waxed Polyester Cord for Jewelry Making</p><p>$6.99</p><a href="https://www.amazon.com/dp/B0D2HVFZ7Q?tag=eloabder-20&linkCode=osi&th=1&psc=1">View Product</a></div><div class="product"><a href="https://www.amazon.com/dp/B07BNF8KH5?tag=eloabder-20&linkCode=osi&th=1&psc=1"><img src="https://m.media-amazon.com/images/I/51jVByheyVL._SL500_.jpg" alt="Product Image"></a><p>PH PandaHall 100 Yards 1mm Waxed Cotton Cord Thread Beading String for Bracelet Necklace Making Crafting Beading Macrame Vase Decor, Burlywood</p><p>$7.19 ($0.02 / Foot)</p><a href="https://www.amazon.com/dp/B07BNF8KH5?tag=eloabder-20&linkCode=osi&th=1&psc=1">View Product</a></div><div class="product"><a href="https://www.amazon.com/dp/B07HBPGXJG?tag=eloabder-20&linkCode=osi&th=1&psc=1"><img src="https://m.media-amazon.com/images/I/41xi8gO6kDL._SL500_.jpg" alt="Product Image"></a><p>Paxcoo 0.8mm Elastic String, Stretchy Bracelet String Crystal String Bead Cord for Bracelet, Beading and Jewelry Making (120m)</p><p>$6.99 ($0.02 / Foot)</p><a href="https://www.amazon.com/dp/B07HBPGXJG?tag=eloabder-20&linkCode=osi&th=1&psc=1">View Product</a></div><div class="product"><a href="https://www.amazon.com/dp/B0CNPST7D9?tag=eloabder-20&linkCode=osi&th=1&psc=1"><img src="https://m.media-amazon.com/images/I/41A9VISFC4L._SL500_.jpg" alt="Product Image"></a><p>Kblick Black Nylon String Cord - 1MM 100 Yards Black Twine, Bracelet String for Bracelet Making, Braided Ornament Lanyard Sting, Jewelry Thread Clay Bead String for Crafts, Macrame Satin Cord</p><p>$5.99 ($0.02 / Foot)</p><a href="https://www.amazon.com/dp/B0CNPST7D9?tag=eloabder-20&linkCode=osi&th=1&psc=1">View Product</a></div><div class="product"><a href="https://www.amazon.com/dp/B08GC3JF9X?tag=eloabder-20&linkCode=osi&th=1&psc=1"><img src="https://m.media-amazon.com/images/I/41FQZYhvQpL._SL500_.jpg" alt="Product Image"></a><p>Cheriswelry 100M 0.8mm Nylon Beading Cord Black Chinese Knotting Rattail Macrame Thread String Roll for Jewelry Making Kumihimo Wrapping Supplies DIY Crafts</p><p>$6.99 ($0.02 / Fl Oz)</p><a href="https://www.amazon.com/dp/B08GC3JF9X?tag=eloabder-20&linkCode=osi&th=1&psc=1">View Product</a></div><div class="product"><a href="https://www.amazon.com/dp/B0B3V9RWQC?tag=eloabder-20&linkCode=osi&th=1&psc=1"><img src="https://m.media-amazon.com/images/I/41F-OP+yCxL._SL500_.jpg" alt="Product Image"></a><p>Griffin Silk Bead Cord Perlseide – Black Color – Size 3 (0.50mm) – 2 Meters per Card – Stainless Steel Needle Attached – for Knotting Pearls, Gemstones, Crystals and Beads</p><p>$4.99 ($0.76 / Foot)</p><a href="https://www.amazon.com/dp/B0B3V9RWQC?tag=eloabder-20&linkCode=osi&th=1&psc=1">View Product</a></div><div class="product"><a href="https://www.amazon.com/dp/B08F49YVQP?tag=eloabder-20&linkCode=osi&th=1&psc=1"><img src="https://m.media-amazon.com/images/I/41yCMIpj0rS._SL500_.jpg" alt="Product Image"></a><p>1mm Stretchy Bracelet String, Sturdy Rainbow Elastic String Elastic Cord for Jewelry Making, Necklaces, Beading and Crafts</p><p>$6.99 ($0.04 / Foot)</p><a href="https://www.amazon.com/dp/B08F49YVQP?tag=eloabder-20&linkCode=osi&th=1&psc=1">View Product</a></div>

<div class="product"><a href="https://www.amazon.com/dp/B001GMUBJ6?tag=eloabder-20&linkCode=osi&th=1&psc=1"><img src="https://m.media-amazon.com/images/I/41V5qzn3H5L._SL500_.jpg" alt="Product Image"></a><p>The Beadsmith Fireline by Berkley – Micro-Fused Braided Thread – 6lb. Test, 006”/.15mm Diameter, 50 Yard Spool, Crystal Color – Super Strong Stringing Material for Jewelry Making and Bead Weaving</p><p>$12.59</p><a href="https://www.amazon.com/dp/B001GMUBJ6?tag=eloabder-20&linkCode=osi&th=1&psc=1">View Product</a></div><div class="product"><a href="https://www.amazon.com/dp/B001UAKK0Y?tag=eloabder-20&linkCode=osi&th=1&psc=1"><img src="https://m.media-amazon.com/images/I/41rY1D0wfuL._SL500_.jpg" alt="Product Image"></a><p>Beadalon Wildfire, 0.006 in, 0.15 mm, Break Strength 10 lb / 4.5 kg, Frost, 50 yd / 45 m</p><p>$8.85 ($0.06 / Foot)</p><a href="https://www.amazon.com/dp/B001UAKK0Y?tag=eloabder-20&linkCode=osi&th=1&psc=1">View Product</a></div><div class="product"><a href="https://www.amazon.com/dp/B095WY58F4?tag=eloabder-20&linkCode=osi&th=1&psc=1"><img src="https://m.media-amazon.com/images/I/41mXRfJqcjL._SL500_.jpg" alt="Product Image"></a><p>PH PandaHall 0.1mm Nylon Seed Bead Thread 100 Yards Black White Bracelet Cord Beading Thread Invisible Sewing Thread Nylon Braided Thread String for Leather Stitching Beading Jewelry Bracelets Making</p><p>$9.99 ($0.03 / Foot)</p><a href="https://www.amazon.com/dp/B095WY58F4?tag=eloabder-20&linkCode=osi&th=1&psc=1">View Product</a></div><div class="product"><a href="https://www.amazon.com/dp/B08RN2R2SZ?tag=eloabder-20&linkCode=osi&th=1&psc=1"><img src="https://m.media-amazon.com/images/I/41Tg2MMC++L._SL500_.jpg" alt="Product Image"></a><p>KO Nylon Beading Thread, White Color, Japanese Pre-Waxed 100% Nylon, 330TEX, Tangle Resistant Knotting Cords, 50m /55 yds Spool, Use for Seed Bead Projects, Loom Work & Bead Weaving</p><p>$7.06 ($0.04 / Foot)</p><a href="https://www.amazon.com/dp/B08RN2R2SZ?tag=eloabder-20&linkCode=osi&th=1&psc=1">View Product</a></div><div class="product"><a href="https://www.amazon.com/dp/B09J89ST79?tag=eloabder-20&linkCode=osi&th=1&psc=1"><img src="https://m.media-amazon.com/images/I/41hLuuOZeXL._SL500_.jpg" alt="Product Image"></a><p>2 Roll Polyester Thread, Heavy Duty Thread, 1500Yard/Reel 210D/3 nylon thread for sewing, Sewing Thread for Upholstery, Outdoor Market, Drapery, Leather, Beading, Crafts</p><p>$7.99 ($0.00 / Foot)</p><a href="https://www.amazon.com/dp/B09J89ST79?tag=eloabder-20&linkCode=osi&th=1&psc=1">View Product</a></div><div class="product"><a href="https://www.amazon.com/dp/B0C6MSY7QQ?tag=eloabder-20&linkCode=osi&th=1&psc=1"><img src="https://m.media-amazon.com/images/I/31Bn-MyA62L._SL500_.jpg" alt="Product Image"></a><p>PH PandaHall 0.1mm Nylon String 100 Yards Beading Thread White Nylon Seed Bead Thread Bracelet Beading Thread Sewing String for Leather Stitching Beading Jewelry Bracelets Making</p><p>$7.99 ($0.03 / Foot)</p><a href="https://www.amazon.com/dp/B0C6MSY7QQ?tag=eloabder-20&linkCode=osi&th=1&psc=1">View Product</a></div>

<div class="product"><a href="https://www.amazon.com/dp/B07NMNDT1W?tag=eloabder-20&linkCode=osi&th=1&psc=1"><img src="https://m.media-amazon.com/images/I/41-zwQIcVcL._SL500_.jpg" alt="Product Image"></a><p>Howemon White Beeswax Pellets 2LB 100% Pure and Natural Triple Filtered for Skin, Face, Body and Hair Care DIY Creams, Lotions, Lip Balm and Soap Making Supplies</p><p>$13.99 ($0.44 / Fl Oz)</p><a href="https://www.amazon.com/dp/B07NMNDT1W?tag=eloabder-20&linkCode=osi&th=1&psc=1">View Product</a></div><div class="product"><a href="https://www.amazon.com/dp/B00B3U0FW4?tag=eloabder-20&linkCode=osi&th=1&psc=1"><img src="https://m.media-amazon.com/images/I/51rWFCST+TL._SL500_.jpg" alt="Product Image"></a><p>Beesworks Yellow Beeswax Pellets (1 lb) | 100% Pure, Cosmetic Grade, Triple-Filtered Beeswax for DIY Skin care, Lip Balm, Lotion, and Candle Making</p><p>$13.99 ($0.87 / Ounce)</p><a href="https://www.amazon.com/dp/B00B3U0FW4?tag=eloabder-20&linkCode=osi&th=1&psc=1">View Product</a></div><div class="product"><a href="https://www.amazon.com/dp/B01LWX2IO1?tag=eloabder-20&linkCode=osi&th=1&psc=1"><img src="https://m.media-amazon.com/images/I/41MlNqhDyCL._SL500_.jpg" alt="Product Image"></a><p>Beesworks Yellow Beeswax Bars (6 oz) | 100% Pure, Cosmetic Grade, Triple-Filtered Beeswax for DIY Skin Care, Lip Balm, Lotion and Candle Making (1 oz Bars - Pack of 6)</p><p>$6.99</p><a href="https://www.amazon.com/dp/B01LWX2IO1?tag=eloabder-20&linkCode=osi&th=1&psc=1">View Product</a></div><div class="product"><a href="https://www.amazon.com/dp/B0BV77F19N?tag=eloabder-20&linkCode=osi&th=1&psc=1"><img src="https://m.media-amazon.com/images/I/41xzHaO1-EL._SL500_.jpg" alt="Product Image"></a><p>Beeswax Pellets 10LB Cosmetic Beeswax Triple Filtered Beeswax Pastilles for Candle Making Great for DIY Projects Creams Lotions Lip Balm and Soap Making Supplies(10LB)</p><p>$32.99</p><a href="https://www.amazon.com/dp/B0BV77F19N?tag=eloabder-20&linkCode=osi&th=1&psc=1">View Product</a></div><div class="product"><a href="https://www.amazon.com/dp/B0C9QSG3CY?tag=eloabder-20&linkCode=osi&th=1&psc=1"><img src="https://m.media-amazon.com/images/I/414XQcU6SRL._SL500_.jpg" alt="Product Image"></a><p>YASNAY White Beeswax Pellets 2LB, 100% Organic Beeswax, Beeswax for Candle Making, Body, Skin Care DIY, Lip Balm and Soap Making Supplies</p><p>$11.99</p><a href="https://www.amazon.com/dp/B0C9QSG3CY?tag=eloabder-20&linkCode=osi&th=1&psc=1">View Product</a></div><div class="product"><a href="https://www.amazon.com/dp/B097HTC4WN?tag=eloabder-20&linkCode=osi&th=1&psc=1"><img src="https://m.media-amazon.com/images/I/51pwMM7C6-L._SL500_.jpg" alt="Product Image"></a><p>Eco Lux 8 Yellow Beeswax Blocks 100% Pure Natural Organic Bees Wax 6.5oz</p><p>$8.49 ($1.35 / Ounce)</p><a href="https://www.amazon.com/dp/B097HTC4WN?tag=eloabder-20&linkCode=osi&th=1&psc=1">View Product</a></div><div class="product"><a href="https://www.amazon.com/dp/B00HDHQQCE?tag=eloabder-20&linkCode=osi&th=1&psc=1"><img src="https://m.media-amazon.com/images/I/41vF-7MwNhL._SL500_.jpg" alt="Product Image"></a><p>Murray's 100% Pure Beeswax 4 oz</p><p>$5.98 ($1.50 / Ounce)</p><a href="https://www.amazon.com/dp/B00HDHQQCE?tag=eloabder-20&linkCode=osi&th=1&psc=1">View Product</a></div><div class="product"><a href="https://www.amazon.com/dp/B09YM8JTLM?tag=eloabder-20&linkCode=osi&th=1&psc=1"><img src="https://m.media-amazon.com/images/I/41cjNuBnFEL._SL500_.jpg" alt="Product Image"></a><p>TRINIDa Beeswax Pellets 2LB(32 oz), 100% Organic Yellow Bees Wax for DIY Candles, Beeswax for Candle Making, Skin, Body, Face, and Hair Care, Lotions, DIY Creams, Lip Balm and Soap Making Supplies</p><p>$11.99</p><a href="https://www.amazon.com/dp/B09YM8JTLM?tag=eloabder-20&linkCode=osi&th=1&psc=1">View Product</a></div><div class="product"><a href="https://www.amazon.com/dp/B00F3CNMV4?tag=eloabder-20&linkCode=osi&th=1&psc=1"><img src="https://m.media-amazon.com/images/I/31pjrRAEa4L._SL500_.jpg" alt="Product Image"></a><p>Stakich Yellow Beeswax Block - Natural, Triple Filtered - 1 Pound, Honey Scent</p><p>$13.95 ($0.87 / Ounce)</p><a href="https://www.amazon.com/dp/B00F3CNMV4?tag=eloabder-20&linkCode=osi&th=1&psc=1">View Product</a></div><div class="product"><a href="https://www.amazon.com/dp/B0BXFZBZS9?tag=eloabder-20&linkCode=osi&th=1&psc=1"><img src="https://m.media-amazon.com/images/I/4178i9IB9KL._SL500_.jpg" alt="Product Image"></a><p>5LB Beeswax Pellets Beeswax for Candle Making Organic Beeswax Pellets for Skin Beeswax Beads Beeswax Bulk Beeswax for Lotion Making Organic for DIY and Craft Project</p><p>$22.99</p><a href="https://www.amazon.com/dp/B0BXFZBZS9?tag=eloabder-20&linkCode=osi&th=1&psc=1">View Product</a></div>
<div class="product"><a href="https://www.amazon.com/dp/B0052F1BVK?tag=eloabder-20&linkCode=osi&th=1&psc=1"><img src="https://m.media-amazon.com/images/I/41zE9eiGoLL._SL500_.jpg" alt="Product Image"></a><p>ACC Staples Large Binder Clips, 2" Width, 1" Capacity, Black, 12/Pk</p><p>$6.30</p><a href="https://www.amazon.com/dp/B0052F1BVK?tag=eloabder-20&linkCode=osi&th=1&psc=1">View Product</a></div><div class="product"><a href="https://www.amazon.com/dp/B07MLFR771?tag=eloabder-20&linkCode=osi&th=1&psc=1"><img src="https://m.media-amazon.com/images/I/51N2wxA7N0L._SL500_.jpg" alt="Product Image"></a><p>CooBigo 50 Pack Binder Ring, Metal Book Ring Paper Ring Holder 5/8-Inch Loose Leaf Binder Ring Clip for Index Card, Flash Card Ring, Card Calendar, Keychain Key Ring - Bronze</p><p>$6.99</p><a href="https://www.amazon.com/dp/B07MLFR771?tag=eloabder-20&linkCode=osi&th=1&psc=1">View Product</a></div><div class="product"><a href="https://www.amazon.com/dp/B01563NHGY?tag=eloabder-20&linkCode=osi&th=1&psc=1"><img src="https://m.media-amazon.com/images/I/41gj+0ZftqL._SL500_.jpg" alt="Product Image"></a><p>vanki Pack of 40 Cute Lovely Smiling Face Spring-Loaded File Organizer Paper Holder Metal Binder Clips, Assorted Color</p><p>$8.99</p><a href="https://www.amazon.com/dp/B01563NHGY?tag=eloabder-20&linkCode=osi&th=1&psc=1">View Product</a></div><div class="product"><a href="https://www.amazon.com/dp/B000GOUDSO?tag=eloabder-20&linkCode=osi&th=1&psc=1"><img src="https://m.media-amazon.com/images/I/41ZANISHgML._SL500_.jpg" alt="Product Image"></a><p>Small Binder Clips .75" 8/Pkg-Assorted Colors</p><p>$4.46</p><a href="https://www.amazon.com/dp/B000GOUDSO?tag=eloabder-20&linkCode=osi&th=1&psc=1">View Product</a></div>
<div class="product"><a href="https://www.amazon.com/dp/B07PRPX4VR?tag=eloabder-20&linkCode=osi&th=1&psc=1"><img src="https://m.media-amazon.com/images/I/41IMH12fdPL._SL500_.jpg" alt="Product Image"></a><p>Durable Sheet Lifters, Durable Easy Flow, 11" x 3", Lifts Sheets Over Rings and Protects Sheets from Tearing, Fit Standard 3-Ring Binders, Black (20 Pack)</p><p>$14.99</p><a href="https://www.amazon.com/dp/B07PRPX4VR?tag=eloabder-20&linkCode=osi&th=1&psc=1">View Product</a></div><div class="product"><a href="https://www.amazon.com/dp/B0CM8QJHFW?tag=eloabder-20&linkCode=osi&th=1&psc=1"><img src="https://m.media-amazon.com/images/I/31cJGS74oCL._SL500_.jpg" alt="Product Image"></a><p>Wantane D-Shaped Tape Storage Ring Tape Storage Ring 4" D-Shaped Washi Tape Storage Ring for DIY Decoration and Storage（Nickel）-2PCS</p><p>$7.99</p><a href="https://www.amazon.com/dp/B0CM8QJHFW?tag=eloabder-20&linkCode=osi&th=1&psc=1">View Product</a></div>
<div class="product"><a href="https://www.amazon.com/dp/B00006IAS3?tag=eloabder-20&linkCode=osi&th=1&psc=1"><img src="https://m.media-amazon.com/images/I/317DvSXhT1L._SL500_.jpg" alt="Product Image"></a><p>GBC Binding System, Manual, Desktop Binding Punch, 6 Sheet Punch Capacity, ProClick P50 (2515650)</p><p>$123.89</p><a href="https://www.amazon.com/dp/B00006IAS3?tag=eloabder-20&linkCode=osi&th=1&psc=1">View Product</a></div><div class="product"><a href="https://www.amazon.com/dp/B004BP81KQ?tag=eloabder-20&linkCode=osi&th=1&psc=1"><img src="https://m.media-amazon.com/images/I/51SqfeZ12KL._SL500_.jpg" alt="Product Image"></a><p>We R Memory Keepers Cinch Book Binding Wire (1-Inch, Silver (2 Pack))</p><p>$5.99</p><a href="https://www.amazon.com/dp/B004BP81KQ?tag=eloabder-20&linkCode=osi&th=1&psc=1">View Product</a></div>

<div class="product"><a href="https://www.amazon.com/dp/B0007ZJ8TM?tag=eloabder-20&linkCode=osi&th=1&psc=1"><img src="https://m.media-amazon.com/images/I/41i49sz3UAL._SL500_.jpg" alt="Product Image"></a><p>Speedball Super Black India Ink, 2-Ounce</p><p>$9.99 ($9.99 / Count)</p><a href="https://www.amazon.com/dp/B0007ZJ8TM?tag=eloabder-20&linkCode=osi&th=1&psc=1">View Product</a></div><div class="product"><a href="https://www.amazon.com/dp/B0026I10AI?tag=eloabder-20&linkCode=osi&th=1&psc=1"><img src="https://m.media-amazon.com/images/I/31vklP4uBsL._SL500_.jpg" alt="Product Image"></a><p>Dr. Ph. Martin's Bombay India (7BY) Ink Bottle, 1.0 oz, Black</p><p>$6.99</p><a href="https://www.amazon.com/dp/B0026I10AI?tag=eloabder-20&linkCode=osi&th=1&psc=1">View Product</a></div><div class="product"><a href="https://www.amazon.com/dp/B000KNP96C?tag=eloabder-20&linkCode=osi&th=1&psc=1"><img src="https://m.media-amazon.com/images/I/51e9srYtG0L._SL500_.jpg" alt="Product Image"></a><p>Winsor & Newton Drawing Ink, 14ml Bottle, Black Indian</p><p>$10.99</p><a href="https://www.amazon.com/dp/B000KNP96C?tag=eloabder-20&linkCode=osi&th=1&psc=1">View Product</a></div><div class="product"><a href="https://www.amazon.com/dp/B07BQG5QF4?tag=eloabder-20&linkCode=osi&th=1&psc=1"><img src="https://m.media-amazon.com/images/I/41nEMDYZaiL._SL500_.jpg" alt="Product Image"></a><p>Speedball Super Black India Ink, 16-Ounce</p><p>$19.99</p><a href="https://www.amazon.com/dp/B07BQG5QF4?tag=eloabder-20&linkCode=osi&th=1&psc=1">View Product</a></div><div class="product"><a href="https://www.amazon.com/dp/B001038NLY?tag=eloabder-20&linkCode=osi&th=1&psc=1"><img src="https://m.media-amazon.com/images/I/418i4sxJJ0L._SL500_.jpg" alt="Product Image"></a><p>Speedball Fabric Screen Printing Ink, 8-Ounce, Black for T-Shirt and Silkscreen Printmaking</p><p>$12.99 ($1.62 / Fl Oz)</p><a href="https://www.amazon.com/dp/B001038NLY?tag=eloabder-20&linkCode=osi&th=1&psc=1">View Product</a></div><div class="product"><a href="https://www.amazon.com/dp/B00161OPSA?tag=eloabder-20&linkCode=osi&th=1&psc=1"><img src="https://m.media-amazon.com/images/I/41C32y3CJAL._SL500_.jpg" alt="Product Image"></a><p>Tsukineko VersaFine inkpad, Full-Size, Onyx Black</p><p>$4.99 ($4.99 / Count)</p><a href="https://www.amazon.com/dp/B00161OPSA?tag=eloabder-20&linkCode=osi&th=1&psc=1">View Product</a></div>
<div class="product"><a href="https://www.amazon.com/dp/B07Q4TJCDJ?tag=eloabder-20&linkCode=osi&th=1&psc=1"><img src="https://m.media-amazon.com/images/I/315HYvYg-BL._SL500_.jpg" alt="Product Image"></a><p>Primbeeks 300pcs Blank Business Cards, Premium Blank White Cards, 3.5" x 2.2" Small Blank Cards, Blank Cardstock Cards, Small Note Cards, white blank cards, white business cards, kraft paper cards</p><p>$7.99</p><a href="https://www.amazon.com/dp/B07Q4TJCDJ?tag=eloabder-20&linkCode=osi&th=1&psc=1">View Product</a></div><div class="product"><a href="https://www.amazon.com/dp/B0CRGHFLT8?tag=eloabder-20&linkCode=osi&th=1&psc=1"><img src="https://m.media-amazon.com/images/I/41S1NLpb8hL._SL500_.jpg" alt="Product Image"></a><p>Watercolor Cards and Envelopes Set - 50 Folded 5x7 Inch Blank Heavyweight Paper Cards (140lb/300gsm) with Matching Envelopes for DIY Greeting Cards, Festivals, and Events</p><p>$17.99 ($0.36 / Count)</p><a href="https://www.amazon.com/dp/B0CRGHFLT8?tag=eloabder-20&linkCode=osi&th=1&psc=1">View Product</a></div><div class="product"><a href="https://www.amazon.com/dp/B08MX4TZ3H?tag=eloabder-20&linkCode=osi&th=1&psc=1"><img src="https://m.media-amazon.com/images/I/41D2u4vdLQL._SL500_.jpg" alt="Product Image"></a><p>50 Pack Blank Kraft Cards Cardstock Thick Paper Brown Greeting Cards for DIY Gift Card Menus, Baby Shower and Wedding Invitations (Multicolored, 5x7IN)</p><p>$8.99</p><a href="https://www.amazon.com/dp/B08MX4TZ3H?tag=eloabder-20&linkCode=osi&th=1&psc=1">View Product</a></div><div class="product"><a href="https://www.amazon.com/dp/B08BDGGVMK?tag=eloabder-20&linkCode=osi&th=1&psc=1"><img src="https://m.media-amazon.com/images/I/41W-dTUoBqL._SL500_.jpg" alt="Product Image"></a><p>100pcs 3.54"x2" Blank Kraft Paper Business Card, Words Message Notes paper Tags, Mini Craft Cardboard Festival gifts - 6 colors</p><p>$5.98</p><a href="https://www.amazon.com/dp/B08BDGGVMK?tag=eloabder-20&linkCode=osi&th=1&psc=1">View Product</a></div><div class="product"><a href="https://www.amazon.com/dp/B08BFDJJ78?tag=eloabder-20&linkCode=osi&th=1&psc=1"><img src="https://m.media-amazon.com/images/I/61LZ1Csb+dL._SL500_.jpg" alt="Product Image"></a><p>Nettbe 100pcs 3.54"x2" Blank Kraft Paper Business Card, Words Message Notes paper Tags, Mini Craft Cardboard Festival gifts</p><p>$5.99</p><a href="https://www.amazon.com/dp/B08BFDJJ78?tag=eloabder-20&linkCode=osi&th=1&psc=1">View Product</a></div><div class="product"><a href="https://www.amazon.com/dp/B07Q8YBJM3?tag=eloabder-20&linkCode=osi&th=1&psc=1"><img src="https://m.media-amazon.com/images/I/31w6U4cCqEL._SL500_.jpg" alt="Product Image"></a><p>Primbeeks 228pcs Blank Business Cards, Premium Blank White Cards, 3.5" x 2.2" Small Blank Cards, Blank Cardstock Cards, Small Note Cards, white blank cards, white business cards, kraft paper cards</p><p>$5.99</p><a href="https://www.amazon.com/dp/B07Q8YBJM3?tag=eloabder-20&linkCode=osi&th=1&psc=1">View Product</a></div><div class="product"><a href="https://www.amazon.com/dp/B08X4Z9TGN?tag=eloabder-20&linkCode=osi&th=1&psc=1"><img src="https://m.media-amazon.com/images/I/41Jqhe35tDL._SL500_.jpg" alt="Product Image"></a><p>321Done Blank Rustic Cards, Made in USA - 4x6 Thick, Heavy Cardstock - Make Invites, Greeting, Note, Thank You Cards - Plain Kraft for Writing, Stamping, Printing, Art - No Envelopes - Set of 50</p><p>$14.99</p><a href="https://www.amazon.com/dp/B08X4Z9TGN?tag=eloabder-20&linkCode=osi&th=1&psc=1">View Product</a></div><div class="product"><a href="https://www.amazon.com/dp/B0D2KDWBNM?tag=eloabder-20&linkCode=osi&th=1&psc=1"><img src="https://m.media-amazon.com/images/I/31dAhnBJ7aL._SL500_.jpg" alt="Product Image"></a><p>4x6 Blank White Cardstock (Set of 100) - Card Stock for Printer Postcards, Photo Paper Invitations, Greeting, Note, Thank You, DIY Making, Index Cards - Plain for Writing, Stamping, Printing, Art</p><p>$8.99</p><a href="https://www.amazon.com/dp/B0D2KDWBNM?tag=eloabder-20&linkCode=osi&th=1&psc=1">View Product</a></div><div class="product"><a href="https://www.amazon.com/dp/B0BB858RYN?tag=eloabder-20&linkCode=osi&th=1&psc=1"><img src="https://m.media-amazon.com/images/I/317zmriPKNL._SL500_.jpg" alt="Product Image"></a><p>WANDERINGS Handmade White Deckle Edge Blank Greeting Cards- Folded to 5x7” - Pack of 25 - Writers, Artists, Crafters - Thank Yous, Invitations, Menus, Greeting Cards, Notes - Thick 150 GSM</p><p>$21.99 ($0.88 / Count)</p><a href="https://www.amazon.com/dp/B0BB858RYN?tag=eloabder-20&linkCode=osi&th=1&psc=1">View Product</a></div><div class="product"><a href="https://www.amazon.com/dp/B0BZPPXRZW?tag=eloabder-20&linkCode=osi&th=1&psc=1"><img src="https://m.media-amazon.com/images/I/21Da-WQhrpL._SL500_.jpg" alt="Product Image"></a><p>100 Pack Thick Paper Cardstock Blank Heavy Cards Stock for Invitations, Greeting Cards Making, Postcards, Photos, 250GSM Thick Paper (White, 2x3.5 inches)</p><p>$5.99</p><a href="https://www.amazon.com/dp/B0BZPPXRZW?tag=eloabder-20&linkCode=osi&th=1&psc=1">View Product</a></div>
<div class="product"><a href="https://www.amazon.com/dp/B0BZRDQKH6?tag=eloabder-20&linkCode=osi&th=1&psc=1"><img src="https://m.media-amazon.com/images/I/41GYYRiusgL._SL500_.jpg" alt="Product Image"></a><p>feela 8 Pack Unlined Kraft Paper Notebooks, Blank Journal Note Pad for Drawing Writing, Small Sketchbook Travel Journal Bulk for Women Kids Students Office School Supplies, A5, 60 Pages, 8.3” X 5.5”</p><p>$9.99</p><a href="https://www.amazon.com/dp/B0BZRDQKH6?tag=eloabder-20&linkCode=osi&th=1&psc=1">View Product</a></div><div class="product"><a href="https://www.amazon.com/dp/B0BXLB74KK?tag=eloabder-20&linkCode=osi&th=1&psc=1"><img src="https://m.media-amazon.com/images/I/313vYzg7HpL._SL500_.jpg" alt="Product Image"></a><p>ZZTX 4 Pack Blank Kraft Notebooks, Blank Paper Sketchbooks for Drawing Doodling Writing,Travel Journal Set, A5, 36 Pages, 8.3” X 5.5”</p><p>$5.99</p><a href="https://www.amazon.com/dp/B0BXLB74KK?tag=eloabder-20&linkCode=osi&th=1&psc=1">View Product</a></div><div class="product"><a href="https://www.amazon.com/dp/B0BW5TNPXJ?tag=eloabder-20&linkCode=osi&th=1&psc=1"><img src="https://m.media-amazon.com/images/I/31Wu8UP78iL._SL500_.jpg" alt="Product Image"></a><p>EOOUT Kraft Notebooks, Blank Page Journals in Bulk, 16pcs A5, 8.3 X 5.5 Inches, 60 Pages, 80gsm, Travel Journal Set, for Art Camp, Travelers, Students and Office Supplies Sketchbooks Bulk for Kids</p><p>$15.99</p><a href="https://www.amazon.com/dp/B0BW5TNPXJ?tag=eloabder-20&linkCode=osi&th=1&psc=1">View Product</a></div><div class="product"><a href="https://www.amazon.com/dp/B08P3F46SD?tag=eloabder-20&linkCode=osi&th=1&psc=1"><img src="https://m.media-amazon.com/images/I/41jeBDcZJ1L._SL500_.jpg" alt="Product Image"></a><p>Krafty Soft Cover Blank Notebook Journal, Spiral Sketchbook Pad, Drawing Book, 60 Sheets/140gsm (A4)/120 Pages</p><p>$7.99</p><a href="https://www.amazon.com/dp/B08P3F46SD?tag=eloabder-20&linkCode=osi&th=1&psc=1">View Product</a></div><div class="product"><a href="https://www.amazon.com/dp/B0CWNPMC4T?tag=eloabder-20&linkCode=osi&th=1&psc=1"><img src="https://m.media-amazon.com/images/I/31BZeVGe6TL._SL500_.jpg" alt="Product Image"></a><p>zmybcpack 5 Pack Blank Journal Notebooks, Blank Paper Sketchbook for Drawing Writing, Travel Journal Notebook Kraft Paper Notebook for Travelers, Students, Office, A5, 8.26” x 5.5”, 60 Pages/30 Sheets</p><p>$8.99</p><a href="https://www.amazon.com/dp/B0CWNPMC4T?tag=eloabder-20&linkCode=osi&th=1&psc=1">View Product</a></div><div class="product"><a href="https://www.amazon.com/dp/B07WHYP9WN?tag=eloabder-20&linkCode=osi&th=1&psc=1"><img src="https://m.media-amazon.com/images/I/41ZhyCux1yL._SL500_.jpg" alt="Product Image"></a><p>Thick Blank Journal Notebook with Unlined / Unruled / Plain Pages | Deluxe 120gsm Ink Resistant Paper for Writing, Sketch Book, 160 Pages | Hardcover Sketchbook with Pen Holder, Pocket, Ribbon (Black)</p><p>$14.99</p><a href="https://www.amazon.com/dp/B07WHYP9WN?tag=eloabder-20&linkCode=osi&th=1&psc=1">View Product</a></div>
<div class="product"><a href="https://www.amazon.com/dp/B07MT7HKZW?tag=eloabder-20&linkCode=osi&th=1&psc=1"><img src="https://m.media-amazon.com/images/I/413JwH5JREL._SL500_.jpg" alt="Product Image"></a><p>Spiral Sketch Book Large Notebook（Built-in Drawing Board） Kraft Cover Blank Sketch Pad Wirebound Sketching for Drawing Painting 8.5x11-Inch (2 Pack) 200 Sheets, 100 Sheets, 200Pages Each</p><p>$17.99 ($9.00 / Count)</p><a href="https://www.amazon.com/dp/B07MT7HKZW?tag=eloabder-20&linkCode=osi&th=1&psc=1">View Product</a></div><div class="product"><a href="https://www.amazon.com/dp/B0BDQ82WB9?tag=eloabder-20&linkCode=osi&th=1&psc=1"><img src="https://m.media-amazon.com/images/I/51FoWr3GPwL._SL500_.jpg" alt="Product Image"></a><p>feela 170 Pack Blank Kraft Notebooks, Unlined Sketchbook Mini Cute Note Pad for Drawing Writing, Journal Bulk For Kids Students Office School Supplies, A6, 48 Pages, 4.25” X 5.5”, Black and Brown</p><p>$51.99</p><a href="https://www.amazon.com/dp/B0BDQ82WB9?tag=eloabder-20&linkCode=osi&th=1&psc=1">View Product</a></div><div class="product"><a href="https://www.amazon.com/dp/B0B3WWHWT2?tag=eloabder-20&linkCode=osi&th=1&psc=1"><img src="https://m.media-amazon.com/images/I/31m0FzXtPxL._SL500_.jpg" alt="Product Image"></a><p>Tamaki 6 Pack Colorful Blank Books for kids to Write, Drawing, Cute Sketchbook for Kid, 6 Colors (4.25 x 5.5 Inches)</p><p>$6.99</p><a href="https://www.amazon.com/dp/B0B3WWHWT2?tag=eloabder-20&linkCode=osi&th=1&psc=1">View Product</a></div>
<div class="product"><a href="https://www.amazon.com/dp/B0BGH2P9M6?tag=eloabder-20&linkCode=osi&th=1&psc=1"><img src="https://m.media-amazon.com/images/I/41ozOaYoHEL._SL500_.jpg" alt="Product Image"></a><p>EOOUT 100pcs A5 Kraft Notebooks, Blank Page Journals in Bulk, Sketchbooks Bulk for Kids, 60 Pages, 80GSM, 8.3 X 5.5 Inch, Travel Journal Set, for Art Camp, Travelers, Students and Office Supplies</p><p>$51.99</p><a href="https://www.amazon.com/dp/B0BGH2P9M6?tag=eloabder-20&linkCode=osi&th=1&psc=1">View Product</a></div><div class="product"><a href="https://www.amazon.com/dp/B07MT99F94?tag=eloabder-20&linkCode=osi&th=1&psc=1"><img src="https://m.media-amazon.com/images/I/41Ug7gpSWDL._SL500_.jpg" alt="Product Image"></a><p>Spiral Sketch Book Large Notebook（Built-in Drawing Board） Kraft Cover Blank Sketch Pad Wirebound Sketching for Drawing Painting 8.5x11-Inch (1 Pack) 200 Pages, 100 Sheets</p><p>$9.99</p><a href="https://www.amazon.com/dp/B07MT99F94?tag=eloabder-20&linkCode=osi&th=1&psc=1">View Product</a></div><div class="product"><a href="https://www.amazon.com/dp/B07CM32KLM?tag=eloabder-20&linkCode=osi&th=1&psc=1"><img src="https://m.media-amazon.com/images/I/41ENhBLE9DL._SL500_.jpg" alt="Product Image"></a><p>Kraft Cover Drawing Notebook & Sketchbook – Set of 2 Blank Plain Sketch Books – 125g Thick Paper A5 Size, 150x210mm Paper Ideal for Drawing & Sketching- 128 sheets/256 pages – 180 Degree Opening, 2pcs</p><p>$20.99 ($0.08 / Count)</p><a href="https://www.amazon.com/dp/B07CM32KLM?tag=eloabder-20&linkCode=osi&th=1&psc=1">View Product</a></div><div class="product"><a href="https://www.amazon.com/dp/B08ZLMLF7C?tag=eloabder-20&linkCode=osi&th=1&psc=1"><img src="https://m.media-amazon.com/images/I/41X-5yj83vL._SL500_.jpg" alt="Product Image"></a><p>BEECHMORE BOOKS Sketch Book, A4 8.5 x 11.5 inch Blank Sketchbook for Drawing, Paint and Draw, 156 Pages Thick Paper 160gsm, Hardcover Leather Art Notebook, Boxed for Gifts (Chestnut Brown)</p><p>$21.20</p><a href="https://www.amazon.com/dp/B08ZLMLF7C?tag=eloabder-20&linkCode=osi&th=1&psc=1">View Product</a></div>
<div class="product"><a href="https://www.amazon.com/dp/B075M9MSFH?tag=eloabder-20&linkCode=osi&th=1&psc=1"><img src="https://m.media-amazon.com/images/I/51x+szTX6TL._SL500_.jpg" alt="Product Image"></a><p>Bianyo Bleedproof Marker Paper Pad, A4(8.27"X11.69"), 50 Sheets, 18 LB / 70 GSM, Glue-Bound, 100% Cotton, White, Ideal for Use with Markers and Ink Mediums</p><p>$9.99</p><a href="https://www.amazon.com/dp/B075M9MSFH?tag=eloabder-20&linkCode=osi&th=1&psc=1">View Product</a></div><div class="product"><a href="https://www.amazon.com/dp/B08FX5S2NL?tag=eloabder-20&linkCode=osi&th=1&psc=1"><img src="https://m.media-amazon.com/images/I/41CA0ZfazKL._SL500_.jpg" alt="Product Image"></a><p>Marker Paper Sketchbook, Bleedproof Art Marker Pad, (8.27 X 11.69) Inch, White, 40 Sheets</p><p>$6.99</p><a href="https://www.amazon.com/dp/B08FX5S2NL?tag=eloabder-20&linkCode=osi&th=1&psc=1">View Product</a></div><div class="product"><a href="https://www.amazon.com/dp/B0CJRBFSJ8?tag=eloabder-20&linkCode=osi&th=1&psc=1"><img src="https://m.media-amazon.com/images/I/51DLA8TpwEL._SL500_.jpg" alt="Product Image"></a><p>Shuttle Art Marker Pad, 8.3”x8.9” Portable Square Sketchbook, 80 Sheets Marker Drawing Paper, 120LB/200GSM Bleedproof Art Paper, Spiral-Bound, Great for Professional Artist to Draw, Paint & Sketch</p><p>$16.99</p><a href="https://www.amazon.com/dp/B0CJRBFSJ8?tag=eloabder-20&linkCode=osi&th=1&psc=1">View Product</a></div><div class="product"><a href="https://www.amazon.com/dp/B09N7VX5Z5?tag=eloabder-20&linkCode=osi&th=1&psc=1"><img src="https://m.media-amazon.com/images/I/51xCPs9HZyL._SL500_.jpg" alt="Product Image"></a><p>Marker Paper Sketchbook - Marker Sketchbook with Bleedproof Smooth Coated Art Paper, 120 GSM 80 LBS - Marker Pad for Alcohol Markers, Sketching, Drawing - 8.11 x 8.5 Inch | 50 Sheets, 2 Pack</p><p>$15.99 ($8.00 / Count)</p><a href="https://www.amazon.com/dp/B09N7VX5Z5?tag=eloabder-20&linkCode=osi&th=1&psc=1">View Product</a></div><div class="product"><a href="https://www.amazon.com/dp/B07CK94W9T?tag=eloabder-20&linkCode=osi&th=1&psc=1"><img src="https://m.media-amazon.com/images/I/41ocoSNDjdL._SL500_.jpg" alt="Product Image"></a><p>BOXUN Premium 50 Sheets Sketch Marker Paper Pad, Bleedproof Artist Drawing Paper, 8.27 x 11.69 Inch</p><p>$8.29 ($0.17 / Count)</p><a href="https://www.amazon.com/dp/B07CK94W9T?tag=eloabder-20&linkCode=osi&th=1&psc=1">View Product</a></div><div class="product"><a href="https://www.amazon.com/dp/B0CPXWD11W?tag=eloabder-20&linkCode=osi&th=1&psc=1"><img src="https://m.media-amazon.com/images/I/51ApKzpDVNL._SL500_.jpg" alt="Product Image"></a><p>FEITAKE Marker Paper Pad Sketchbook Bleedproof for Alcohol Markers 120lb/200gsm Double Sided Thick Art Drawing Papers 60pages (30Sheets) / A4(8.3"x11.7") Gift for Artists Students Kids</p><p>$13.99 ($0.47 / Count)</p><a href="https://www.amazon.com/dp/B0CPXWD11W?tag=eloabder-20&linkCode=osi&th=1&psc=1">View Product</a></div><div class="product"><a href="https://www.amazon.com/dp/B0025TWYW6?tag=eloabder-20&linkCode=osi&th=1&psc=1"><img src="https://m.media-amazon.com/images/I/51t6UkUHCvL._SL500_.jpg" alt="Product Image"></a><p>Bee Paper Bleedproof Marker Pack, 8-1/2-Inch by 11-Inch, 50 Sheets per Pack</p><p>$17.09 ($0.34 / Count)</p><a href="https://www.amazon.com/dp/B0025TWYW6?tag=eloabder-20&linkCode=osi&th=1&psc=1">View Product</a></div><div class="product"><a href="https://www.amazon.com/dp/B0CJRBYYQB?tag=eloabder-20&linkCode=osi&th=1&psc=1"><img src="https://m.media-amazon.com/images/I/41knBnjZ25L._SL500_.jpg" alt="Product Image"></a><p>Shuttle Art Marker Pad, 8.3”x7.67” Portable Square Sketchbook, 50 Sheets Marker Drawing Paper, 60LB/90GSM Smooth Surface Bleedproof Art Paper, Glue-Bound, Great for Beginners to Draw, Paint & Sketch</p><p>$8.99 ($0.18 / Count)</p><a href="https://www.amazon.com/dp/B0CJRBYYQB?tag=eloabder-20&linkCode=osi&th=1&psc=1">View Product</a></div>
<div class="product"><a href="https://www.amazon.com/dp/B00881IU8M?tag=eloabder-20&linkCode=osi&th=1&psc=1"><img src="https://m.media-amazon.com/images/I/41hbSgdLBtL._SL500_.jpg" alt="Product Image"></a><p>Speedball Fabric & Paper Block Printing Ink 6-Color Set, 1.25-Ounce x 6</p><p>$28.99 ($28.99 / Count)</p><a href="https://www.amazon.com/dp/B00881IU8M?tag=eloabder-20&linkCode=osi&th=1&psc=1">View Product</a></div><div class="product"><a href="https://www.amazon.com/dp/B000J09PFM?tag=eloabder-20&linkCode=osi&th=1&psc=1"><img src="https://m.media-amazon.com/images/I/51yPRc4nvoL._SL500_.jpg" alt="Product Image"></a><p>Speedball Water-Soluble Block Printing Ink Starter Set, 6 Bold Colors with Satin Finish, 1.25-Ounce Tubes</p><p>$29.99 ($4.00 / Fl Oz)</p><a href="https://www.amazon.com/dp/B000J09PFM?tag=eloabder-20&linkCode=osi&th=1&psc=1">View Product</a></div><div class="product"><a href="https://www.amazon.com/dp/B000BYT24U?tag=eloabder-20&linkCode=osi&th=1&psc=1"><img src="https://m.media-amazon.com/images/I/51pDlo+LlKL._SL500_.jpg" alt="Product Image"></a><p>Speedball Water-Soluble Block Printing Ink, 8-Ounce Jar, Black</p><p>$14.49</p><a href="https://www.amazon.com/dp/B000BYT24U?tag=eloabder-20&linkCode=osi&th=1&psc=1">View Product</a></div><div class="product"><a href="https://www.amazon.com/dp/B00C1JUJWW?tag=eloabder-20&linkCode=osi&th=1&psc=1"><img src="https://m.media-amazon.com/images/I/41zDtJ6f5hL._SL500_.jpg" alt="Product Image"></a><p>Speedball Fabric Block Printing Ink, 2.5-Ounce, Black</p><p>$9.99 ($4.00 / Fl Oz)</p><a href="https://www.amazon.com/dp/B00C1JUJWW?tag=eloabder-20&linkCode=osi&th=1&psc=1">View Product</a></div><div class="product"><a href="https://www.amazon.com/dp/B004PZ1ZJG?tag=eloabder-20&linkCode=osi&th=1&psc=1"><img src="https://m.media-amazon.com/images/I/41+GkhhpR5L._SL500_.jpg" alt="Product Image"></a><p>Speedball Water-Soluble Block Printing Ink Starter Set, 4-Color Set, 1.25-Ounce Tubes</p><p>$20.99</p><a href="https://www.amazon.com/dp/B004PZ1ZJG?tag=eloabder-20&linkCode=osi&th=1&psc=1">View Product</a></div><div class="product"><a href="https://www.amazon.com/dp/B0017CZF3C?tag=eloabder-20&linkCode=osi&th=1&psc=1"><img src="https://m.media-amazon.com/images/I/41S17SYPAZL._SL500_.jpg" alt="Product Image"></a><p>Speedball Water Soluble Block Printing Ink, Black, 2-1/2 Ounces - 380663</p><p>$9.99</p><a href="https://www.amazon.com/dp/B0017CZF3C?tag=eloabder-20&linkCode=osi&th=1&psc=1">View Product</a></div><div class="product"><a href="https://www.amazon.com/dp/B0BXNX8FSH?tag=eloabder-20&linkCode=osi&th=1&psc=1"><img src="https://m.media-amazon.com/images/I/51JGm1VxVOL._SL500_.jpg" alt="Product Image"></a><p>Falling in Art Water-Soluble Block Printing Ink, 6-Color Printmaking Ink Set for Linoleum Block, 3.5 floz</p><p>$28.99</p><a href="https://www.amazon.com/dp/B0BXNX8FSH?tag=eloabder-20&linkCode=osi&th=1&psc=1">View Product</a></div><div class="product"><a href="https://www.amazon.com/dp/B0027ACJBO?tag=eloabder-20&linkCode=osi&th=1&psc=1"><img src="https://m.media-amazon.com/images/I/41OzayB9ojL._SL500_.jpg" alt="Product Image"></a><p>Speedball 3476 Oil-Based Block Printing Ink Starter Set for Professional, Permanent Prints AP Certified – 1.25 FL OZ Tubes</p><p>$33.99</p><a href="https://www.amazon.com/dp/B0027ACJBO?tag=eloabder-20&linkCode=osi&th=1&psc=1">View Product</a></div>
<div class="product"><a href="https://www.amazon.com/dp/B0027AGDWK?tag=eloabder-20&linkCode=osi&th=1&psc=1"><img src="https://m.media-amazon.com/images/I/515LDer6GPL._SL500_.jpg" alt="Product Image"></a><p>Speedball Deluxe Block Printing Kit - Includes Inks, Brayer, Bench Hook, Lino Handle and Cutters, Speedy-Carve Block, Mounted Linoleum Block</p><p>$59.99</p><a href="https://www.amazon.com/dp/B0027AGDWK?tag=eloabder-20&linkCode=osi&th=1&psc=1">View Product</a></div><div class="product"><a href="https://www.amazon.com/dp/B07ZJBZN5S?tag=eloabder-20&linkCode=osi&th=1&psc=1"><img src="https://m.media-amazon.com/images/I/41UbN58y9uS._SL500_.jpg" alt="Product Image"></a><p>SGHUO 12pcs 4"x6" Pink Rubber Carving Blocks Linoleum Block Stamp Making Kit</p><p>$22.99 ($1.92 / Count)</p><a href="https://www.amazon.com/dp/B07ZJBZN5S?tag=eloabder-20&linkCode=osi&th=1&psc=1">View Product</a></div>
<div class="product"><a href="https://www.amazon.com/dp/B00L2DYUM8?tag=eloabder-20&linkCode=osi&th=1&psc=1"><img src="https://m.media-amazon.com/images/I/51l5FZ0+5AL._SL500_.jpg" alt="Product Image"></a><p>Strathmore 300 Series Printmaking Paper Pad, Glue Bound, 5x7 inches, 40 Sheets (120g) - Artist Paper for Adults and Students - Block Printing, Linocut, Screen Printing, White</p><p>$7.26</p><a href="https://www.amazon.com/dp/B00L2DYUM8?tag=eloabder-20&linkCode=osi&th=1&psc=1">View Product</a></div><div class="product"><a href="https://www.amazon.com/dp/B07BSYS5XC?tag=eloabder-20&linkCode=osi&th=1&psc=1"><img src="https://m.media-amazon.com/images/I/51Uwfq0jv+L._SL500_.jpg" alt="Product Image"></a><p>Ucreate Printmaking Paper, 9"x12", White, 100 Sheet, P9001</p><p>$9.79</p><a href="https://www.amazon.com/dp/B07BSYS5XC?tag=eloabder-20&linkCode=osi&th=1&psc=1">View Product</a></div><div class="product"><a href="https://www.amazon.com/dp/B00K5562WA?tag=eloabder-20&linkCode=osi&th=1&psc=1"><img src="https://m.media-amazon.com/images/I/51Dm+TeJGdL._SL500_.jpg" alt="Product Image"></a><p>Strathmore Printmaking Paper Pad 8"X10"-20 Sheets -62433800, White</p><p>$10.19</p><a href="https://www.amazon.com/dp/B00K5562WA?tag=eloabder-20&linkCode=osi&th=1&psc=1">View Product</a></div><div class="product"><a href="https://www.amazon.com/dp/B001DNH8I0?tag=eloabder-20&linkCode=osi&th=1&psc=1"><img src="https://m.media-amazon.com/images/I/51UzoKdUojL._SL500_.jpg" alt="Product Image"></a><p>Black Ink 9-Inch by 12-Inch Bleached Mulberry Block Printing Paper, 25-Pack</p><p>$19.35 ($0.77 / Count)</p><a href="https://www.amazon.com/dp/B001DNH8I0?tag=eloabder-20&linkCode=osi&th=1&psc=1">View Product</a></div><div class="product"><a href="https://www.amazon.com/dp/B00C6G6L5Y?tag=eloabder-20&linkCode=osi&th=1&psc=1"><img src="https://m.media-amazon.com/images/I/5103h0Rm8sL._SL500_.jpg" alt="Product Image"></a><p>Black Ink Thai Mulberry Block Printing Paper Packs small assorted colors</p><p>$21.99</p><a href="https://www.amazon.com/dp/B00C6G6L5Y?tag=eloabder-20&linkCode=osi&th=1&psc=1">View Product</a></div>
<div class="product"><a href="https://www.amazon.com/dp/B003IG27OK?tag=eloabder-20&linkCode=osi&th=1&psc=1"><img src="https://m.media-amazon.com/images/I/416NUaYo1DL._SL500_.jpg" alt="Product Image"></a><p>Speedball Block Printing Baren - Comfortable Wooden Handle, Made in the USA - 4 Inches</p><p>$29.49</p><a href="https://www.amazon.com/dp/B003IG27OK?tag=eloabder-20&linkCode=osi&th=1&psc=1">View Product</a></div>
<div class="product"><a href="https://www.amazon.com/dp/B0CMZYY8CJ?tag=eloabder-20&linkCode=osi&th=1&psc=1"><img src="https://m.media-amazon.com/images/I/41TifSIP7SL._SL500_.jpg" alt="Product Image"></a><p>Ecoofor Blotting Paper for Flower Press, 20 Sheets Highly Absorbent and Reusable Blotter Paper for Flower Press Paper Craft 9 x 9 inch</p><p>$9.99</p><a href="https://www.amazon.com/dp/B0CMZYY8CJ?tag=eloabder-20&linkCode=osi&th=1&psc=1">View Product</a></div><div class="product"><a href="https://www.amazon.com/dp/B0CYRT3RM4?tag=eloabder-20&linkCode=osi&th=1&psc=1"><img src="https://m.media-amazon.com/images/I/31+qvVq3giL._SL500_.jpg" alt="Product Image"></a><p>Hygge & Sage Premium Natural Fiber Blotting Paper for Flower Press Art; 20 Large Sheets for a Press up to 8x11 Inches; Absorbent, Versatile, and Acid-Free Reusable Blotter Paper for Flower Pressing</p><p>$9.50 ($0.48 / Count)</p><a href="https://www.amazon.com/dp/B0CYRT3RM4?tag=eloabder-20&linkCode=osi&th=1&psc=1">View Product</a></div><div class="product"><a href="https://www.amazon.com/dp/B0D41GDLHM?tag=eloabder-20&linkCode=osi&th=1&psc=1"><img src="https://m.media-amazon.com/images/I/41LIF5dHXaL._SL500_.jpg" alt="Product Image"></a><p>Aboofx 20 Sheets Blotting Paper for Flower Press, 15" x 10" Extra Large Highly Absorbent Blotter Paper for Flower Press Reusable Herbarium Paper Craft Blotter Paper Sheets</p><p>$19.99</p><a href="https://www.amazon.com/dp/B0D41GDLHM?tag=eloabder-20&linkCode=osi&th=1&psc=1">View Product</a></div><div class="product"><a href="https://www.amazon.com/dp/B0CQMMYSBR?tag=eloabder-20&linkCode=osi&th=1&psc=1"><img src="https://m.media-amazon.com/images/I/413SlUi6IDL._SL500_.jpg" alt="Product Image"></a><p>Wisreach Blotting Paper for Flower Press, 20 Sheets Flower Press Paper Highly Absorbent and Reusable Blotter Paper for Flower Art A4 Size 8.26 x 11.4 inch</p><p>$9.99</p><a href="https://www.amazon.com/dp/B0CQMMYSBR?tag=eloabder-20&linkCode=osi&th=1&psc=1">View Product</a></div><div class="product"><a href="https://www.amazon.com/dp/B093FQ22PG?tag=eloabder-20&linkCode=osi&th=1&psc=1"><img src="https://m.media-amazon.com/images/I/41B2jXhe+QL._SL500_.jpg" alt="Product Image"></a><p>Blotting Paper for Flower Press by Berstuk® • Large A4 Flower Press Paper • Highly Absorbent and Reusable Herbarium Paper • Pack of 10 Blotter Paper Sheets</p><p>$6.99 ($69.90 / 100 Sheets)</p><a href="https://www.amazon.com/dp/B093FQ22PG?tag=eloabder-20&linkCode=osi&th=1&psc=1">View Product</a></div><div class="product"><a href="https://www.amazon.com/dp/B0C6PW4VGB?tag=eloabder-20&linkCode=osi&th=1&psc=1"><img src="https://m.media-amazon.com/images/I/21C64VB3iVL._SL500_.jpg" alt="Product Image"></a><p>PATIKIL 16"x12" Flower Press Paper, 1 Set/30 Sheet Refill Lining Blotter Paper Absorbent Reusable Blotting Paper for DIY Art Handicraft Scrapbook</p><p>$11.19</p><a href="https://www.amazon.com/dp/B0C6PW4VGB?tag=eloabder-20&linkCode=osi&th=1&psc=1">View Product</a></div><div class="product"><a href="https://www.amazon.com/dp/B0C6PTK915?tag=eloabder-20&linkCode=osi&th=1&psc=1"><img src="https://m.media-amazon.com/images/I/21UviFCGjtL._SL500_.jpg" alt="Product Image"></a><p>PATIKIL 12"x8" Flower Press Paper, 2 Set/60 Sheet Refill Lining Blotter Paper Absorbent Reusable Blotting Paper for DIY Art Handicraft Scrapbook</p><p>$13.69</p><a href="https://www.amazon.com/dp/B0C6PTK915?tag=eloabder-20&linkCode=osi&th=1&psc=1">View Product</a></div><div class="product"><a href="https://www.amazon.com/dp/B0CDJZ4MD7?tag=eloabder-20&linkCode=osi&th=1&psc=1"><img src="https://m.media-amazon.com/images/I/41iwkW+QQOL._SL500_.jpg" alt="Product Image"></a><p>30 PCS Blotting Paper for Flower Press Large A4 Flower Press Paper Highly Absorbent and Reusable Blotter Paper Refill Lining Paper for Flower Press Art Craft Scrapbook Making, 11.8 x 7.9 Inches Blue</p><p>$9.99</p><a href="https://www.amazon.com/dp/B0CDJZ4MD7?tag=eloabder-20&linkCode=osi&th=1&psc=1">View Product</a></div>

<div class="product"><a href="https://www.amazon.com/dp/B0D2T4F1DZ?tag=eloabder-20&linkCode=osi&th=1&psc=1"><img src="https://m.media-amazon.com/images/I/41KNcatyBWL._SL500_.jpg" alt="Product Image"></a><p>10pcs Book Cloth,14”x10”,Fabric Surface and Paper Backed, book cloth for book binding,book binding fabric,5 Colors Bookbinding Cloth for DIY fabric book cover,bookbinding paper (Style B)</p><p>$9.99</p><a href="https://www.amazon.com/dp/B0D2T4F1DZ?tag=eloabder-20&linkCode=osi&th=1&psc=1">View Product</a></div><div class="product"><a href="https://www.amazon.com/dp/B0CMD2LWR8?tag=eloabder-20&linkCode=osi&th=1&psc=1"><img src="https://m.media-amazon.com/images/I/31QVUZVSB+L._SL500_.jpg" alt="Product Image"></a><p>Mozeat Lens 33 ft Bookbinding Tape Book Tape Repair Book Binding Tape Cloth Book Repair Kit 2 Inch Wide Book Spine Tape Cloth Bookbinding Repair Tape White Book Tape for Reinforcing Book Spine Tape</p><p>$7.99</p><a href="https://www.amazon.com/dp/B0CMD2LWR8?tag=eloabder-20&linkCode=osi&th=1&psc=1">View Product</a></div><div class="product"><a href="https://www.amazon.com/dp/B0D1KC168C?tag=eloabder-20&linkCode=osi&th=1&psc=1"><img src="https://m.media-amazon.com/images/I/31wWgk-1V4L._SL500_.jpg" alt="Product Image"></a><p>AKONEGE Book Cloth for Book Binding 35 x 16 Inch Fabric Surface and Paper Backed, Strong, Easy to Use, Fabric Materials Bookbinding Supplies Bookcloth for Scrapbooking Album DIY Crafts, Black</p><p>$9.99</p><a href="https://www.amazon.com/dp/B0D1KC168C?tag=eloabder-20&linkCode=osi&th=1&psc=1">View Product</a></div><div class="product"><a href="https://www.amazon.com/dp/B0BC48CCWW?tag=eloabder-20&linkCode=osi&th=1&psc=1"><img src="https://m.media-amazon.com/images/I/41vTc+L-XyL._SL500_.jpg" alt="Product Image"></a><p>Wooqu Book Cloth, Fabric Surface and Paper Backed, Easy to Use, Strong, 17x29”, for Book Binding, Dark Green</p><p>$13.99</p><a href="https://www.amazon.com/dp/B0BC48CCWW?tag=eloabder-20&linkCode=osi&th=1&psc=1">View Product</a></div><div class="product"><a href="https://www.amazon.com/dp/B00W3S7LU4?tag=eloabder-20&linkCode=osi&th=1&psc=1"><img src="https://m.media-amazon.com/images/I/41mUL1LmSHS._SL500_.jpg" alt="Product Image"></a><p>BookGuard 2 inch Premium Bookbinding Repair Cloth Tape, 15 Yard Roll Burgundy</p><p>$14.95</p><a href="https://www.amazon.com/dp/B00W3S7LU4?tag=eloabder-20&linkCode=osi&th=1&psc=1">View Product</a></div>

<div class="product"><a href="https://www.amazon.com/dp/B08217DGL7?tag=eloabder-20&linkCode=osi&th=1&psc=1"><img src="https://m.media-amazon.com/images/I/51Gy-qfph7L._SL500_.jpg" alt="Product Image"></a><p>24 Colors Waxed Thread, Leather Sewing Thread,Hand Stitching Thread for Hand Sewing Leather and Bookbinding, 13Yards Per Color</p><p>$11.99 ($0.01 / Foot)</p><a href="https://www.amazon.com/dp/B08217DGL7?tag=eloabder-20&linkCode=osi&th=1&psc=1">View Product</a></div><div class="product"><a href="https://www.amazon.com/dp/B08GCHJ3FP?tag=eloabder-20&linkCode=osi&th=1&psc=1"><img src="https://m.media-amazon.com/images/I/41TK-XNxTFL._SL500_.jpg" alt="Product Image"></a><p>FANDOL 100% Natural Linen Thread Waxed thread for Bookbingding, Leather Sewing, Beading or Macrame (Natural)</p><p>$14.98</p><a href="https://www.amazon.com/dp/B08GCHJ3FP?tag=eloabder-20&linkCode=osi&th=1&psc=1">View Product</a></div><div class="product"><a href="https://www.amazon.com/dp/B0025U108E?tag=eloabder-20&linkCode=osi&th=1&psc=1"><img src="https://m.media-amazon.com/images/I/4172yrURiVL._SL500_.jpg" alt="Product Image"></a><p>Books by Hand Linen Thread, Archival Quality Natural Unbleached and Unwaxed, 50 Yards 35/3 Gauge, Ideal for Bookbinding and Sewing Signatures</p><p>$9.47</p><a href="https://www.amazon.com/dp/B0025U108E?tag=eloabder-20&linkCode=osi&th=1&psc=1">View Product</a></div><div class="product"><a href="https://www.amazon.com/dp/B08S78KLRN?tag=eloabder-20&linkCode=osi&th=1&psc=1"><img src="https://m.media-amazon.com/images/I/413NGMtJdrL._SL500_.jpg" alt="Product Image"></a><p>Jupean Waxed Thread, 150m /164Yards Beige Leather Waxed Thread, Leather Sewing Thread, Hand Stitching Thread for Hand Sewing Leather, Bookbinding, and Beginners Leather Craft DIY</p><p>$6.49 ($0.01 / Foot)</p><a href="https://www.amazon.com/dp/B08S78KLRN?tag=eloabder-20&linkCode=osi&th=1&psc=1">View Product</a></div><div class="product"><a href="https://www.amazon.com/dp/B015D9E6UM?tag=eloabder-20&linkCode=osi&th=1&psc=1"><img src="https://m.media-amazon.com/images/I/51VnWPI+Q5L._SL500_.jpg" alt="Product Image"></a><p>Lineco, Natural Waxed Linen Thread 20 Yards, Books by Hand Natural, Black, Brown Color for Sewing, Bookbinding (3/Pkg)</p><p>$13.77</p><a href="https://www.amazon.com/dp/B015D9E6UM?tag=eloabder-20&linkCode=osi&th=1&psc=1">View Product</a></div>
<div class="product"><a href="https://www.amazon.com/dp/B0CMD53C1C?tag=eloabder-20&linkCode=osi&th=1&psc=1"><img src="https://m.media-amazon.com/images/I/31dU4wqS0rL._SL500_.jpg" alt="Product Image"></a><p>5-in-1 Bookbinding Kit,Book Cover Guide, Bookbinding Cover Tool, Stainless Steel Book Binding Kit, Bookbinding Ruler, Scrapbooking Tools for Making Book Cover Chipboard Covers Album Planner</p><p>$7.88</p><a href="https://www.amazon.com/dp/B0CMD53C1C?tag=eloabder-20&linkCode=osi&th=1&psc=1">View Product</a></div>
<div class="product"><a href="https://www.amazon.com/dp/B007TIEG6U?tag=eloabder-20&linkCode=osi&th=1&psc=1"><img src="https://m.media-amazon.com/images/I/31d6r6R5lGL._SL500_.jpg" alt="Product Image"></a><p>Handy Art Empty 2 ounce Marker Bottle, Dauber Tip and Cap, 12-Each (900-003) , White</p><p>$23.12 ($1.93 / Count)</p><a href="https://www.amazon.com/dp/B007TIEG6U?tag=eloabder-20&linkCode=osi&th=1&psc=1">View Product</a></div>
<div class="product"><a href="https://www.amazon.com/dp/B07YDNKSH6?tag=eloabder-20&linkCode=osi&th=1&psc=1"><img src="https://m.media-amazon.com/images/I/41JGrHa7mSL._SL500_.jpg" alt="Product Image"></a><p>4-Inch Rubber Brayer Roller for Printmaking, Great for Gluing Application Also. (Original Version)</p><p>$6.99</p><a href="https://www.amazon.com/dp/B07YDNKSH6?tag=eloabder-20&linkCode=osi&th=1&psc=1">View Product</a></div>
<div class="product"><a href="https://www.amazon.com/dp/B005U7BNPE?tag=eloabder-20&linkCode=osi&th=1&psc=1"><img src="https://m.media-amazon.com/images/I/418YfTClSxL._SL500_.jpg" alt="Product Image"></a><p>Apple Barrel Acrylic Paint in Assorted Colors (2 oz), 20513, Bright Yellow</p><p>$0.58 ($0.29 / Fl Oz)</p><a href="https://www.amazon.com/dp/B005U7BNPE?tag=eloabder-20&linkCode=osi&th=1&psc=1">View Product</a></div><div class="product"><a href="https://www.amazon.com/dp/B099DWCRZ5?tag=eloabder-20&linkCode=osi&th=1&psc=1"><img src="https://m.media-amazon.com/images/I/41rr5hT-8TL._SL500_.jpg" alt="Product Image"></a><p>milo Fluorescent Acrylic Paint Set of 6 Colors | 4 oz Bottles | Student Neon Colors Acrylics Painting Pack | Made in the USA | Non-Toxic Art & Craft Paints for Artists, Kids, & Hobby Painters</p><p>$22.90 ($0.95 / Fl Oz)</p><a href="https://www.amazon.com/dp/B099DWCRZ5?tag=eloabder-20&linkCode=osi&th=1&psc=1">View Product</a></div><div class="product"><a href="https://www.amazon.com/dp/B07ZPPPWPL?tag=eloabder-20&linkCode=osi&th=1&psc=1"><img src="https://m.media-amazon.com/images/I/51Vqk2rrZwL._SL500_.jpg" alt="Product Image"></a><p>Apple Barrel, Pastel Dreams & Vivid Wonders Collection Acrylic Craft Paint, PROMOTCK, 2 fl oz each, 18 assorted matte colors, 18 count</p><p>$22.66 ($0.63 / Fl Oz)</p><a href="https://www.amazon.com/dp/B07ZPPPWPL?tag=eloabder-20&linkCode=osi&th=1&psc=1">View Product</a></div><div class="product"><a href="https://www.amazon.com/dp/B0CKQR52XC?tag=eloabder-20&linkCode=osi&th=1&psc=1"><img src="https://m.media-amazon.com/images/I/51WTPlhN2WL._SL500_.jpg" alt="Product Image"></a><p>ARTME Glow in The Dark Paint, 10 Bright Colors 60ml/2oz Blacklight Paint Set, Neon Craft Paint, Acrylic Glow Fluorescent Paint Perfect for Art Painting, DIY projects, Halloween and Christmas</p><p>$23.99 ($1.20 / Fl Oz)</p><a href="https://www.amazon.com/dp/B0CKQR52XC?tag=eloabder-20&linkCode=osi&th=1&psc=1">View Product</a></div><div class="product"><a href="https://www.amazon.com/dp/B09XXHBL3Y?tag=eloabder-20&linkCode=osi&th=1&psc=1"><img src="https://m.media-amazon.com/images/I/51taBeDdeIL._SL500_.jpg" alt="Product Image"></a><p>Fantastory Glow in the Dark Acrylic Paint, 10 Extra Bright Colors, 30ml/1oz Waterproof Glow in Dark Paint,Indoor Outdoor Blacklight Paint for Kids,Adults, Rocks,Walls,Halloween,Craft &Fabric</p><p>$9.99 ($1.00 / Fl Oz)</p><a href="https://www.amazon.com/dp/B09XXHBL3Y?tag=eloabder-20&linkCode=osi&th=1&psc=1">View Product</a></div><div class="product"><a href="https://www.amazon.com/dp/B0BS3JM8ZR?tag=eloabder-20&linkCode=osi&th=1&psc=1"><img src="https://m.media-amazon.com/images/I/51S8FteGgPL._SL500_.jpg" alt="Product Image"></a><p>Acrylic Paint, Shuttle Art 24 Colors Acrylic Paint Bottle Set, 250ml/8.45oz Each, Rich Pigments, High Viscosity, Bulk Paint for Artists, Beginners and Kids Painting on Rocks Crafts Canvas Wood Ceramic</p><p>$49.99 ($0.25 / Fl Oz)</p><a href="https://www.amazon.com/dp/B0BS3JM8ZR?tag=eloabder-20&linkCode=osi&th=1&psc=1">View Product</a></div><div class="product"><a href="https://www.amazon.com/dp/B00CIW3EDI?tag=eloabder-20&linkCode=osi&th=1&psc=1"><img src="https://m.media-amazon.com/images/I/41PMnxyBo5L._SL500_.jpg" alt="Product Image"></a><p>FolkArt Multi-Surface Acrylic Paint in Assorted Colors (2 oz), 2896, Bright Pink</p><p>$1.47 ($0.74 / Fl Oz)</p><a href="https://www.amazon.com/dp/B00CIW3EDI?tag=eloabder-20&linkCode=osi&th=1&psc=1">View Product</a></div><div class="product"><a href="https://www.amazon.com/dp/B085ZB5ZK9?tag=eloabder-20&linkCode=osi&th=1&psc=1"><img src="https://m.media-amazon.com/images/I/51nmRq1eicL._SL500_.jpg" alt="Product Image"></a><p>FolkArt 4 Bottle Multi-Surface Acrylic Paint Set, 2oz, Neon Blacklight Colors</p><p>$8.12 ($1.02 / Fl Oz)</p><a href="https://www.amazon.com/dp/B085ZB5ZK9?tag=eloabder-20&linkCode=osi&th=1&psc=1">View Product</a></div><div class="product"><a href="https://www.amazon.com/dp/B08N585VN5?tag=eloabder-20&linkCode=osi&th=1&psc=1"><img src="https://m.media-amazon.com/images/I/51nwFBdxwVL._SL500_.jpg" alt="Product Image"></a><p>Acrylic Paint Set Value Pack of 12 Colors | Craft Painting Kit with 2 oz Squeeze Bottles for Beginners, Artists, Professionals | Non-Toxic Water Based Paints for Canvas, Paper, Wood | Bright Hues</p><p>$11.99 ($0.50 / Fl Oz)</p><a href="https://www.amazon.com/dp/B08N585VN5?tag=eloabder-20&linkCode=osi&th=1&psc=1">View Product</a></div>
<div class="product"><a href="https://www.amazon.com/dp/B0009RRT9Y?tag=eloabder-20&linkCode=osi&th=1&psc=1"><img src="https://m.media-amazon.com/images/I/51ZhyYPOB5L._SL500_.jpg" alt="Product Image"></a><p>General Pencil Company The Masters Brush Cleaner & Preserver 2.5 0z.</p><p>$12.00</p><a href="https://www.amazon.com/dp/B0009RRT9Y?tag=eloabder-20&linkCode=osi&th=1&psc=1">View Product</a></div><div class="product"><a href="https://www.amazon.com/dp/B00F38YVQS?tag=eloabder-20&linkCode=osi&th=1&psc=1"><img src="https://m.media-amazon.com/images/I/51yjmSTzzML._SL500_.jpg" alt="Product Image"></a><p>B & J Original Brush Cleaner - 2.5 Oz/12ct Display</p><p>$12.77</p><a href="https://www.amazon.com/dp/B00F38YVQS?tag=eloabder-20&linkCode=osi&th=1&psc=1">View Product</a></div><div class="product"><a href="https://www.amazon.com/dp/B004BN7QQ8?tag=eloabder-20&linkCode=osi&th=1&psc=1"><img src="https://m.media-amazon.com/images/I/31fEWB-h4VL._SL500_.jpg" alt="Product Image"></a><p>Winsor & Newton Brush Cleaner & Restorer, 16.0-oz Bottle</p><p>$21.87 ($1.37 / Fl Oz)</p><a href="https://www.amazon.com/dp/B004BN7QQ8?tag=eloabder-20&linkCode=osi&th=1&psc=1">View Product</a></div><div class="product"><a href="https://www.amazon.com/dp/B09NCHL2LM?tag=eloabder-20&linkCode=osi&th=1&psc=1"><img src="https://m.media-amazon.com/images/I/31UzwasdL6L._SL500_.jpg" alt="Product Image"></a><p>U.S. Art Supply Brush Cleaner and Restorer, 4 Ounce Bottle - Quickly Cleans Paint Brushes, Airbrushes, Art Tools - Cleaning Solution to Remove Dried On Acrylic, Oil and Water-Based Paint Colors</p><p>$8.99 ($2.25 / Fl Oz)</p><a href="https://www.amazon.com/dp/B09NCHL2LM?tag=eloabder-20&linkCode=osi&th=1&psc=1">View Product</a></div><div class="product"><a href="https://www.amazon.com/dp/B09J8L55SK?tag=eloabder-20&linkCode=osi&th=1&psc=1"><img src="https://m.media-amazon.com/images/I/41qgWS2nSsL._SL500_.jpg" alt="Product Image"></a><p>Green Piece® Paint Brush Cleaner and Restorer for Art Paint Brushes - 100% Natural - Non-Toxic - Wet or Dry Paint - No Chemicals - Oil or Acrylic Paints, Wood and Metal - Amazing Power - 18 Oz</p><p>$19.88</p><a href="https://www.amazon.com/dp/B09J8L55SK?tag=eloabder-20&linkCode=osi&th=1&psc=1">View Product</a></div><div class="product"><a href="https://www.amazon.com/dp/B0027A79I2?tag=eloabder-20&linkCode=osi&th=1&psc=1"><img src="https://m.media-amazon.com/images/I/31J6S+mCjuL._SL500_.jpg" alt="Product Image"></a><p>Pink Soap 12-Ounce Paint Brush Cleaner and Conditioner, Solution Cleans and Restores, Removes Dried Paint on Airbrushes and Other Artist Tools & Supplies</p><p>$15.49 ($1.29 / Fl Oz)</p><a href="https://www.amazon.com/dp/B0027A79I2?tag=eloabder-20&linkCode=osi&th=1&psc=1">View Product</a></div><div class="product"><a href="https://www.amazon.com/dp/B0027AEANE?tag=eloabder-20&linkCode=osi&th=1&psc=1"><img src="https://m.media-amazon.com/images/I/51bHOLU1pVL._SL500_.jpg" alt="Product Image"></a><p>General Pencil General 105-BP Pencil Masters Brush Cleaner & Preserver, 1 Pack, Clear</p><p>$9.99 ($4.00 / Ounce)</p><a href="https://www.amazon.com/dp/B0027AEANE?tag=eloabder-20&linkCode=osi&th=1&psc=1">View Product</a></div>

<div class="product"><a href="https://www.amazon.com/dp/B00N9UUWLA?tag=eloabder-20&linkCode=osi&th=1&psc=1"><img src="https://m.media-amazon.com/images/I/41be4n09wZL._SL500_.jpg" alt="Product Image"></a><p>Pentel Arts Portable Pocket Brush Pen (Medium Point), 1Pen & 2Refills</p><p>$7.00</p><a href="https://www.amazon.com/dp/B00N9UUWLA?tag=eloabder-20&linkCode=osi&th=1&psc=1">View Product</a></div><div class="product"><a href="https://www.amazon.com/dp/B07DQ4292Y?tag=eloabder-20&linkCode=osi&th=1&psc=1"><img src="https://m.media-amazon.com/images/I/41-kgHpaPvL._SL500_.jpg" alt="Product Image"></a><p>Tombow 62039 Fudenosuke Brush Pens, 3-Pack. Soft, Hard, and Twin Tip Markers for Calligraphy and Art Drawings</p><p>$7.59 ($2.53 / Count)</p><a href="https://www.amazon.com/dp/B07DQ4292Y?tag=eloabder-20&linkCode=osi&th=1&psc=1">View Product</a></div><div class="product"><a href="https://www.amazon.com/dp/B0995FNMKW?tag=eloabder-20&linkCode=osi&th=1&psc=1"><img src="https://m.media-amazon.com/images/I/51kpGsTNvlL._SL500_.jpg" alt="Product Image"></a><p>WRITECH Arts Sign Brush Pen Brush Tip Marker Felt Tip Water Based Ink Color Pens 12 Assorted Vintage Colors Great for Lettering Journaling Calligraphy (Vintage)</p><p>$13.99 ($1.17 / Count)</p><a href="https://www.amazon.com/dp/B0995FNMKW?tag=eloabder-20&linkCode=osi&th=1&psc=1">View Product</a></div><div class="product"><a href="https://www.amazon.com/dp/B07H89R749?tag=eloabder-20&linkCode=osi&th=1&psc=1"><img src="https://m.media-amazon.com/images/I/51nTGZ-eAsL._SL500_.jpg" alt="Product Image"></a><p>Tombow Fudenosuke Brush Pen - Hard - 10 Colors Set (WS-BH10C)</p><p>$11.73</p><a href="https://www.amazon.com/dp/B07H89R749?tag=eloabder-20&linkCode=osi&th=1&psc=1">View Product</a></div><div class="product"><a href="https://www.amazon.com/dp/B002PIFTRE?tag=eloabder-20&linkCode=osi&th=1&psc=1"><img src="https://m.media-amazon.com/images/I/41IVnNPD1hL._SL500_.jpg" alt="Product Image"></a><p>Pentel Color Brush Pen, Black (GFLBP101)</p><p>$7.89</p><a href="https://www.amazon.com/dp/B002PIFTRE?tag=eloabder-20&linkCode=osi&th=1&psc=1">View Product</a></div>
<div class="product"><a href="https://www.amazon.com/dp/B0CLLSY2BT?tag=eloabder-20&linkCode=osi&th=1&psc=1"><img src="https://m.media-amazon.com/images/I/51sQM3lrN9L._SL500_.jpg" alt="Product Image"></a><p>CUGEBANNA Paint Brush Washer,Airtight Stainless Steel Brush Cleaner for Oil Painting Acrylic,Brush Washer with Cleaning Beads and Wringer</p><p>$22.99</p><a href="https://www.amazon.com/dp/B0CLLSY2BT?tag=eloabder-20&linkCode=osi&th=1&psc=1">View Product</a></div><div class="product"><a href="https://www.amazon.com/dp/B013PB35N4?tag=eloabder-20&linkCode=osi&th=1&psc=1"><img src="https://m.media-amazon.com/images/I/419miJHrhtL._SL500_.jpg" alt="Product Image"></a><p>US Art Supply Deluxe Brush Cleaner-Brush Washer with Wash Tank</p><p>$18.99</p><a href="https://www.amazon.com/dp/B013PB35N4?tag=eloabder-20&linkCode=osi&th=1&psc=1">View Product</a></div>
<div class="product"><a href="https://www.amazon.com/dp/B07GH7WGC3?tag=eloabder-20&linkCode=osi&th=1&psc=1"><img src="https://m.media-amazon.com/images/I/51vzX1OZI6L._SL500_.jpg" alt="Product Image"></a><p>BOSOBO Paint Brushes Set, 2 Pack 20 Pcs Round-Pointed Tip Paintbrushes Nylon Hair Artist Acrylic Paint Brushes for Acrylic Oil Watercolor, Face Nail Art, Miniature Detailing & Rock Painting, Blue</p><p>$7.49 ($0.37 / Count)</p><a href="https://www.amazon.com/dp/B07GH7WGC3?tag=eloabder-20&linkCode=osi&th=1&psc=1">View Product</a></div><div class="product"><a href="https://www.amazon.com/dp/B078XJ2DCJ?tag=eloabder-20&linkCode=osi&th=1&psc=1"><img src="https://m.media-amazon.com/images/I/616oHEXPN1S._SL500_.jpg" alt="Product Image"></a><p>Pro Grade - Chip Paint Brushes - 36-Pack - 2 Inch Chip Brush for Paints, Stains, Varnishes, Glues, & Gesso</p><p>$17.99</p><a href="https://www.amazon.com/dp/B078XJ2DCJ?tag=eloabder-20&linkCode=osi&th=1&psc=1">View Product</a></div>

<div class="product"><a href="https://www.amazon.com/dp/B000YQJVFA?tag=eloabder-20&linkCode=osi&th=1&psc=1"><img src="https://m.media-amazon.com/images/I/51so-OSRt+L._SL500_.jpg" alt="Product Image"></a><p>Winsor & Newton Calligraphy Ink, 30ml (1-oz) Bottle, Black</p><p>$10.07 ($10.07 / Count)</p><a href="https://www.amazon.com/dp/B000YQJVFA?tag=eloabder-20&linkCode=osi&th=1&psc=1">View Product</a></div><div class="product"><a href="https://www.amazon.com/dp/B0026SBYUE?tag=eloabder-20&linkCode=osi&th=1&psc=1"><img src="https://m.media-amazon.com/images/I/412Ga9k1q8L._SL500_.jpg" alt="Product Image"></a><p>Higgins Black Calligraphy Ink, 2.5 Ounce Bottle (44314)</p><p>$5.99</p><a href="https://www.amazon.com/dp/B0026SBYUE?tag=eloabder-20&linkCode=osi&th=1&psc=1">View Product</a></div><div class="product"><a href="https://www.amazon.com/dp/B0CXDBD77N?tag=eloabder-20&linkCode=osi&th=1&psc=1"><img src="https://m.media-amazon.com/images/I/41x1EZv3P3L._SL500_.jpg" alt="Product Image"></a><p>SEAMEW 250 ML/8.8 OZ Calligraphy and Sumi Liquid Ink - Versatile Elegance for Chinese Traditional Art Works and Japanese Brush Art</p><p>$11.49</p><a href="https://www.amazon.com/dp/B0CXDBD77N?tag=eloabder-20&linkCode=osi&th=1&psc=1">View Product</a></div><div class="product"><a href="https://www.amazon.com/dp/B0CR3ML8VS?tag=eloabder-20&linkCode=osi&th=1&psc=1"><img src="https://m.media-amazon.com/images/I/41fLIKySQZL._SL500_.jpg" alt="Product Image"></a><p>Hmayart Prepared Super Thick Liquid Black Ink for Japanese Brush Calligraphy & Chinese Traditional Artworks (MZ010 250g)</p><p>$11.99</p><a href="https://www.amazon.com/dp/B0CR3ML8VS?tag=eloabder-20&linkCode=osi&th=1&psc=1">View Product</a></div><div class="product"><a href="https://www.amazon.com/dp/B0039OQ0J4?tag=eloabder-20&linkCode=osi&th=1&psc=1"><img src="https://m.media-amazon.com/images/I/41RRlR55P9L._SL500_.jpg" alt="Product Image"></a><p>Daiso Sumi Calligraphy Liquid Ink in a 180ml Bottle (Japan Import)</p><p>$8.99</p><a href="https://www.amazon.com/dp/B0039OQ0J4?tag=eloabder-20&linkCode=osi&th=1&psc=1">View Product</a></div><div class="product"><a href="https://www.amazon.com/dp/B074KJ289G?tag=eloabder-20&linkCode=osi&th=1&psc=1"><img src="https://m.media-amazon.com/images/I/41FZT3aCChL._SL500_.jpg" alt="Product Image"></a><p>Easyou Redstar Liquid Ink for Professioanl Traditional Calligraphy and Brush Painting Chinese Ink Liquid (Black&1pcs*180ML)</p><p>$10.99</p><a href="https://www.amazon.com/dp/B074KJ289G?tag=eloabder-20&linkCode=osi&th=1&psc=1">View Product</a></div><div class="product"><a href="https://www.amazon.com/dp/B07JYJ6C1W?tag=eloabder-20&linkCode=osi&th=1&psc=1"><img src="https://m.media-amazon.com/images/I/51IAnrWkw6L._SL500_.jpg" alt="Product Image"></a><p>MZ001 HmayartBlack Sumi Liquid Ink for Japanese Brush Calligraphy & Chinese Traditional Artworks 250ml (black)</p><p>$13.99</p><a href="https://www.amazon.com/dp/B07JYJ6C1W?tag=eloabder-20&linkCode=osi&th=1&psc=1">View Product</a></div><div class="product"><a href="https://www.amazon.com/dp/B0894L9M2C?tag=eloabder-20&linkCode=osi&th=1&psc=1"><img src="https://m.media-amazon.com/images/I/51H5LBUAZcL._SL500_.jpg" alt="Product Image"></a><p>24 Colors Calligraphy Ink Set, Calligraphy Fountain Glass Dip Pen Color Ink Caligrapher Pen Ink Bottle Set, Gold Powder Drawing Writing Art Ink with Gift Box - 24 x 7ml</p><p>$21.98</p><a href="https://www.amazon.com/dp/B0894L9M2C?tag=eloabder-20&linkCode=osi&th=1&psc=1">View Product</a></div><div class="product"><a href="https://www.amazon.com/dp/B0C49WVM7L?tag=eloabder-20&linkCode=osi&th=1&psc=1"><img src="https://m.media-amazon.com/images/I/41zxtjGWS1L._SL500_.jpg" alt="Product Image"></a><p>AOKUY 24 Colors Calligraphy Ink Set,Calligraphy Inks,Colorful Dip Pen Ink Set,Gold Powder Drawing Writing Art Ink with Gift Box</p><p>$16.99</p><a href="https://www.amazon.com/dp/B0C49WVM7L?tag=eloabder-20&linkCode=osi&th=1&psc=1">View Product</a></div>
<div class="product"><a href="https://www.amazon.com/dp/B0007ZJ8QU?tag=eloabder-20&linkCode=osi&th=1&psc=1"><img src="https://m.media-amazon.com/images/I/41vTwN7L9NL._SL500_.jpg" alt="Product Image"></a><p>Speedball C-Series Lettering Pen Set - 1 Penholder w/ 6 Nibs</p><p>$11.99</p><a href="https://www.amazon.com/dp/B0007ZJ8QU?tag=eloabder-20&linkCode=osi&th=1&psc=1">View Product</a></div><div class="product"><a href="https://www.amazon.com/dp/B003IGNH30?tag=eloabder-20&linkCode=osi&th=1&psc=1"><img src="https://m.media-amazon.com/images/I/412WGB9WzGL._SL500_.jpg" alt="Product Image"></a><p>Speedball 30710 10 Pen Nib Assorted Set</p><p>$21.99</p><a href="https://www.amazon.com/dp/B003IGNH30?tag=eloabder-20&linkCode=osi&th=1&psc=1">View Product</a></div><div class="product"><a href="https://www.amazon.com/dp/B0CQTCZRYC?tag=eloabder-20&linkCode=osi&th=1&psc=1"><img src="https://m.media-amazon.com/images/I/41+d7oXaTvL._SL500_.jpg" alt="Product Image"></a><p>10PCS Oblique Calligraphy Dip Pen Set Comic Pen Nib Set Fluid Writer Pen, 2-in-1 Drawing Pen Holder with 8 Pieces Stainless Steel Pen Replacement Nibs Nib for Writing, Painting, Signing, Sketch</p><p>$6.49</p><a href="https://www.amazon.com/dp/B0CQTCZRYC?tag=eloabder-20&linkCode=osi&th=1&psc=1">View Product</a></div><div class="product"><a href="https://www.amazon.com/dp/B000BYQLT4?tag=eloabder-20&linkCode=osi&th=1&psc=1"><img src="https://m.media-amazon.com/images/I/41Tmn+y1-xL._SL500_.jpg" alt="Product Image"></a><p>Speedball Calligraphy Pen Set - 1 Penholder w/ 4 Nibs, 2 Pen Tips</p><p>$13.99</p><a href="https://www.amazon.com/dp/B000BYQLT4?tag=eloabder-20&linkCode=osi&th=1&psc=1">View Product</a></div><div class="product"><a href="https://www.amazon.com/dp/B0B3CVPWMF?tag=eloabder-20&linkCode=osi&th=1&psc=1"><img src="https://m.media-amazon.com/images/I/41Zw4tqW+HL._SL500_.jpg" alt="Product Image"></a><p>Mewutal 2Pcs/Set Comic Pen Nib Set Pen Nibs Replacements for Calligraphy Manga Writing Painting(Pumpkin Head Nib)</p><p>$7.99</p><a href="https://www.amazon.com/dp/B0B3CVPWMF?tag=eloabder-20&linkCode=osi&th=1&psc=1">View Product</a></div><div class="product"><a href="https://www.amazon.com/dp/B0BVR4M5X4?tag=eloabder-20&linkCode=osi&th=1&psc=1"><img src="https://m.media-amazon.com/images/I/515TyiGpQKL._SL500_.jpg" alt="Product Image"></a><p>Wonwood_direct Calligraphy set, 7 Calligraphy Pens with Different Nibs and 40 Ink Cartridges in 13 Colors for Beginner Writing Drawing for Greeting Card Signature Calligraphy (Type 1)</p><p>$15.99</p><a href="https://www.amazon.com/dp/B0BVR4M5X4?tag=eloabder-20&linkCode=osi&th=1&psc=1">View Product</a></div><div class="product"><a href="https://www.amazon.com/dp/B0BGRM97MF?tag=eloabder-20&linkCode=osi&th=1&psc=1"><img src="https://m.media-amazon.com/images/I/41vB7fs3VbL._SL500_.jpg" alt="Product Image"></a><p>Gullor A Bunch of Nibs for Comic Dip Pen, Assorted Calligraphy Dip Pen Nibs, Various Sizes and Shapes, 33 Nibs in Box</p><p>$9.99</p><a href="https://www.amazon.com/dp/B0BGRM97MF?tag=eloabder-20&linkCode=osi&th=1&psc=1">View Product</a></div>
<div class="product"><a href="https://www.amazon.com/dp/B000KNNVX0?tag=eloabder-20&linkCode=osi&th=1&psc=1"><img src="https://m.media-amazon.com/images/I/51RAGoN6UsL._SL500_.jpg" alt="Product Image"></a><p>Strathmore STR- 50 Sheet Tape Bound Calligraphy Pad, 8.5 by 11", White</p><p>$7.83</p><a href="https://www.amazon.com/dp/B000KNNVX0?tag=eloabder-20&linkCode=osi&th=1&psc=1">View Product</a></div><div class="product"><a href="https://www.amazon.com/dp/B00PGBVNM2?tag=eloabder-20&linkCode=osi&th=1&psc=1"><img src="https://m.media-amazon.com/images/I/51VvCXPD-QL._SL500_.jpg" alt="Product Image"></a><p>U.S. Art Supply (Pack of 2 Pads) - 9" x 12" Premium Calligraphic Practice Paper Pad, 19 Pound Bond (70gsm), Pad of 50-Sheets, Calligraphy Paper with Printed Practice Rule and Slanted Grid</p><p>$12.99</p><a href="https://www.amazon.com/dp/B00PGBVNM2?tag=eloabder-20&linkCode=osi&th=1&psc=1">View Product</a></div><div class="product"><a href="https://www.amazon.com/dp/B0CQ1VTM1R?tag=eloabder-20&linkCode=osi&th=1&psc=1"><img src="https://m.media-amazon.com/images/I/31pMzPI5pdL._SL500_.jpg" alt="Product Image"></a><p>50 Sheets Watercolor Paper 8 x 6inch Deckled Edge Paper 190 GSM Rough/Textured Handmade Paper Cotton Paper White Textured Paper for Watercolor, Writing Calligraphy, Invitations, Letters</p><p>$12.99 ($0.26 / Count)</p><a href="https://www.amazon.com/dp/B0CQ1VTM1R?tag=eloabder-20&linkCode=osi&th=1&psc=1">View Product</a></div><div class="product"><a href="https://www.amazon.com/dp/B0CGHVSX6W?tag=eloabder-20&linkCode=osi&th=1&psc=1"><img src="https://m.media-amazon.com/images/I/41pAexcoWlL._SL500_.jpg" alt="Product Image"></a><p>KYMY Chinese/Japanese Calligraphy Paper 100PCS, Sumi/Rice Paper for Writing Painting Drawing Practice, Chinese Brush Ink Xuan Paper, Half Sheng Shu (Half Raw Ripe) (34 x 34 cm (13.38 x 13.38 Inch))</p><p>$10.99 ($0.11 / Count)</p><a href="https://www.amazon.com/dp/B0CGHVSX6W?tag=eloabder-20&linkCode=osi&th=1&psc=1">View Product</a></div>
<div class="product"><a href="https://www.amazon.com/dp/B08FCZC2R3?tag=eloabder-20&linkCode=osi&th=1&psc=1"><img src="https://m.media-amazon.com/images/I/51TWqPlqpfL._SL500_.jpg" alt="Product Image"></a><p>Craft 'n' Beyond Calligraphy Brush Pens Pack of 3 Small, Medium and Large Markers for Hand Lettering, Art Drawing, Sketching, Scrapbooking, Journaling - Beginner Kit with Fadeproof Black Ink</p><p>$5.49</p><a href="https://www.amazon.com/dp/B08FCZC2R3?tag=eloabder-20&linkCode=osi&th=1&psc=1">View Product</a></div><div class="product"><a href="https://www.amazon.com/dp/B0B67TWWDG?tag=eloabder-20&linkCode=osi&th=1&psc=1"><img src="https://m.media-amazon.com/images/I/5188ARIL9sL._SL500_.jpg" alt="Product Image"></a><p>Brusarth Calligraphy Pens, 8 Size Calligraphy Pens for Writing, Brush Pens Calligraphy Set for Beginners, Hand Lettering Pens, Brush Markers Set, Black Ink Drawing Pens</p><p>$8.95</p><a href="https://www.amazon.com/dp/B0B67TWWDG?tag=eloabder-20&linkCode=osi&th=1&psc=1">View Product</a></div><div class="product"><a href="https://www.amazon.com/dp/B000SHQFEA?tag=eloabder-20&linkCode=osi&th=1&psc=1"><img src="https://m.media-amazon.com/images/I/41sx3qStImL._SL500_.jpg" alt="Product Image"></a><p>edding 1255 calligraphy pen - black - 3 pens - calligraphy nib 2 - 5 mm - fibre pens for paper, wood, terracotta, canvas - hand lettering, bullet journals, thank you cards, calligraphy books</p><p>$6.50</p><a href="https://www.amazon.com/dp/B000SHQFEA?tag=eloabder-20&linkCode=osi&th=1&psc=1">View Product</a></div><div class="product"><a href="https://www.amazon.com/dp/B001DKJLEC?tag=eloabder-20&linkCode=osi&th=1&psc=1"><img src="https://m.media-amazon.com/images/I/41x7A8wo7YL._SL500_.jpg" alt="Product Image"></a><p>Speedball Elegant Writer Calligraphy 4 Marker Set, Black, 2.0 mm, 2.5 mm & 3.0 mm Chisel Nib Tip Pens for Drawing, Journaling, and Scrapbooking</p><p>$9.99 ($2.50 / Count)</p><a href="https://www.amazon.com/dp/B001DKJLEC?tag=eloabder-20&linkCode=osi&th=1&psc=1">View Product</a></div><div class="product"><a href="https://www.amazon.com/dp/B08RYWH185?tag=eloabder-20&linkCode=osi&th=1&psc=1"><img src="https://m.media-amazon.com/images/I/51GFkyfC3iL._SL500_.jpg" alt="Product Image"></a><p>Piochoo Calligraphy Pens,8 Size Calligraphy Pens for Writing,Brush Pens Calligraphy Set for Beginners, Hand Lettering Pens</p><p>$12.99</p><a href="https://www.amazon.com/dp/B08RYWH185?tag=eloabder-20&linkCode=osi&th=1&psc=1">View Product</a></div>
<div class="product"><a href="https://www.amazon.com/dp/B0C66K9NHR?tag=eloabder-20&linkCode=osi&th=1&psc=1"><img src="https://m.media-amazon.com/images/I/51As2T+7gzL._SL500_.jpg" alt="Product Image"></a><p>Calligraphy Kit for Beginners - Calligraphy Pen Set with Calligraphy Workbook</p><p>$26.89</p><a href="https://www.amazon.com/dp/B0C66K9NHR?tag=eloabder-20&linkCode=osi&th=1&psc=1">View Product</a></div><div class="product"><a href="https://www.amazon.com/dp/B081J6QLZN?tag=eloabder-20&linkCode=osi&th=1&psc=1"><img src="https://m.media-amazon.com/images/I/41lK2Gw0JZL._SL500_.jpg" alt="Product Image"></a><p>Trustela Calligraphy Set for Beginners, Dip Pen Set with 19 Nibs, Oblique Pen Holder, Wooden Pen Set</p><p>$21.99</p><a href="https://www.amazon.com/dp/B081J6QLZN?tag=eloabder-20&linkCode=osi&th=1&psc=1">View Product</a></div><div class="product"><a href="https://www.amazon.com/dp/B0BCVDNPRJ?tag=eloabder-20&linkCode=osi&th=1&psc=1"><img src="https://m.media-amazon.com/images/I/51J-hFN4AeL._SL500_.jpg" alt="Product Image"></a><p>GC QUILL Calligraphy Pens Set 64pcs - Calligraphy Fountain Pen Set with 3 Fountain Pens, 7 Varied Nibs, 54 Ink Cartridges(10 Colors) - Writing, Drawing and Calligraphy Practice for beginner GC-F354</p><p>$23.99</p><a href="https://www.amazon.com/dp/B0BCVDNPRJ?tag=eloabder-20&linkCode=osi&th=1&psc=1">View Product</a></div>
<div class="product"><a href="https://www.amazon.com/dp/B092Q8BQC1?tag=eloabder-20&linkCode=osi&th=1&psc=1"><img src="https://m.media-amazon.com/images/I/51gdXkGIguS._SL500_.jpg" alt="Product Image"></a><p>AIYNC Feather Calligraphy Pen Ink Set, Includes Quill Pen and Wooden Dip Pen, Ink,17 Replacement Nib, Pen Base, 3 Wax Seal Sticks, Stamp, White Wax, Spoon, Envelope Letter Paper, Envelope Tool(Green)</p><p>$22.99</p><a href="https://www.amazon.com/dp/B092Q8BQC1?tag=eloabder-20&linkCode=osi&th=1&psc=1">View Product</a></div>
<div class="product"><a href="https://www.amazon.com/dp/B09J228BSF?tag=eloabder-20&linkCode=osi&th=1&psc=1"><img src="https://m.media-amazon.com/images/I/61MByvIyHGL._SL500_.jpg" alt="Product Image"></a><p>Candle dye - 18 Colors Liquid Oil-Based dye for Candle Wax, Vivid Candle Color for DIY Candle Making, Highly Concentrate Natural Candle Color</p><p>$15.59 ($2.47 / Fl Oz)</p><a href="https://www.amazon.com/dp/B09J228BSF?tag=eloabder-20&linkCode=osi&th=1&psc=1">View Product</a></div><div class="product"><a href="https://www.amazon.com/dp/B06Y3T5RV4?tag=eloabder-20&linkCode=osi&th=1&psc=1"><img src="https://m.media-amazon.com/images/I/61yZyP8eZTL._SL500_.jpg" alt="Product Image"></a><p>Candle Dyes for Soy Candle Making - Wax Сolor Dye Color Chips for Soy Wax - 16 Popular Colors Wax Dye Flakes</p><p>$16.99 ($10.62 / Ounce)</p><a href="https://www.amazon.com/dp/B06Y3T5RV4?tag=eloabder-20&linkCode=osi&th=1&psc=1">View Product</a></div><div class="product"><a href="https://www.amazon.com/dp/B0CMCPGLQZ?tag=eloabder-20&linkCode=osi&th=1&psc=1"><img src="https://m.media-amazon.com/images/I/51G9e-Epa0L._SL500_.jpg" alt="Product Image"></a><p>Candle Dye - 12 Colors Wax Melt Dye for Candle Making, Oil-Based Dye for Wax, Highly Concentrate Liquid Candle Color Dye</p><p>$8.99</p><a href="https://www.amazon.com/dp/B0CMCPGLQZ?tag=eloabder-20&linkCode=osi&th=1&psc=1">View Product</a></div><div class="product"><a href="https://www.amazon.com/dp/B09GLMZ5PS?tag=eloabder-20&linkCode=osi&th=1&psc=1"><img src="https://m.media-amazon.com/images/I/51SCG6n6Y4L._SL500_.jpg" alt="Product Image"></a><p>OSBANG Oil-Based Candle Color Dye Non-Toxic Non-Irritating 20 Colors for DIY Candle Making Supplies - Vibrant Concentrated Candle Coloring for Soy Wax Dyes, Beeswax, Gel Wax, Candle Making Kit</p><p>$14.99 ($2.22 / Fl Oz)</p><a href="https://www.amazon.com/dp/B09GLMZ5PS?tag=eloabder-20&linkCode=osi&th=1&psc=1">View Product</a></div><div class="product"><a href="https://www.amazon.com/dp/B0C8D2X4F1?tag=eloabder-20&linkCode=osi&th=1&psc=1"><img src="https://m.media-amazon.com/images/I/51e0mqPDEJL._SL500_.jpg" alt="Product Image"></a><p>Candle Dye - 14 Colors Highly Concentrate Oil-Based Liquid Candle Dye Kit, Candle Dyes for Candle Making, Beeswax, Gel Wax, Paraffin Wax - Each 0.35 fl oz</p><p>$9.99</p><a href="https://www.amazon.com/dp/B0C8D2X4F1?tag=eloabder-20&linkCode=osi&th=1&psc=1">View Product</a></div>

<div class="product"><a href="https://www.amazon.com/dp/B0C6FHSQR7?tag=eloabder-20&linkCode=osi&th=1&psc=1"><img src="https://m.media-amazon.com/images/I/41hBOCPELBL._SL500_.jpg" alt="Product Image"></a><p>Mold Release, Silicone Mold Release Spray (16.9 fl oz / 500ml) Mold Release for Epoxy Resin and Candle Mold Release Spray (1 Pack Mega Size)</p><p>$9.99 ($0.59 / Fl Oz)</p><a href="https://www.amazon.com/dp/B0C6FHSQR7?tag=eloabder-20&linkCode=osi&th=1&psc=1">View Product</a></div>
<div class="product"><a href="https://www.amazon.com/dp/B015W8DWUO?tag=eloabder-20&linkCode=osi&th=1&psc=1"><img src="https://m.media-amazon.com/images/I/41umHqV4zhL._SL500_.jpg" alt="Product Image"></a><p>EricX Light 100 Piece Cotton Candle Wick 6" Pre-Waxed for Candle Making,Candle DIY</p><p>$5.35</p><a href="https://www.amazon.com/dp/B015W8DWUO?tag=eloabder-20&linkCode=osi&th=1&psc=1">View Product</a></div><div class="product"><a href="https://www.amazon.com/dp/B08XZB43NZ?tag=eloabder-20&linkCode=osi&th=1&psc=1"><img src="https://m.media-amazon.com/images/I/51cyFvwhpJL._SL500_.jpg" alt="Product Image"></a><p>Candle Wicks 100 Pcs 6 inch with 30Pcs Candle Wick Stickers and 10 Pcs Wooden Candle Wick Centering Device for Soy Beeswax Candle Making and Candle DIY</p><p>$4.99</p><a href="https://www.amazon.com/dp/B08XZB43NZ?tag=eloabder-20&linkCode=osi&th=1&psc=1">View Product</a></div><div class="product"><a href="https://www.amazon.com/dp/B084ZSZQ4T?tag=eloabder-20&linkCode=osi&th=1&psc=1"><img src="https://m.media-amazon.com/images/I/41vLRbXIHhL._SL500_.jpg" alt="Product Image"></a><p>Candle Wick,100 Piece Candle Wicks for Candle Making DIY, 6 Inch Pre-Waxed Cotton Wick with Tabs</p><p>$4.79</p><a href="https://www.amazon.com/dp/B084ZSZQ4T?tag=eloabder-20&linkCode=osi&th=1&psc=1">View Product</a></div><div class="product"><a href="https://www.amazon.com/dp/B097D7S6KB?tag=eloabder-20&linkCode=osi&th=1&psc=1"><img src="https://m.media-amazon.com/images/I/41jpnnrDAjL._SL500_.jpg" alt="Product Image"></a><p>CandMak Candle Wick Kit, 60 Cotton Candle Wicks with Candle Making Tools for Candle Making (Thick 4"+6"+8")</p><p>$5.99</p><a href="https://www.amazon.com/dp/B097D7S6KB?tag=eloabder-20&linkCode=osi&th=1&psc=1">View Product</a></div><div class="product"><a href="https://www.amazon.com/dp/B08DLSG8NW?tag=eloabder-20&linkCode=osi&th=1&psc=1"><img src="https://m.media-amazon.com/images/I/41QkciWLWjL._SL500_.jpg" alt="Product Image"></a><p>Bulk 6inch Candle Wicks 100 Pcs with 60Pcs Candle Wick Stickers and 10 Pcs Wooden Candle Wick Centering Device for Soy Beeswax Candle Making (6inch)</p><p>$5.45</p><a href="https://www.amazon.com/dp/B08DLSG8NW?tag=eloabder-20&linkCode=osi&th=1&psc=1">View Product</a></div><div class="product"><a href="https://www.amazon.com/dp/B08Z334W66?tag=eloabder-20&linkCode=osi&th=1&psc=1"><img src="https://m.media-amazon.com/images/I/51nsfCzAwwL._SL500_.jpg" alt="Product Image"></a><p>DINGPAI 100pcs Cotton Candle Wicks, 6 inches Low Smoke Pre-Waxed Candle Wicks for Candle Making, Candle DIY</p><p>$4.99</p><a href="https://www.amazon.com/dp/B08Z334W66?tag=eloabder-20&linkCode=osi&th=1&psc=1">View Product</a></div><div class="product"><a href="https://www.amazon.com/dp/B0BV1NCQ28?tag=eloabder-20&linkCode=osi&th=1&psc=1"><img src="https://m.media-amazon.com/images/I/41lmQ4K9ccL._SL500_.jpg" alt="Product Image"></a><p>Ziosxin 100pcs Smokeless Cherry Wood Candle Wicks, Long Lasting Flame, Easily Burn, Natural Candle Cores with Stand and Glue Dot, Warning Label for DIY Candle Making</p><p>$9.99</p><a href="https://www.amazon.com/dp/B0BV1NCQ28?tag=eloabder-20&linkCode=osi&th=1&psc=1">View Product</a></div><div class="product"><a href="https://www.amazon.com/dp/B08LPKTVZW?tag=eloabder-20&linkCode=osi&th=1&psc=1"><img src="https://m.media-amazon.com/images/I/41AtaynrIqL._SL500_.jpg" alt="Product Image"></a><p>BEADNOVA Candle Cotton Wicks 4 Inch 150pcs Short Candle Making Wicks Cotton Wicks for Candle Making DIY</p><p>$4.99</p><a href="https://www.amazon.com/dp/B08LPKTVZW?tag=eloabder-20&linkCode=osi&th=1&psc=1">View Product</a></div><div class="product"><a href="https://www.amazon.com/dp/B0925G2VBY?tag=eloabder-20&linkCode=osi&th=1&psc=1"><img src="https://m.media-amazon.com/images/I/51EzgDRsxoL._SL500_.jpg" alt="Product Image"></a><p>CHEFBEE 200 FT Organic Hemp Wick, Hemp Wick Well Coated Natural Beeswax for Hemp Wick Lighter or Candle Making, Slow Burn, No Dripping, Standard Size(1.1mm)</p><p>$6.99</p><a href="https://www.amazon.com/dp/B0925G2VBY?tag=eloabder-20&linkCode=osi&th=1&psc=1">View Product</a></div>
<div class="product"><a href="https://www.amazon.com/dp/B0BJZYCQV3?tag=eloabder-20&linkCode=osi&th=1&psc=1"><img src="https://m.media-amazon.com/images/I/41dS7xm9bKL._SL500_.jpg" alt="Product Image"></a><p>Simetufy Canvas Boards for Painting 12 Pack,8 x 10 Inch Painting Canvas Panels, Blank Canvas for Painting- Gesso Primed Acid-Free 100% Cotton for Acrylics Oil Watercolor Tempera Paints</p><p>$12.99</p><a href="https://www.amazon.com/dp/B0BJZYCQV3?tag=eloabder-20&linkCode=osi&th=1&psc=1">View Product</a></div><div class="product"><a href="https://www.amazon.com/dp/B085F4JH1H?tag=eloabder-20&linkCode=osi&th=1&psc=1"><img src="https://m.media-amazon.com/images/I/41l7Efp7ILL._SL500_.jpg" alt="Product Image"></a><p>KEFF Canvas Boards for Painting - 24 Pack - Art Supplies Paint Canvas 5x7, 8x10, 9x12, 11x14 Canvas Panels, 100% Cotton Pre-Primed Large Canvas for Painting Supplies, Acrylic, Oil, Watercolor, Tempera</p><p>$24.99</p><a href="https://www.amazon.com/dp/B085F4JH1H?tag=eloabder-20&linkCode=osi&th=1&psc=1">View Product</a></div><div class="product"><a href="https://www.amazon.com/dp/B0CMXFTNDC?tag=eloabder-20&linkCode=osi&th=1&psc=1"><img src="https://m.media-amazon.com/images/I/41WZD2Y6GfL._SL500_.jpg" alt="Product Image"></a><p>ESRICH Canvas Boards for Painting, 5 Pack Canvases for Painting 8x10 Cotton Primed Acid Free Blank Canvas Panels for Oil Paint, Watercolor, Acrylic Paint, Gouache and Tempera.</p><p>$5.99</p><a href="https://www.amazon.com/dp/B0CMXFTNDC?tag=eloabder-20&linkCode=osi&th=1&psc=1">View Product</a></div><div class="product"><a href="https://www.amazon.com/dp/B0C6LMPMPJ?tag=eloabder-20&linkCode=osi&th=1&psc=1"><img src="https://m.media-amazon.com/images/I/51QF5c5qRiL._SL500_.jpg" alt="Product Image"></a><p>Simetufy Canvas Boards for Painting 32 Pack, Paint Canvas Panels Set - 5x7, 8x10, 9x12, 11x14 Inches, Pre-Primed 100% Cotton Blank Canvases for Oil Acrylic Watercolor Pouring Paint for Kids & Artists</p><p>$24.99</p><a href="https://www.amazon.com/dp/B0C6LMPMPJ?tag=eloabder-20&linkCode=osi&th=1&psc=1">View Product</a></div><div class="product"><a href="https://www.amazon.com/dp/B0CSD8VYYM?tag=eloabder-20&linkCode=osi&th=1&psc=1"><img src="https://m.media-amazon.com/images/I/41PeXd8MwvL._SL500_.jpg" alt="Product Image"></a><p>4 Pack 11x14 Inch Canvas Boards for Painting, Blank Canvases for Painting,Triple Primed for Oil & Acrylic Paints,100% Cotton Canvas Panels for Acrylics Oil Watercolor Tempera Paints,3mm Thickness</p><p>$8.49</p><a href="https://www.amazon.com/dp/B0CSD8VYYM?tag=eloabder-20&linkCode=osi&th=1&psc=1">View Product</a></div><div class="product"><a href="https://www.amazon.com/dp/B0D59RDVM5?tag=eloabder-20&linkCode=osi&th=1&psc=1"><img src="https://m.media-amazon.com/images/I/519TRFsibfL._SL500_.jpg" alt="Product Image"></a><p>Paroto Canvas Boards for Painting 12 Pack, Multi-Size Painting Canvas Set 5x7, 8x10, 10x12, 12x16 Inches, 100% Cotton Blank Canvas Oil Acrylic Watercolor Pouring Paint for Kids, Beginners, Artists</p><p>$23.99</p><a href="https://www.amazon.com/dp/B0D59RDVM5?tag=eloabder-20&linkCode=osi&th=1&psc=1">View Product</a></div><div class="product"><a href="https://www.amazon.com/dp/B0CSD8YM4L?tag=eloabder-20&linkCode=osi&th=1&psc=1"><img src="https://m.media-amazon.com/images/I/41ZgWqkIMFL._SL500_.jpg" alt="Product Image"></a><p>4 Pack 8x10 Inch Canvas Boards for Painting, Blank Canvases for Painting,Triple Primed for Oil & Acrylic Paints, 100% Cotton Canvas Panels, 3mm Thickness</p><p>$3.99</p><a href="https://www.amazon.com/dp/B0CSD8YM4L?tag=eloabder-20&linkCode=osi&th=1&psc=1">View Product</a></div><div class="product"><a href="https://www.amazon.com/dp/B0CQFTW7MH?tag=eloabder-20&linkCode=osi&th=1&psc=1"><img src="https://m.media-amazon.com/images/I/41PiitKvQTL._SL500_.jpg" alt="Product Image"></a><p>Simetufy 4 Pack Canvas Boards for Painting 12x16 inch, Canvases for Painting, Gesso Primed Acid-Free 100% Cotton Large Canvas Panels for Acrylics Oil Watercolor Tempera Paints</p><p>$11.99</p><a href="https://www.amazon.com/dp/B0CQFTW7MH?tag=eloabder-20&linkCode=osi&th=1&psc=1">View Product</a></div>
<div class="product"><a href="https://www.amazon.com/dp/B07D6V7H85?tag=eloabder-20&linkCode=osi&th=1&psc=1"><img src="https://m.media-amazon.com/images/I/41EEPf6prIL._SL500_.jpg" alt="Product Image"></a><p>U.S. Art Supply 36" Wide x 6 Yards (18 Feet) Long Unstretched Canvas Roll - 100% Cotton, 12-Ounce Triple Primed Gesso, Acid-Free - Pro Artist Quality, Oil & Acrylic Painting, Murals Backdrop, Cut Size</p><p>$49.99</p><a href="https://www.amazon.com/dp/B07D6V7H85?tag=eloabder-20&linkCode=osi&th=1&psc=1">View Product</a></div><div class="product"><a href="https://www.amazon.com/dp/B0C98L44GG?tag=eloabder-20&linkCode=osi&th=1&psc=1"><img src="https://m.media-amazon.com/images/I/31gEyNH9+sL._SL500_.jpg" alt="Product Image"></a><p>Kinlop Double Primed Cotton Canvas White Canvas Roll for Oil and Acrylic Paint (20 Feet x 48 Inch)</p><p>$38.99</p><a href="https://www.amazon.com/dp/B0C98L44GG?tag=eloabder-20&linkCode=osi&th=1&psc=1">View Product</a></div><div class="product"><a href="https://www.amazon.com/dp/B0CLSXCD1W?tag=eloabder-20&linkCode=osi&th=1&psc=1"><img src="https://m.media-amazon.com/images/I/414jbnjcrQL._SL500_.jpg" alt="Product Image"></a><p>U.S. Art Supply 10-Ounce Unprimed 63" Wide x 2 Yards (6 Feet) Long Heavyweight Unstretched Canvas Roll - 100% Cotton, Woven - Oil & Acrylic Painting, Murals, Backdrop - Cut To Stretcher Bar Frame Size</p><p>$24.99</p><a href="https://www.amazon.com/dp/B0CLSXCD1W?tag=eloabder-20&linkCode=osi&th=1&psc=1">View Product</a></div><div class="product"><a href="https://www.amazon.com/dp/B09MCHDSPR?tag=eloabder-20&linkCode=osi&th=1&psc=1"><img src="https://m.media-amazon.com/images/I/41S+37Lx2wL._SL500_.jpg" alt="Product Image"></a><p>100% Natural Cotton 7 oz Canvas Fabric (Duck), 63 Inches Wide X 3 Yards Long</p><p>$29.95</p><a href="https://www.amazon.com/dp/B09MCHDSPR?tag=eloabder-20&linkCode=osi&th=1&psc=1">View Product</a></div><div class="product"><a href="https://www.amazon.com/dp/B07VX9TLM1?tag=eloabder-20&linkCode=osi&th=1&psc=1"><img src="https://m.media-amazon.com/images/I/41-bqGVrblL._SL500_.jpg" alt="Product Image"></a><p>Premium Polyster Matte Canvas Roll, Quick Dry, Wide Format Inkjet Printer Compatible, Perfect for Fine Art, Photography, Giclée Printing, Archival Quality Prints. (24"x60' 290gsm Polyester)</p><p>$69.99</p><a href="https://www.amazon.com/dp/B07VX9TLM1?tag=eloabder-20&linkCode=osi&th=1&psc=1">View Product</a></div><div class="product"><a href="https://www.amazon.com/dp/B079VP3F1B?tag=eloabder-20&linkCode=osi&th=1&psc=1"><img src="https://m.media-amazon.com/images/I/31eaUH1-cWL._SL500_.jpg" alt="Product Image"></a><p>VViViD Double Primed Cotton Canvas 12" Wide Roll Choose Your Size! (10ft x 12" Roll)</p><p>$16.88</p><a href="https://www.amazon.com/dp/B079VP3F1B?tag=eloabder-20&linkCode=osi&th=1&psc=1">View Product</a></div><div class="product"><a href="https://www.amazon.com/dp/B09954KKH3?tag=eloabder-20&linkCode=osi&th=1&psc=1"><img src="https://m.media-amazon.com/images/I/41SwQCPSmAL._SL500_.jpg" alt="Product Image"></a><p>Polyester Canvas Roll Professional Matte Canvas Roll Wide format Inkjet Printing For Printing Drawing Oil Acrylic Or Water-Based Painting (200GSM Polyester 36"x100ft)</p><p>$123.99</p><a href="https://www.amazon.com/dp/B09954KKH3?tag=eloabder-20&linkCode=osi&th=1&psc=1">View Product</a></div>
<div class="product"><a href="https://www.amazon.com/dp/B003A2I5T8?tag=eloabder-20&linkCode=osi&th=1&psc=1"><img src="https://m.media-amazon.com/images/I/41LvtrGFjVL._SL500_.jpg" alt="Product Image"></a><p>Astrobrights/Neenah Bright White Cardstock, 8.5" x 11", 65 lb/176 gsm, White, 75 Sheets (90905-02) - Packaging May Vary</p><p>$6.99</p><a href="https://www.amazon.com/dp/B003A2I5T8?tag=eloabder-20&linkCode=osi&th=1&psc=1">View Product</a></div><div class="product"><a href="https://www.amazon.com/dp/B00006IDRW?tag=eloabder-20&linkCode=osi&th=1&psc=1"><img src="https://m.media-amazon.com/images/I/412xLv5ae7L._SL500_.jpg" alt="Product Image"></a><p>Neenah Premium Cardstock, 8.5" x 11", 65 lb/176 gsm, Bright White, 250 Sheets (91904)</p><p>$14.29</p><a href="https://www.amazon.com/dp/B00006IDRW?tag=eloabder-20&linkCode=osi&th=1&psc=1">View Product</a></div><div class="product"><a href="https://www.amazon.com/dp/B07FX5LCXK?tag=eloabder-20&linkCode=osi&th=1&psc=1"><img src="https://m.media-amazon.com/images/I/41n9D1rlKgL._SL500_.jpg" alt="Product Image"></a><p>Printworks White Cardstock, 67 lb, 92 Bright, FSC Certified, Perfect for School and Craft Projects, 8.5 x 11 Inch, 100 Sheets (00540)</p><p>$11.49</p><a href="https://www.amazon.com/dp/B07FX5LCXK?tag=eloabder-20&linkCode=osi&th=1&psc=1">View Product</a></div><div class="product"><a href="https://www.amazon.com/dp/B07QQ3L753?tag=eloabder-20&linkCode=osi&th=1&psc=1"><img src="https://m.media-amazon.com/images/I/41n0Ue3DLbL._SL500_.jpg" alt="Product Image"></a><p>Neenah White Index Paper, Mediumweight, 300 Sheets, 199 gsm, 94 Brightness, 8.5" x 11" - MORE SHEETS! (91635)</p><p>$15.99</p><a href="https://www.amazon.com/dp/B07QQ3L753?tag=eloabder-20&linkCode=osi&th=1&psc=1">View Product</a></div><div class="product"><a href="https://www.amazon.com/dp/B07D4YF3K4?tag=eloabder-20&linkCode=osi&th=1&psc=1"><img src="https://m.media-amazon.com/images/I/41ffykOOE7L._SL500_.jpg" alt="Product Image"></a><p>Neenah Index Cardstock, 8.5" x 11", 90 lb/163 gsm, White, Lightweight, 94 Brightness, 300 Sheets (91437)</p><p>$19.24</p><a href="https://www.amazon.com/dp/B07D4YF3K4?tag=eloabder-20&linkCode=osi&th=1&psc=1">View Product</a></div><div class="product"><a href="https://www.amazon.com/dp/B08DCF5B4P?tag=eloabder-20&linkCode=osi&th=1&psc=1"><img src="https://m.media-amazon.com/images/I/41GRzmuulDL._SL500_.jpg" alt="Product Image"></a><p>Hammermill White Cardstock, 110 Lb, 8.5 x 11 Colored Cardstock, 1 Pack (200 Sheets) - Thick Card Stock, Made in the USA, 168380R</p><p>$13.32</p><a href="https://www.amazon.com/dp/B08DCF5B4P?tag=eloabder-20&linkCode=osi&th=1&psc=1">View Product</a></div><div class="product"><a href="https://www.amazon.com/dp/B0CYPPHFV9?tag=eloabder-20&linkCode=osi&th=1&psc=1"><img src="https://m.media-amazon.com/images/I/51IQR4E5R1L._SL500_.jpg" alt="Product Image"></a><p>96 Sheets Colored Cardstock 24 Colors, 8.5x11 Color Cardstock Bulk, 200gsm/75lb Assorted Colors Construction Paper for Printing, Card Making, Die Cutting, Crafts, Scrapbooking, Party Decorations</p><p>$12.99</p><a href="https://www.amazon.com/dp/B0CYPPHFV9?tag=eloabder-20&linkCode=osi&th=1&psc=1">View Product</a></div><div class="product"><a href="https://www.amazon.com/dp/B07QNMF4ZP?tag=eloabder-20&linkCode=osi&th=1&psc=1"><img src="https://m.media-amazon.com/images/I/41mVi2qUcyL._SL500_.jpg" alt="Product Image"></a><p>Printworks White Cardstock, Standard, 67 lb. Vellum, 92 Bright, 250 sheets, 8.5 x 11, For Office, Home & School Printing, Craft Projects (00564)</p><p>$12.92</p><a href="https://www.amazon.com/dp/B07QNMF4ZP?tag=eloabder-20&linkCode=osi&th=1&psc=1">View Product</a></div><div class="product"><a href="https://www.amazon.com/dp/B09Y681BML?tag=eloabder-20&linkCode=osi&th=1&psc=1"><img src="https://m.media-amazon.com/images/I/41whFoq6OEL._SL500_.jpg" alt="Product Image"></a><p>Astrobrights Mega Collection, Colored Cardstock, Punchy Pastel 5-Color Assortment, 320 Sheets, 65 lb./176 gsm, 8.5" x 11" - MORE SHEETS! (91780)</p><p>$19.87</p><a href="https://www.amazon.com/dp/B09Y681BML?tag=eloabder-20&linkCode=osi&th=1&psc=1">View Product</a></div>


<div class="product"><a href="https://www.amazon.com/dp/B0B7DZ4YPN?tag=eloabder-20&linkCode=osi&th=1&psc=1"><img src="https://m.media-amazon.com/images/I/51NIBuS801L._SL500_.jpg" alt="Product Image"></a><p>Epoxy Resin 64OZ - Crystal Clear Epoxy Resin Kit - No Yellowing No Bubble Art Resin Casting Resin for Art Crafts, Jewelry Making, Wood & Resin Molds(32OZ x 2)</p><p>$34.99 ($0.55 / Ounce)</p><a href="https://www.amazon.com/dp/B0B7DZ4YPN?tag=eloabder-20&linkCode=osi&th=1&psc=1">View Product</a></div><div class="product"><a href="https://www.amazon.com/dp/B0CPVCRD93?tag=eloabder-20&linkCode=osi&th=1&psc=1"><img src="https://m.media-amazon.com/images/I/51mBmD2NCqL._SL500_.jpg" alt="Product Image"></a><p>Puduo Epoxy Resin Kit 72OZ，Newly Formulated Crystal Clear Epoxy Resin，Strong, Bubble-Free, Anti-Yellowing Art Resin That，Suitable for Casting, DIY, Resin Art, Molds, Jewelry, Easy to Mix 1:1 Ratio</p><p>$36.99 ($0.51 / Ounce)</p><a href="https://www.amazon.com/dp/B0CPVCRD93?tag=eloabder-20&linkCode=osi&th=1&psc=1">View Product</a></div><div class="product"><a href="https://www.amazon.com/dp/B0BY2PFY62?tag=eloabder-20&linkCode=osi&th=1&psc=1"><img src="https://m.media-amazon.com/images/I/51jY4DbLEVL._SL500_.jpg" alt="Product Image"></a><p>LET'S RESIN Polyurethane Resin, 60oz 2 Part Casting Resin, Fast Cured Resin within 10 Minutes, Ultra Low Viscosity & Low Odor Pourable Liquid Plastic for Casting Models, Prototypes & Other Resin Craft</p><p>$40.99 ($0.68 / Ounce)</p><a href="https://www.amazon.com/dp/B0BY2PFY62?tag=eloabder-20&linkCode=osi&th=1&psc=1">View Product</a></div><div class="product"><a href="https://www.amazon.com/dp/B0CXLX1BF1?tag=eloabder-20&linkCode=osi&th=1&psc=1"><img src="https://m.media-amazon.com/images/I/51B03piFSWL._SL500_.jpg" alt="Product Image"></a><p>Epoxy Resin,1 Gallon Crystal Clear Epoxy Resin Kit, High-Gloss & Bubbles Free Resin and Hardener Kit, Art Resin Casting Resin for Art Crafts, Jewelry Making, Wood & Resin Molds…</p><p>$49.99</p><a href="https://www.amazon.com/dp/B0CXLX1BF1?tag=eloabder-20&linkCode=osi&th=1&psc=1">View Product</a></div><div class="product"><a href="https://www.amazon.com/dp/B0B79JKMTN?tag=eloabder-20&linkCode=osi&th=1&psc=1"><img src="https://m.media-amazon.com/images/I/51awzY+fOoL._SL500_.jpg" alt="Product Image"></a><p>Teexpert Crystal Clear Epoxy Resin Kit 1 Gallon Self-Leveling Coating and Casting Resin, High-Gloss & Bubbles Free Resin and Hardener Kit for DIY Art, Jewelry, Table Top, Molds, Wood 1:1 Ratio</p><p>$49.49 ($0.39 / Fl Oz)</p><a href="https://www.amazon.com/dp/B0B79JKMTN?tag=eloabder-20&linkCode=osi&th=1&psc=1">View Product</a></div><div class="product"><a href="https://www.amazon.com/dp/B0CZDCWRDS?tag=eloabder-20&linkCode=osi&th=1&psc=1"><img src="https://m.media-amazon.com/images/I/51NoC3Siy8L._SL500_.jpg" alt="Product Image"></a><p>Puduo Epoxy Resin Kit 1.1Gallon，Newly Formulated Crystal Clear Epoxy Resin，Strong, Bubble-Free, Anti-Yellowing Art Resin That，Suitable for Casting, DIY, Resin Art, Molds, Easy to Mix 1:1 Ratio</p><p>$48.99 ($0.35 / Ounce)</p><a href="https://www.amazon.com/dp/B0CZDCWRDS?tag=eloabder-20&linkCode=osi&th=1&psc=1">View Product</a></div><div class="product"><a href="https://www.amazon.com/dp/B0C786S8ZW?tag=eloabder-20&linkCode=osi&th=1&psc=1"><img src="https://m.media-amazon.com/images/I/51PD1cgR+-L._SL500_.jpg" alt="Product Image"></a><p>LET'S RESIN EPOXY RESIN 2 Gallon Casting Resin with Pumps, Bubble Free & High-Gloss Resin Epoxy Kit, Crystal Clear Epoxy Resin and Hardener for DIY Art, Molds Casting,Craft</p><p>$87.00 ($0.34 / Fl Oz)</p><a href="https://www.amazon.com/dp/B0C786S8ZW?tag=eloabder-20&linkCode=osi&th=1&psc=1">View Product</a></div><div class="product"><a href="https://www.amazon.com/dp/B0BYV7YX2K?tag=eloabder-20&linkCode=osi&th=1&psc=1"><img src="https://m.media-amazon.com/images/I/41dTpbgWB+L._SL500_.jpg" alt="Product Image"></a><p>TAKIMO 1 Gallon Crystal Clear Resin Kit,No Bubble & Not Yellowing Epoxy Resin for Coating, Casting, Table Top,DIY, Bar Top, River Tables, Resin Art, Wood with High Gloss Finish</p><p>$39.99</p><a href="https://www.amazon.com/dp/B0BYV7YX2K?tag=eloabder-20&linkCode=osi&th=1&psc=1">View Product</a></div>
<div class="product"><a href="https://www.amazon.com/dp/B093D6Q4V2?tag=eloabder-20&linkCode=osi&th=1&psc=1"><img src="https://m.media-amazon.com/images/I/51GS6ht5RsS._SL500_.jpg" alt="Product Image"></a><p>Brusarth Professional Charcoal Pencils Drawing Set - 6 Pieces Soft Medium and Hard Charcoal Pencils for Drawing, Sketching, Shading</p><p>$5.57</p><a href="https://www.amazon.com/dp/B093D6Q4V2?tag=eloabder-20&linkCode=osi&th=1&psc=1">View Product</a></div><div class="product"><a href="https://www.amazon.com/dp/B000VXONF4?tag=eloabder-20&linkCode=osi&th=1&psc=1"><img src="https://m.media-amazon.com/images/I/51DxvUPz4nL._SL500_.jpg" alt="Product Image"></a><p>General Pencil 957ABP Compressed Charcoal Sticks 4/Pkg-Black - Soft Assorted</p><p>$6.09 ($1.52 / Count)</p><a href="https://www.amazon.com/dp/B000VXONF4?tag=eloabder-20&linkCode=osi&th=1&psc=1">View Product</a></div><div class="product"><a href="https://www.amazon.com/dp/B0BZSZ2W1B?tag=eloabder-20&linkCode=osi&th=1&psc=1"><img src="https://m.media-amazon.com/images/I/41aJEjrQ16L._SL500_.jpg" alt="Product Image"></a><p>ANNECOSK Willow Charcoal Sticks, 10PCS Willow Charcoal Pencils for Artists Drawing, Sketching</p><p>$7.99</p><a href="https://www.amazon.com/dp/B0BZSZ2W1B?tag=eloabder-20&linkCode=osi&th=1&psc=1">View Product</a></div><div class="product"><a href="https://www.amazon.com/dp/B088K31QB7?tag=eloabder-20&linkCode=osi&th=1&psc=1"><img src="https://m.media-amazon.com/images/I/51giSzQeUzL._SL500_.jpg" alt="Product Image"></a><p>MARKART Professional Charcoal Pencils Drawing Set - 10 Pieces Soft Medium and Hard Charcoal Pencils for Drawing, Sketching, Shading</p><p>$5.99</p><a href="https://www.amazon.com/dp/B088K31QB7?tag=eloabder-20&linkCode=osi&th=1&psc=1">View Product</a></div><div class="product"><a href="https://www.amazon.com/dp/B0CHM9YB18?tag=eloabder-20&linkCode=osi&th=1&psc=1"><img src="https://m.media-amazon.com/images/I/51-cFJewi5L._SL500_.jpg" alt="Product Image"></a><p>PANDAFLY Willow Charcoal Sticks, Soft, Black Artist Vine Charcoal for Artists, Beginners, Students, Great for Sketching, Drawing, Shading and Fine Art, 7-9mm, 25 Pack</p><p>$7.99</p><a href="https://www.amazon.com/dp/B0CHM9YB18?tag=eloabder-20&linkCode=osi&th=1&psc=1">View Product</a></div><div class="product"><a href="https://www.amazon.com/dp/B004O7FFR8?tag=eloabder-20&linkCode=osi&th=1&psc=1"><img src="https://m.media-amazon.com/images/I/51JJnYm-n2L._SL500_.jpg" alt="Product Image"></a><p>Strathmore 300 Series Charcoal Paper Pad, Top Wire Bound, 9x12 inches, 32 Sheets (64lb/95g) - Artist Paper for Adults and Students - Charcoal and Pastel</p><p>$8.86</p><a href="https://www.amazon.com/dp/B004O7FFR8?tag=eloabder-20&linkCode=osi&th=1&psc=1">View Product</a></div><div class="product"><a href="https://www.amazon.com/dp/B09KY8MT2T?tag=eloabder-20&linkCode=osi&th=1&psc=1"><img src="https://m.media-amazon.com/images/I/31buTPEV5IL._SL500_.jpg" alt="Product Image"></a><p>Raven Powders Premium Charcoal Powder for Drawing and Art</p><p>$9.99</p><a href="https://www.amazon.com/dp/B09KY8MT2T?tag=eloabder-20&linkCode=osi&th=1&psc=1">View Product</a></div><div class="product"><a href="https://www.amazon.com/dp/B0021IK626?tag=eloabder-20&linkCode=osi&th=1&psc=1"><img src="https://m.media-amazon.com/images/I/317wgA0GITL._SL500_.jpg" alt="Product Image"></a><p>Winsor & Newton Artist Vine Charcoal Sticks, Soft, Box of 12 Sticks</p><p>$10.56</p><a href="https://www.amazon.com/dp/B0021IK626?tag=eloabder-20&linkCode=osi&th=1&psc=1">View Product</a></div>
<div class="product"><a href="https://www.amazon.com/dp/B0CHF9KZSW?tag=eloabder-20&linkCode=osi&th=1&psc=1"><img src="https://m.media-amazon.com/images/I/61lm2iV1gGL._SL500_.jpg" alt="Product Image"></a><p>KALOUR Professional Charcoal Pencils Drawing Set -12 Pieces Soft, Medium and Hard Charcoal Pencils for Drawing, Sketching, Shading, Artist Pencils for Beginners & Artists</p><p>$5.99</p><a href="https://www.amazon.com/dp/B0CHF9KZSW?tag=eloabder-20&linkCode=osi&th=1&psc=1">View Product</a></div><div class="product"><a href="https://www.amazon.com/dp/B0D41JG73W?tag=eloabder-20&linkCode=osi&th=1&psc=1"><img src="https://m.media-amazon.com/images/I/41K5KaeEE0L._SL500_.jpg" alt="Product Image"></a><p>Aenir White Charcoal Pencils, Pack of 12 Charcoal Drawing Pencils, Charcoal Pencils for Artists, Art Supplies for Drawing and Highlighting, Charcoal Pencils for Drawing, Sketching, Shading & Coloring.</p><p>$7.99</p><a href="https://www.amazon.com/dp/B0D41JG73W?tag=eloabder-20&linkCode=osi&th=1&psc=1">View Product</a></div><div class="product"><a href="https://www.amazon.com/dp/B004BPNUMA?tag=eloabder-20&linkCode=osi&th=1&psc=1"><img src="https://m.media-amazon.com/images/I/41EWfMXntlL._SL500_.jpg" alt="Product Image"></a><p>Peel & Sketch Charcoal Pencils 3/Pkg-</p><p>$6.96</p><a href="https://www.amazon.com/dp/B004BPNUMA?tag=eloabder-20&linkCode=osi&th=1&psc=1">View Product</a></div><div class="product"><a href="https://www.amazon.com/dp/B0C5V1QWPJ?tag=eloabder-20&linkCode=osi&th=1&psc=1"><img src="https://m.media-amazon.com/images/I/51bZBOoKtoL._SL500_.jpg" alt="Product Image"></a><p>Brusarth Charcoal Drawing Set -12 pc Black charcoal pencils, White Charcoal Pencils, Eraser Pencils, Blending Stumps for Drawing, Sketching, Shading, Artist Pencils for Beginners & Artists</p><p>$7.99</p><a href="https://www.amazon.com/dp/B0C5V1QWPJ?tag=eloabder-20&linkCode=osi&th=1&psc=1">View Product</a></div>
<div class="product"><a href="https://www.amazon.com/dp/B001BYK7RA?tag=eloabder-20&linkCode=osi&th=1&psc=1"><img src="https://m.media-amazon.com/images/I/316EZYjc1XL._SL500_.jpg" alt="Product Image"></a><p>Winsor & Newton Artist Vine Charcoal Sticks, Soft, Box of 3 Sticks</p><p>$4.09 ($1.36 / Count)</p><a href="https://www.amazon.com/dp/B001BYK7RA?tag=eloabder-20&linkCode=osi&th=1&psc=1">View Product</a></div>
<div class="product"><a href="https://www.amazon.com/dp/B08LR2TBPG?tag=eloabder-20&linkCode=osi&th=1&psc=1"><img src="https://m.media-amazon.com/images/I/31VBhMwmhTL._SL500_.jpg" alt="Product Image"></a><p>Chipboard Sheets 8.5" x 11" - 100 Sheets of 22 Point Chip Board for Crafts - This Kraft Board is a Great Alternative to MDF Board and Cardboard Sheets</p><p>$19.97</p><a href="https://www.amazon.com/dp/B08LR2TBPG?tag=eloabder-20&linkCode=osi&th=1&psc=1">View Product</a></div><div class="product"><a href="https://www.amazon.com/dp/B079F1FYG3?tag=eloabder-20&linkCode=osi&th=1&psc=1"><img src="https://m.media-amazon.com/images/I/41-kpBNtjSL._SL500_.jpg" alt="Product Image"></a><p>100 Thick Kraft Chipboard (30pt) - 8 1/2" x 11" - Perfect for Scrapbooking, Crafts & Product Backing…</p><p>$19.95</p><a href="https://www.amazon.com/dp/B079F1FYG3?tag=eloabder-20&linkCode=osi&th=1&psc=1">View Product</a></div><div class="product"><a href="https://www.amazon.com/dp/B07BYPGP5H?tag=eloabder-20&linkCode=osi&th=1&psc=1"><img src="https://m.media-amazon.com/images/I/31rUtsWIN5L._SL500_.jpg" alt="Product Image"></a><p>100 Chipboard Sheets 8 x 10 inch - 22pt (point) Light Weight Brown Kraft Cardboard for Scrapbooking & Picture Frame Backing (.022 Caliper Thick) Paper Board | MagicWater Supply</p><p>$21.99</p><a href="https://www.amazon.com/dp/B07BYPGP5H?tag=eloabder-20&linkCode=osi&th=1&psc=1">View Product</a></div><div class="product"><a href="https://www.amazon.com/dp/B07BYP99DJ?tag=eloabder-20&linkCode=osi&th=1&psc=1"><img src="https://m.media-amazon.com/images/I/31EMxvnjGrL._SL500_.jpg" alt="Product Image"></a><p>25 Chipboard Sheets 11 x 17 inch - 50pt (point) Heavy Weight Brown Kraft Cardboard for Scrapbooking & Picture Frame Backing (.050 Caliper Thick) Paper Board | MagicWater Supply</p><p>$26.99</p><a href="https://www.amazon.com/dp/B07BYP99DJ?tag=eloabder-20&linkCode=osi&th=1&psc=1">View Product</a></div><div class="product"><a href="https://www.amazon.com/dp/B07BYFXJDL?tag=eloabder-20&linkCode=osi&th=1&psc=1"><img src="https://m.media-amazon.com/images/I/310RbtxO26L._SL500_.jpg" alt="Product Image"></a><p>100 Chipboard Sheets 5 x 7 inch - 22pt (point) Light Weight Brown Kraft Cardboard for Scrapbooking & Picture Frame Backing (.022 Caliper Thick) Paper Board | MagicWater Supply</p><p>$14.99</p><a href="https://www.amazon.com/dp/B07BYFXJDL?tag=eloabder-20&linkCode=osi&th=1&psc=1">View Product</a></div><div class="product"><a href="https://www.amazon.com/dp/B0B6GK2MFD?tag=eloabder-20&linkCode=osi&th=1&psc=1"><img src="https://m.media-amazon.com/images/I/31-IEV+iYgL._SL500_.jpg" alt="Product Image"></a><p>10 EcoSwift 8.5x11 Chipboard Cardboard Craft Scrapbook Material Scrapbooking Packaging Sheets Shipping Pads Inserts 8 1/2 inch x 11 inch Chip Board</p><p>$4.99</p><a href="https://www.amazon.com/dp/B0B6GK2MFD?tag=eloabder-20&linkCode=osi&th=1&psc=1">View Product</a></div><div class="product"><a href="https://www.amazon.com/dp/B07BYKB2ZL?tag=eloabder-20&linkCode=osi&th=1&psc=1"><img src="https://m.media-amazon.com/images/I/31WIwma4xfL._SL500_.jpg" alt="Product Image"></a><p>Chipboard Sheets 8.5 x 11 inch - 50pt (Point) Heavy Weight Brown Kraft Cardboard for Scrapbooking & Picture Frame Backing (.050 Caliper Thick) Paper Board | MagicWater Supply (Kraft 100 Pack)</p><p>$38.99</p><a href="https://www.amazon.com/dp/B07BYKB2ZL?tag=eloabder-20&linkCode=osi&th=1&psc=1">View Product</a></div><div class="product"><a href="https://www.amazon.com/dp/B00161W6L8?tag=eloabder-20&linkCode=osi&th=1&psc=1"><img src="https://m.media-amazon.com/images/I/41MflHlo3JL._SL500_.jpg" alt="Product Image"></a><p>GRAFIX Natural Medium Weight Chipboard Sheets 8.5"X11" 25/Pkg, 8.5"x11"x0.057", Count</p><p>$15.14 ($0.61 / Count)</p><a href="https://www.amazon.com/dp/B00161W6L8?tag=eloabder-20&linkCode=osi&th=1&psc=1">View Product</a></div><div class="product"><a href="https://www.amazon.com/dp/B0013JRFUA?tag=eloabder-20&linkCode=osi&th=1&psc=1"><img src="https://m.media-amazon.com/images/I/41JzQAJkDoL._SL500_.jpg" alt="Product Image"></a><p>Grafix Medium Weight Acid-Free 0.057” Chipboard Sheets, Create Three-Dimensional Embellishments for Cards, Papercrafts, Mixed Media, Home Décor, and More, 12 x 12, Natural, 25 Count</p><p>$14.51 ($0.58 / Count)</p><a href="https://www.amazon.com/dp/B0013JRFUA?tag=eloabder-20&linkCode=osi&th=1&psc=1">View Product</a></div>








<div class="product"><a href="https://www.amazon.com/dp/B0C2YPJDFL?tag=eloabder-20&linkCode=osi&th=1&psc=1"><img src="https://m.media-amazon.com/images/I/51WB6B3vguL._SL500_.jpg" alt="Product Image"></a><p>Yagol Colored Pencils for Adult Coloring Books, 72 Colored Professional Drawing Pencils, Coloring Pencils for Adults Beginners kids & Pro.</p><p>$9.99</p><a href="https://www.amazon.com/dp/B0C2YPJDFL?tag=eloabder-20&linkCode=osi&th=1&psc=1">View Product</a></div><div class="product"><a href="https://www.amazon.com/dp/B01N09ZDEI?tag=eloabder-20&linkCode=osi&th=1&psc=1"><img src="https://m.media-amazon.com/images/I/51awfumPEiL._SL500_.jpg" alt="Product Image"></a><p>Soucolor 72-Color Colored Pencils for Adult Coloring Books, Back to School Supplies, Soft Core Artist Sketching Drawing Pencils Drawing Supplies, Art Supplies Kit for Adults Kids, Coloring Pencils Set</p><p>$9.99</p><a href="https://www.amazon.com/dp/B01N09ZDEI?tag=eloabder-20&linkCode=osi&th=1&psc=1">View Product</a></div><div class="product"><a href="https://www.amazon.com/dp/B0B772BZ4G?tag=eloabder-20&linkCode=osi&th=1&psc=1"><img src="https://m.media-amazon.com/images/I/41VSyVENyTL._SL500_.jpg" alt="Product Image"></a><p>FUNLAVIE Colored Pencils 48 Coloring Pencils Premium Professional Art Drawing Pencil for Adults Coloring Book</p><p>$9.99</p><a href="https://www.amazon.com/dp/B0B772BZ4G?tag=eloabder-20&linkCode=osi&th=1&psc=1">View Product</a></div><div class="product"><a href="https://www.amazon.com/dp/B0B8MFGW36?tag=eloabder-20&linkCode=osi&th=1&psc=1"><img src="https://m.media-amazon.com/images/I/51umBJsfZDL._SL500_.jpg" alt="Product Image"></a><p>KALOUR Premium Colored Pencils,Set of 120 Colors,Artists Soft Core with Vibrant Color,Ideal for Drawing Sketching Shading,Coloring Pencils for Adults Beginners kids</p><p>$24.99</p><a href="https://www.amazon.com/dp/B0B8MFGW36?tag=eloabder-20&linkCode=osi&th=1&psc=1">View Product</a></div><div class="product"><a href="https://www.amazon.com/dp/B0D5GSMGMG?tag=eloabder-20&linkCode=osi&th=1&psc=1"><img src="https://m.media-amazon.com/images/I/41aprDliB4L._SL500_.jpg" alt="Product Image"></a><p>Colored Pencils for Adult Coloring Books, Set of 72 Color Pencils, Oil-Based Core Drawing Pencils, 3.8mm Soft Leads with Adult Coloring Pencils, Professional Art Supplies for Adults, Beginner and Kids</p><p>$9.99</p><a href="https://www.amazon.com/dp/B0D5GSMGMG?tag=eloabder-20&linkCode=osi&th=1&psc=1">View Product</a></div><div class="product"><a href="https://www.amazon.com/dp/B0CZBPK6L5?tag=eloabder-20&linkCode=osi&th=1&psc=1"><img src="https://m.media-amazon.com/images/I/31Q1khczz5L._SL500_.jpg" alt="Product Image"></a><p>Colored Pencils for Adult Coloring Books, 72 Colors Drawing Pencils with Oil-Based Cores, Professional Art Supplies for Artists, Coloring Pencils for Adults, Color Pencils Set for Beginners and Teens.</p><p>$9.49</p><a href="https://www.amazon.com/dp/B0CZBPK6L5?tag=eloabder-20&linkCode=osi&th=1&psc=1">View Product</a></div>
<div class="product"><a href="https://www.amazon.com/dp/B0BTJRPJHJ?tag=eloabder-20&linkCode=osi&th=1&psc=1"><img src="https://m.media-amazon.com/images/I/61eh6iSlGRL._SL500_.jpg" alt="Product Image"></a><p>READY 2 LEARN Colored Sand - Turquoise - 2.2 lbs - Play Sand for Kids - Perfect for Arts and Crafts, Sensory Bins, Wedding Decorations and Vase Filler</p><p>$9.32</p><a href="https://www.amazon.com/dp/B0BTJRPJHJ?tag=eloabder-20&linkCode=osi&th=1&psc=1">View Product</a></div><div class="product"><a href="https://www.amazon.com/dp/B0BTJWH6L3?tag=eloabder-20&linkCode=osi&th=1&psc=1"><img src="https://m.media-amazon.com/images/I/61OHaobOoGL._SL500_.jpg" alt="Product Image"></a><p>READY 2 LEARN Colored Sand - Light Blue - 2.2 lbs - Play Sand for Kids - Perfect for Wedding Unity Ceremonies, Crafts, Sensory Bins and Vase Filler</p><p>$9.99</p><a href="https://www.amazon.com/dp/B0BTJWH6L3?tag=eloabder-20&linkCode=osi&th=1&psc=1">View Product</a></div><div class="product"><a href="https://www.amazon.com/dp/B00DZS4AA0?tag=eloabder-20&linkCode=osi&th=1&psc=1"><img src="https://m.media-amazon.com/images/I/41htpdoeWSL._SL500_.jpg" alt="Product Image"></a><p>Activa Pink Decorative Colored Sand in Resealable Bag, 5lb (2.27kg) | Fine Grain & Fade-Proof Sand For Arts & Crafts</p><p>$8.99</p><a href="https://www.amazon.com/dp/B00DZS4AA0?tag=eloabder-20&linkCode=osi&th=1&psc=1">View Product</a></div><div class="product"><a href="https://www.amazon.com/dp/B00GNED6YE?tag=eloabder-20&linkCode=osi&th=1&psc=1"><img src="https://m.media-amazon.com/images/I/41T-AKVqV5L._SL500_.jpg" alt="Product Image"></a><p>Sandsational Sparkle Champagne Unity Sand - 1.5 LB (22oz), Beige Colored Sand for Weddings, Vase Filler, Home Décor, Craft Sand, Aquarium Sand, and More</p><p>$15.99</p><a href="https://www.amazon.com/dp/B00GNED6YE?tag=eloabder-20&linkCode=osi&th=1&psc=1">View Product</a></div><div class="product"><a href="https://www.amazon.com/dp/B007VC4F6A?tag=eloabder-20&linkCode=osi&th=1&psc=1"><img src="https://m.media-amazon.com/images/I/51EtMIBeueL._SL500_.jpg" alt="Product Image"></a><p>Sandsational Sparkle Tropic Blue Unity Sand, 1 LB (16 oz), Colored Sand for Weddings, Vase Filler, Home Décor, Craft Sand, Aquarium Sand, and More</p><p>$9.99</p><a href="https://www.amazon.com/dp/B007VC4F6A?tag=eloabder-20&linkCode=osi&th=1&psc=1">View Product</a></div><div class="product"><a href="https://www.amazon.com/dp/B007VC497K?tag=eloabder-20&linkCode=osi&th=1&psc=1"><img src="https://m.media-amazon.com/images/I/51oZOs1VRDL._SL500_.jpg" alt="Product Image"></a><p>Sandsational Sparkle Burnt Orange Unity Sand, 1 LB (16 oz), Colored Sand for Weddings, Vase Filler, Home Décor, Craft Sand, Aquarium Sand, and More</p><p>$9.99</p><a href="https://www.amazon.com/dp/B007VC497K?tag=eloabder-20&linkCode=osi&th=1&psc=1">View Product</a></div><div class="product"><a href="https://www.amazon.com/dp/B004BN9WWY?tag=eloabder-20&linkCode=osi&th=1&psc=1"><img src="https://m.media-amazon.com/images/I/41Hehnr6HkL._SL500_.jpg" alt="Product Image"></a><p>Activa Turquoise Decorative Colored Sand in Resealable Bag, 5lb (2.27kg) | Fine Grain & Fade-Proof Sand For Arts & Crafts</p><p>$17.99 ($0.22 / Ounce)</p><a href="https://www.amazon.com/dp/B004BN9WWY?tag=eloabder-20&linkCode=osi&th=1&psc=1">View Product</a></div><div class="product"><a href="https://www.amazon.com/dp/B007VC4CMM?tag=eloabder-20&linkCode=osi&th=1&psc=1"><img src="https://m.media-amazon.com/images/I/51MDELk9-bL._SL500_.jpg" alt="Product Image"></a><p>Sandsational Sparkle Hazelnut Unity Sand, 1 LB (16 oz), Colored Sand for Weddings, Vase Filler, Home Décor, Craft Sand, Aquarium Sand, and More</p><p>$9.99</p><a href="https://www.amazon.com/dp/B007VC4CMM?tag=eloabder-20&linkCode=osi&th=1&psc=1">View Product</a></div>

<div class="product"><a href="https://www.amazon.com/dp/B0868M9MFP?tag=eloabder-20&linkCode=osi&th=1&psc=1"><img src="https://m.media-amazon.com/images/I/41MathwPKuL._SL500_.jpg" alt="Product Image"></a><p>SIMETUFY 360 Sheets 36 Multicolor Tissue Paper Bulk Gift Wrapping Tissue Paper Decorative Art Rainbow Tissue Paper 11.5in x 8in for Art Craft Floral Birthday Party Festival Tissue Paper Pom Pom</p><p>$6.98 ($0.02 / Count)</p><a href="https://www.amazon.com/dp/B0868M9MFP?tag=eloabder-20&linkCode=osi&th=1&psc=1">View Product</a></div><div class="product"><a href="https://www.amazon.com/dp/B0CZNYNJL3?tag=eloabder-20&linkCode=osi&th=1&psc=1"><img src="https://m.media-amazon.com/images/I/41ZspqqmKpL._SL500_.jpg" alt="Product Image"></a><p>160 Sheets Colored Tissue Paper, Tissue Paper Bulk 14 X 20 Inches Tissue Paper for Gift Bags Wrapping DIY Crafts Wedding Birthday</p><p>$7.99 ($0.03 / Sq Ft)</p><a href="https://www.amazon.com/dp/B0CZNYNJL3?tag=eloabder-20&linkCode=osi&th=1&psc=1">View Product</a></div><div class="product"><a href="https://www.amazon.com/dp/B07QY9FQN2?tag=eloabder-20&linkCode=osi&th=1&psc=1"><img src="https://m.media-amazon.com/images/I/51DR9nknn7L._SL500_.jpg" alt="Product Image"></a><p>120 Sheets Colored Tissue Paper Bulk Wrapping Craft Paper 20 x 26" for Art Gift Tissue Decoration (24 Colors)</p><p>$15.59 ($0.13 / Count)</p><a href="https://www.amazon.com/dp/B07QY9FQN2?tag=eloabder-20&linkCode=osi&th=1&psc=1">View Product</a></div><div class="product"><a href="https://www.amazon.com/dp/B0CWR5FKGQ?tag=eloabder-20&linkCode=osi&th=1&psc=1"><img src="https://m.media-amazon.com/images/I/31iRzSH4cbL._SL500_.jpg" alt="Product Image"></a><p>Hlonon 100 Sheets Colored Tissue Paper 12×20 Inch Tissue Paper Bulk Gift Wrapping for Gift Bags DIY Crafts Birthday Wedding Holidays Decor 10 Colors</p><p>$4.59</p><a href="https://www.amazon.com/dp/B0CWR5FKGQ?tag=eloabder-20&linkCode=osi&th=1&psc=1">View Product</a></div><div class="product"><a href="https://www.amazon.com/dp/B09RXR9SXB?tag=eloabder-20&linkCode=osi&th=1&psc=1"><img src="https://m.media-amazon.com/images/I/51xWE-5f2lL._SL500_.jpg" alt="Product Image"></a><p>120 Sheets Colored Tissue Paper for Gift Bags - 25 Assorted Colors Tissue Paper for Packaging Bulk Colored Tissue Paper for Gift Wrapping -Tissue Paper Bulk for Crafts Large 20 X 26 Sheets</p><p>$13.99 ($0.12 / Count)</p><a href="https://www.amazon.com/dp/B09RXR9SXB?tag=eloabder-20&linkCode=osi&th=1&psc=1">View Product</a></div><div class="product"><a href="https://www.amazon.com/dp/B0BWPNFLXM?tag=eloabder-20&linkCode=osi&th=1&psc=1"><img src="https://m.media-amazon.com/images/I/51KYkgeBLCL._SL500_.jpg" alt="Product Image"></a><p>Colored Tissue Paper for Gift Bags, Colored Tissue Paper for Crafts, Gift Wrapping Tissue Paper Bulk - 375 Sheets in 36 Assorted Colors (12 in x 8.4 in)</p><p>$12.99 ($0.03 / Count)</p><a href="https://www.amazon.com/dp/B0BWPNFLXM?tag=eloabder-20&linkCode=osi&th=1&psc=1">View Product</a></div><div class="product"><a href="https://www.amazon.com/dp/B0D1JYM64F?tag=eloabder-20&linkCode=osi&th=1&psc=1"><img src="https://m.media-amazon.com/images/I/41wvUKH9PbL._SL500_.jpg" alt="Product Image"></a><p>Phinus 6300 Pcs 1 Inch Tissue Paper Squares, Tissue Paper for Crafts, 42 Assorted Colored Tissue Paper, Colors Art Rainbow Tissue Paper Bulk for Crafts, Art Projects, Birthday Party</p><p>$5.99</p><a href="https://www.amazon.com/dp/B0D1JYM64F?tag=eloabder-20&linkCode=osi&th=1&psc=1">View Product</a></div>
<div class="product"><a href="https://www.amazon.com/dp/B085DP36VF?tag=eloabder-20&linkCode=osi&th=1&psc=1"><img src="https://m.media-amazon.com/images/I/516vaNkg0iL._SL500_.jpg" alt="Product Image"></a><p>Soucolor Art Brush Markers Pens for Adult Coloring Books, 34 Colors Numbered Dual Tip (Brush and Fine Point) Marker Pen for Kids Note taking Planner Lettering Calligraphy Drawing Preppy School Stuff</p><p>$9.99</p><a href="https://www.amazon.com/dp/B085DP36VF?tag=eloabder-20&linkCode=osi&th=1&psc=1">View Product</a></div><div class="product"><a href="https://www.amazon.com/dp/B075WQPKNK?tag=eloabder-20&linkCode=osi&th=1&psc=1"><img src="https://m.media-amazon.com/images/I/51EOXvmdwnL._SL500_.jpg" alt="Product Image"></a><p>Dual Brush Marker Pens for Coloring Books, Tanmit Fine Tip Coloring Marker & Brush Pen Set for Journaling Note Taking Writing Planning Art Project</p><p>$7.97</p><a href="https://www.amazon.com/dp/B075WQPKNK?tag=eloabder-20&linkCode=osi&th=1&psc=1">View Product</a></div>
<div class="product"><a href="https://www.amazon.com/dp/B0BWH7CWFW?tag=eloabder-20&linkCode=osi&th=1&psc=1"><img src="https://m.media-amazon.com/images/I/51jUg2AkDyL._SL500_.jpg" alt="Product Image"></a><p>AnyMark 60 Colors Alcohol Markers, Markers Set, Dual Tip Alcohol Based Art Markers for Kids Adults Coloring Drawing, Chisel & Fine</p><p>$19.99 ($0.33 / Count)</p><a href="https://www.amazon.com/dp/B0BWH7CWFW?tag=eloabder-20&linkCode=osi&th=1&psc=1">View Product</a></div><div class="product"><a href="https://www.amazon.com/dp/B07CJ8QXF8?tag=eloabder-20&linkCode=osi&th=1&psc=1"><img src="https://m.media-amazon.com/images/I/51bChi4-H4L._SL500_.jpg" alt="Product Image"></a><p>Dual Markers Brush Pens, 36 Fine Point Art Marker, Double Tip Colored Pen for Adult Coloring Hand Lettering, School Classroom Art Suppliers</p><p>$9.99</p><a href="https://www.amazon.com/dp/B07CJ8QXF8?tag=eloabder-20&linkCode=osi&th=1&psc=1">View Product</a></div><div class="product"><a href="https://www.amazon.com/dp/B0CMLFSJ32?tag=eloabder-20&linkCode=osi&th=1&psc=1"><img src="https://m.media-amazon.com/images/I/51tOlopoSsL._SL500_.jpg" alt="Product Image"></a><p>TOSHARE Double Brush Marker Pens, 72 Colors Art Markers Set with Fine Tip and Brush Tip for Kids Adult Coloring Book Hand Lettering Calligraphy Drawing Art Supplies Kit</p><p>$29.99</p><a href="https://www.amazon.com/dp/B0CMLFSJ32?tag=eloabder-20&linkCode=osi&th=1&psc=1">View Product</a></div><div class="product"><a href="https://www.amazon.com/dp/B0BYD5M7LQ?tag=eloabder-20&linkCode=osi&th=1&psc=1"><img src="https://m.media-amazon.com/images/I/51sfVuA2MJL._SL500_.jpg" alt="Product Image"></a><p>AnyMark 48 Colors Alcohol Markers, Markers Set, Dual Tip Alcohol Based Art Markers for Kids Adults Coloring Drawing, Chisel & Fine</p><p>$12.99 ($0.27 / Count)</p><a href="https://www.amazon.com/dp/B0BYD5M7LQ?tag=eloabder-20&linkCode=osi&th=1&psc=1">View Product</a></div><div class="product"><a href="https://www.amazon.com/dp/B078N2RFJ9?tag=eloabder-20&linkCode=osi&th=1&psc=1"><img src="https://m.media-amazon.com/images/I/415IZ1EQzEL._SL500_.jpg" alt="Product Image"></a><p>MemOffice 80 Colors Dual Tip Artist Alcohol Markers Set with Carrying Case - Perfect for Coloring, Drawing, Sketching, Card Making and Illustration - Perfect for Adults and Kids</p><p>$22.99</p><a href="https://www.amazon.com/dp/B078N2RFJ9?tag=eloabder-20&linkCode=osi&th=1&psc=1">View Product</a></div><div class="product"><a href="https://www.amazon.com/dp/B0891WKPN3?tag=eloabder-20&linkCode=osi&th=1&psc=1"><img src="https://m.media-amazon.com/images/I/51qPnBJt4QL._SL500_.jpg" alt="Product Image"></a><p>Caliart 34 Double Tip Brush Pens Art Markers, Aesthetic Cute Preppy Stuff School Supplies, Artist Fine & Brush Pen Coloring Markers for Kids Adult Book Cards Drawing Craft Kit Teacher Office Supplies</p><p>$9.99</p><a href="https://www.amazon.com/dp/B0891WKPN3?tag=eloabder-20&linkCode=osi&th=1&psc=1">View Product</a></div><div class="product"><a href="https://www.amazon.com/dp/B08GX1FXG5?tag=eloabder-20&linkCode=osi&th=1&psc=1"><img src="https://m.media-amazon.com/images/I/61VK97q6UUL._SL500_.jpg" alt="Product Image"></a><p>Mogyann Markers for Adult 100 Colors Dual Tip Pens with Fine and Brush Tip for Coloring and Calligraphy Drawing</p><p>$26.99</p><a href="https://www.amazon.com/dp/B08GX1FXG5?tag=eloabder-20&linkCode=osi&th=1&psc=1">View Product</a></div>
<div class="product"><a href="https://www.amazon.com/dp/B002LARR8A?tag=eloabder-20&linkCode=osi&th=1&psc=1"><img src="https://m.media-amazon.com/images/I/41G5vXNB91L._SL500_.jpg" alt="Product Image"></a><p>Prang (Formerly SunWorks) Construction Paper, 10 Assorted Colors, 12" x 18", 100 Sheets</p><p>$13.09</p><a href="https://www.amazon.com/dp/B002LARR8A?tag=eloabder-20&linkCode=osi&th=1&psc=1">View Product</a></div><div class="product"><a href="https://www.amazon.com/dp/B001AZ9S6G?tag=eloabder-20&linkCode=osi&th=1&psc=1"><img src="https://m.media-amazon.com/images/I/41kI6AxAEvL._SL500_.jpg" alt="Product Image"></a><p>Prang (Formerly SunWorks) Construction Paper, White, 12" x 18", 50 Sheets</p><p>$6.86</p><a href="https://www.amazon.com/dp/B001AZ9S6G?tag=eloabder-20&linkCode=osi&th=1&psc=1">View Product</a></div>

<div class="product"><a href="https://www.amazon.com/dp/B003JJIEKC?tag=eloabder-20&linkCode=osi&th=1&psc=1"><img src="https://m.media-amazon.com/images/I/51CnC6280iL._SL500_.jpg" alt="Product Image"></a><p>2 Rolls/Pack 7/32 Copper Foil (Copper Backed)</p><p>$24.21</p><a href="https://www.amazon.com/dp/B003JJIEKC?tag=eloabder-20&linkCode=osi&th=1&psc=1">View Product</a></div><div class="product"><a href="https://www.amazon.com/dp/B0CXXD14QS?tag=eloabder-20&linkCode=osi&th=1&psc=1"><img src="https://m.media-amazon.com/images/I/31MLEFbqdaL._SL500_.jpg" alt="Product Image"></a><p>YEZHET 7/32 Inch Black Backed Copper foil for Stained Glass (2Roll)</p><p>$16.99</p><a href="https://www.amazon.com/dp/B0CXXD14QS?tag=eloabder-20&linkCode=osi&th=1&psc=1">View Product</a></div><div class="product"><a href="https://www.amazon.com/dp/B00359QVPG?tag=eloabder-20&linkCode=osi&th=1&psc=1"><img src="https://m.media-amazon.com/images/I/41hRCFiP1dL._SL500_.jpg" alt="Product Image"></a><p>Edco 3/16 Black Backed Copper Foil</p><p>$14.75</p><a href="https://www.amazon.com/dp/B00359QVPG?tag=eloabder-20&linkCode=osi&th=1&psc=1">View Product</a></div><div class="product"><a href="https://www.amazon.com/dp/B004BNDZSG?tag=eloabder-20&linkCode=osi&th=1&psc=1"><img src="https://m.media-amazon.com/images/I/519NZ7L73gL._SL500_.jpg" alt="Product Image"></a><p>Studio Pro 1/4-Inch Black Lined Copper Foil</p><p>$10.90</p><a href="https://www.amazon.com/dp/B004BNDZSG?tag=eloabder-20&linkCode=osi&th=1&psc=1">View Product</a></div><div class="product"><a href="https://www.amazon.com/dp/B0C3Z37LZK?tag=eloabder-20&linkCode=osi&th=1&psc=1"><img src="https://m.media-amazon.com/images/I/41bhh73eatL._SL500_.jpg" alt="Product Image"></a><p>YEZHET Copper Foil Tape 2 Pack (7/32Inch) with Double-Sided Conductive, for Stained Glass, Electrical Repairs, DIY Handicrafts, Paper Circuits, Crafting</p><p>$7.99 ($0.53 / Foot)</p><a href="https://www.amazon.com/dp/B0C3Z37LZK?tag=eloabder-20&linkCode=osi&th=1&psc=1">View Product</a></div><div class="product"><a href="https://www.amazon.com/dp/B00WVKO1LG?tag=eloabder-20&linkCode=osi&th=1&psc=1"><img src="https://m.media-amazon.com/images/I/31J15yH0QGL._SL500_.jpg" alt="Product Image"></a><p>K&S 6020 Metallic Copper Crafting Foil, 0.005" Thick x 12" Width x 30" Long, 1 Piece, Made in The USA</p><p>$14.89</p><a href="https://www.amazon.com/dp/B00WVKO1LG?tag=eloabder-20&linkCode=osi&th=1&psc=1">View Product</a></div>
<div class="product"><a href="https://www.amazon.com/dp/B08YJBQ7WZ?tag=eloabder-20&linkCode=osi&th=1&psc=1"><img src="https://m.media-amazon.com/images/I/51MPyR+wDWL._SL500_.jpg" alt="Product Image"></a><p>45 Color Options Macrame Cord 2mm/3mm/4mm/5mm/6mmx109 Yards Cotton Cord, 4 Ply Twisted Yarn, Natural Perfect Supplies DIY Crafts (Natural White)</p><p>$4.98 ($0.02 / Foot)</p><a href="https://www.amazon.com/dp/B08YJBQ7WZ?tag=eloabder-20&linkCode=osi&th=1&psc=1">View Product</a></div><div class="product"><a href="https://www.amazon.com/dp/B07ZGD2G6B?tag=eloabder-20&linkCode=osi&th=1&psc=1"><img src="https://m.media-amazon.com/images/I/51pexzF494L._SL500_.jpg" alt="Product Image"></a><p>Tenn Well Leather String, 100 Yards 2.6mm Flat Suede Cord, Faux Leather Cord for Jewelry Making, Necklaces, Bracelets, Dream Catchers and DIY Crafts (Brown)</p><p>$9.99 ($0.03 / Foot)</p><a href="https://www.amazon.com/dp/B07ZGD2G6B?tag=eloabder-20&linkCode=osi&th=1&psc=1">View Product</a></div><div class="product"><a href="https://www.amazon.com/dp/B0CQF1LC2R?tag=eloabder-20&linkCode=osi&th=1&psc=1"><img src="https://m.media-amazon.com/images/I/51O0PgsjtpL._SL500_.jpg" alt="Product Image"></a><p>Anezus Rainbow Color Nylon Cord, Nylon Craft String, Silky Satin Rattail Cord Beading String for Braided Bracelets, Pendants Necklace, Macrame Keychains, Lanyards, Drawstring Bags, DIY Crafts, Sewing</p><p>$6.99 ($0.02 / Foot)</p><a href="https://www.amazon.com/dp/B0CQF1LC2R?tag=eloabder-20&linkCode=osi&th=1&psc=1">View Product</a></div><div class="product"><a href="https://www.amazon.com/dp/B0B7J9BZSN?tag=eloabder-20&linkCode=osi&th=1&psc=1"><img src="https://m.media-amazon.com/images/I/41Orf+Dg9FL._SL500_.jpg" alt="Product Image"></a><p>2 mm 330 Feet Satin Nylon Cord String for Jewelry Making Bracelet Necklaces Beading Thread Rattail Macrame Kumihimo Chinese Knot Craft</p><p>$7.99 ($0.02 / Foot)</p><a href="https://www.amazon.com/dp/B0B7J9BZSN?tag=eloabder-20&linkCode=osi&th=1&psc=1">View Product</a></div><div class="product"><a href="https://www.amazon.com/dp/B08PZ2VDPM?tag=eloabder-20&linkCode=osi&th=1&psc=1"><img src="https://m.media-amazon.com/images/I/51DQgq3cfXL._SL500_.jpg" alt="Product Image"></a><p>Tenn Well Nylon Satin Cord, 295 Feet 2mm Black Nylon String for Jewelry Making, Silky Rattail Cord for Bracelets, Necklaces, Macrame Keychains, Lanyards, Beading</p><p>$7.99 ($0.03 / Foot)</p><a href="https://www.amazon.com/dp/B08PZ2VDPM?tag=eloabder-20&linkCode=osi&th=1&psc=1">View Product</a></div><div class="product"><a href="https://www.amazon.com/dp/B07TW9PGGB?tag=eloabder-20&linkCode=osi&th=1&psc=1"><img src="https://m.media-amazon.com/images/I/41C73YuzTWL._SL500_.jpg" alt="Product Image"></a><p>Macrame Cord,3mm x109 Yards 100% Natural Macrame Cords Colored Cotton Macrame Rope Craft Cord for DIY Crafts Knitting Plant Hangers Christmas Wedding Decor(Natural Color/Beige)</p><p>$4.98 ($0.02 / Foot)</p><a href="https://www.amazon.com/dp/B07TW9PGGB?tag=eloabder-20&linkCode=osi&th=1&psc=1">View Product</a></div><div class="product"><a href="https://www.amazon.com/dp/B0CS27R34B?tag=eloabder-20&linkCode=osi&th=1&psc=1"><img src="https://m.media-amazon.com/images/I/31hxjVrOTnL._SL500_.jpg" alt="Product Image"></a><p>2 mm x 330 Feet Satin Nylon Cord, Silky Smooth Nylon String for Jewelry Making Bracelet Necklaces Beading Thread Rattail Macrame Kumihimo Chinese Knot Craft</p><p>$7.99 ($0.02 / Foot)</p><a href="https://www.amazon.com/dp/B0CS27R34B?tag=eloabder-20&linkCode=osi&th=1&psc=1">View Product</a></div><div class="product"><a href="https://www.amazon.com/dp/B07GX8B3PC?tag=eloabder-20&linkCode=osi&th=1&psc=1"><img src="https://m.media-amazon.com/images/I/416oClGC4ZL._SL500_.jpg" alt="Product Image"></a><p>Tenn Well 5mm Macrame Cord, 165Feet Braided Cotton Rope Thick Craft Twine for Macrame Plant Hangers, Wall Hangings, Drawstrings, Clothes Lines, DIY Crafts (Beige)</p><p>$8.99 ($0.05 / Foot)</p><a href="https://www.amazon.com/dp/B07GX8B3PC?tag=eloabder-20&linkCode=osi&th=1&psc=1">View Product</a></div>
<div class="product"><a href="https://www.amazon.com/dp/B08LV18F93?tag=eloabder-20&linkCode=osi&th=1&psc=1"><img src="https://m.media-amazon.com/images/I/51XMGht9fSL._SL500_.jpg" alt="Product Image"></a><p>uxcell 20pcs Corrugated Cardboard Paper Sheets,Colorful,7.87-inch x 11.82-inch,for Craft and DIY Projects</p><p>$12.49 ($0.62 / Count)</p><a href="https://www.amazon.com/dp/B08LV18F93?tag=eloabder-20&linkCode=osi&th=1&psc=1">View Product</a></div><div class="product"><a href="https://www.amazon.com/dp/B009MRH3R0?tag=eloabder-20&linkCode=osi&th=1&psc=1"><img src="https://m.media-amazon.com/images/I/51KvHbQ47aL._SL500_.jpg" alt="Product Image"></a><p>Hygloss Corrugated Cardboard Sheets, 8-Pack, 8 Pieces</p><p>$10.13 ($1.27 / Count)</p><a href="https://www.amazon.com/dp/B009MRH3R0?tag=eloabder-20&linkCode=osi&th=1&psc=1">View Product</a></div><div class="product"><a href="https://www.amazon.com/dp/B08LV1DHM7?tag=eloabder-20&linkCode=osi&th=1&psc=1"><img src="https://m.media-amazon.com/images/I/41CqXQkVMyL._SL500_.jpg" alt="Product Image"></a><p>uxcell 10pcs Corrugated Cardboard Paper Sheets,Black,7.87-inch x 11.84-inch,for Craft and DIY Projects</p><p>$8.09 ($0.81 / Count)</p><a href="https://www.amazon.com/dp/B08LV1DHM7?tag=eloabder-20&linkCode=osi&th=1&psc=1">View Product</a></div><div class="product"><a href="https://www.amazon.com/dp/B07RNHX8GZ?tag=eloabder-20&linkCode=osi&th=1&psc=1"><img src="https://m.media-amazon.com/images/I/51LdlT0J20L._SL500_.jpg" alt="Product Image"></a><p>Bright Creations Corrugated Cardboard Paper Sheets (8.5 x 11 in, Black, 48-Pack)</p><p>$16.99 ($0.35 / Count)</p><a href="https://www.amazon.com/dp/B07RNHX8GZ?tag=eloabder-20&linkCode=osi&th=1&psc=1">View Product</a></div><div class="product"><a href="https://www.amazon.com/dp/B07GZHK7KC?tag=eloabder-20&linkCode=osi&th=1&psc=1"><img src="https://m.media-amazon.com/images/I/51LbINh9qtL._SL500_.jpg" alt="Product Image"></a><p>64 Pack Colored Corrugated Cardboard Sheets for Crafts, Art Projects, DIY Signs, 8 Bright Colors (8.3 x 11.8 in)</p><p>$19.99 ($0.31 / Count)</p><a href="https://www.amazon.com/dp/B07GZHK7KC?tag=eloabder-20&linkCode=osi&th=1&psc=1">View Product</a></div><div class="product"><a href="https://www.amazon.com/dp/B08LV1FW8M?tag=eloabder-20&linkCode=osi&th=1&psc=1"><img src="https://m.media-amazon.com/images/I/41glvw8zT3L._SL500_.jpg" alt="Product Image"></a><p>uxcell 10pcs Corrugated Cardboard Paper Sheets,White,7.87-inch x 11.86-inch,for Craft and DIY Projects</p><p>$9.49 ($0.95 / Count)</p><a href="https://www.amazon.com/dp/B08LV1FW8M?tag=eloabder-20&linkCode=osi&th=1&psc=1">View Product</a></div><div class="product"><a href="https://www.amazon.com/dp/B071KP3K72?tag=eloabder-20&linkCode=osi&th=1&psc=1"><img src="https://m.media-amazon.com/images/I/41Dr9t+PB8L._SL500_.jpg" alt="Product Image"></a><p>Corobuff Corrugated Paper, Brite Blue, 48" x 25', 1 Roll</p><p>$38.52</p><a href="https://www.amazon.com/dp/B071KP3K72?tag=eloabder-20&linkCode=osi&th=1&psc=1">View Product</a></div><div class="product"><a href="https://www.amazon.com/dp/B09TB1LKLG?tag=eloabder-20&linkCode=osi&th=1&psc=1"><img src="https://m.media-amazon.com/images/I/31ttSeubU9L._SL500_.jpg" alt="Product Image"></a><p>MECCANIXITY Corrugated Paper Sheets 25pcs 11.8-inch x 7.87-inch White Cardboard for DIY Craft</p><p>$13.99</p><a href="https://www.amazon.com/dp/B09TB1LKLG?tag=eloabder-20&linkCode=osi&th=1&psc=1">View Product</a></div><div class="product"><a href="https://www.amazon.com/dp/B0C372CGHG?tag=eloabder-20&linkCode=osi&th=1&psc=1"><img src="https://m.media-amazon.com/images/I/41EDnL7EWDL._SL500_.jpg" alt="Product Image"></a><p>DMiotech 5 Pack 7.87x11.81 Inch Corrugated Cardboard Paper Sheets DIY Projects Black for Box Making, Cards, Scrapbooks</p><p>$6.99 ($1.40 / Count)</p><a href="https://www.amazon.com/dp/B0C372CGHG?tag=eloabder-20&linkCode=osi&th=1&psc=1">View Product</a></div>
<div class="product"><a href="https://www.amazon.com/dp/B08PBJSDSH?tag=eloabder-20&linkCode=osi&th=1&psc=1"><img src="https://m.media-amazon.com/images/I/41pj8xbkfyL._SL500_.jpg" alt="Product Image"></a><p>100 Pieces Cotton Spun Paper Balls White Natural Spun Cotton Paper Balls Coloring Paper Balls for Making Paper Flowers DIY Crafts Decorations</p><p>$9.49</p><a href="https://www.amazon.com/dp/B08PBJSDSH?tag=eloabder-20&linkCode=osi&th=1&psc=1">View Product</a></div><div class="product"><a href="https://www.amazon.com/dp/B083W75XRT?tag=eloabder-20&linkCode=osi&th=1&psc=1"><img src="https://m.media-amazon.com/images/I/41C8TlFRJvL._SL500_.jpg" alt="Product Image"></a><p>Lia Griffith Cotton Spun Paper Balls, White, 20mm, 24 Count</p><p>$11.30 ($0.47 / Count)</p><a href="https://www.amazon.com/dp/B083W75XRT?tag=eloabder-20&linkCode=osi&th=1&psc=1">View Product</a></div>
<div class="product"><a href="https://www.amazon.com/dp/B0B1J8TYT1?tag=eloabder-20&linkCode=osi&th=1&psc=1"><img src="https://m.media-amazon.com/images/I/41NdyrANVlL._SL500_.jpg" alt="Product Image"></a><p>HOTGODEN Medium Weight 100% Cotton Muslin Fabric: 63 inch x 2,5,10 Yards Unbleached Muslin Linen Fabric Material for Sewing Material Apparel Cloth</p><p>$12.99</p><a href="https://www.amazon.com/dp/B0B1J8TYT1?tag=eloabder-20&linkCode=osi&th=1&psc=1">View Product</a></div><div class="product"><a href="https://www.amazon.com/dp/B0B9HHD1QM?tag=eloabder-20&linkCode=osi&th=1&psc=1"><img src="https://m.media-amazon.com/images/I/313O1FHX2vL._SL500_.jpg" alt="Product Image"></a><p>Craftido-19 Options-100% Cotton Fabric by The yard in Solid Color 44”Wide by 3yd (9 ft) -Medium Weight 5.2 oz- for Quilting, Sewing, Crafts, Binding, Backing and Lining - White</p><p>$22.99</p><a href="https://www.amazon.com/dp/B0B9HHD1QM?tag=eloabder-20&linkCode=osi&th=1&psc=1">View Product</a></div><div class="product"><a href="https://www.amazon.com/dp/B0BHVMLTWV?tag=eloabder-20&linkCode=osi&th=1&psc=1"><img src="https://m.media-amazon.com/images/I/21vOg9h0nXL._SL500_.jpg" alt="Product Image"></a><p>HOTGODEN Light Weight 100% Cotton Muslin Fabric: 63 inch x 2,5,10 Yards Unbleached Muslin Linen Fabric Material for Sewing Material Apparel Cloth</p><p>$12.99</p><a href="https://www.amazon.com/dp/B0BHVMLTWV?tag=eloabder-20&linkCode=osi&th=1&psc=1">View Product</a></div><div class="product"><a href="https://www.amazon.com/dp/B093BQ3GMM?tag=eloabder-20&linkCode=osi&th=1&psc=1"><img src="https://m.media-amazon.com/images/I/61UmpTb+DVS._SL500_.jpg" alt="Product Image"></a><p>42Pcs 10"x10" Quilting Cotton Fabric Squares Sheets Pre-Cut Multi-Color Design Printed Floral Craft Fabric for DIY Sewing Scrapbooking Quilting Craft Patchwork (Red/Pink/Yellow/Green/Blue/Purple)</p><p>$12.88</p><a href="https://www.amazon.com/dp/B093BQ3GMM?tag=eloabder-20&linkCode=osi&th=1&psc=1">View Product</a></div><div class="product"><a href="https://www.amazon.com/dp/B08DTBZTFC?tag=eloabder-20&linkCode=osi&th=1&psc=1"><img src="https://m.media-amazon.com/images/I/41NKhg34TpL._SL500_.jpg" alt="Product Image"></a><p>Master FAB -Black 100% Cotton Fabric by The Yard for Sewing DIY Crafting Fashion Design Washable Cloth Bundles Voile;Full Width cuttable39 x 55inches (100x140cm) (Black Solid)</p><p>$9.99</p><a href="https://www.amazon.com/dp/B08DTBZTFC?tag=eloabder-20&linkCode=osi&th=1&psc=1">View Product</a></div>
<div class="product"><a href="https://www.amazon.com/dp/B08TZZ7F3P?tag=eloabder-20&linkCode=osi&th=1&psc=1"><img src="https://m.media-amazon.com/images/I/41J8e8Zfz1S._SL500_.jpg" alt="Product Image"></a><p>Hdviai Macrame Cord - Natural Unbleached Macrame Rope - 4 Strand Twisted Cotton Rope for Wall Hanging，DIY Craft Making，Plant Hangers，Knotting Decorative Projects (White, 8mm x 20 Yards)</p><p>$9.99 ($0.17 / Foot)</p><a href="https://www.amazon.com/dp/B08TZZ7F3P?tag=eloabder-20&linkCode=osi&th=1&psc=1">View Product</a></div><div class="product"><a href="https://www.amazon.com/dp/B094Y2M3G5?tag=eloabder-20&linkCode=osi&th=1&psc=1"><img src="https://m.media-amazon.com/images/I/51C-4p5OSsS._SL500_.jpg" alt="Product Image"></a><p>SEMINI 100% Natural Cotton Cord,5mm x40 Yard Mixed Color Twine String Cord Colored Cotton Rope Craft Cord for DIY Crafts Knitting Plant Hangers Christmas Wedding Decorate (Mix Color)</p><p>$12.99</p><a href="https://www.amazon.com/dp/B094Y2M3G5?tag=eloabder-20&linkCode=osi&th=1&psc=1">View Product</a></div><div class="product"><a href="https://www.amazon.com/dp/B07NTT82FH?tag=eloabder-20&linkCode=osi&th=1&psc=1"><img src="https://m.media-amazon.com/images/I/41aw9F3nkmL._SL500_.jpg" alt="Product Image"></a><p>Feelmate 6mm x 164 Feet Cotton Rope Macrame Cord for Crafts Jewelry Making Home Decoration Gift Wrapping</p><p>$14.99 ($0.09 / Foot)</p><a href="https://www.amazon.com/dp/B07NTT82FH?tag=eloabder-20&linkCode=osi&th=1&psc=1">View Product</a></div><div class="product"><a href="https://www.amazon.com/dp/B09KRYCT3B?tag=eloabder-20&linkCode=osi&th=1&psc=1"><img src="https://m.media-amazon.com/images/I/41H918apC-L._SL500_.jpg" alt="Product Image"></a><p>Natural Cotton Rope, JEUIHAU 328 Feet 1/4 Inch Cotton Clothesline Rope, All-Purpose Braided Cotton Rope Utility Cord for Clothes Hanging, Crafting, Macrame, Basket Making, and DIY Art Projects</p><p>$25.99 ($0.08 / Foot)</p><a href="https://www.amazon.com/dp/B09KRYCT3B?tag=eloabder-20&linkCode=osi&th=1&psc=1">View Product</a></div>
<div class="product"><a href="https://www.amazon.com/dp/B07RRD6TBN?tag=eloabder-20&linkCode=osi&th=1&psc=1"><img src="https://m.media-amazon.com/images/I/31YqtfxjDuL._SL500_.jpg" alt="Product Image"></a><p>Connecting Threads 100% Cotton Thread - 1200 Yard Spool (White)</p><p>$8.99</p><a href="https://www.amazon.com/dp/B07RRD6TBN?tag=eloabder-20&linkCode=osi&th=1&psc=1">View Product</a></div><div class="product"><a href="https://www.amazon.com/dp/B07G4N3HCZ?tag=eloabder-20&linkCode=osi&th=1&psc=1"><img src="https://m.media-amazon.com/images/I/413UnNketKL._SL500_.jpg" alt="Product Image"></a><p>2-Pack - Gutermann Natural Cotton Thread Solids 876 Yards Each - White (800C 5709)</p><p>$16.17 ($8.08 / Count)</p><a href="https://www.amazon.com/dp/B07G4N3HCZ?tag=eloabder-20&linkCode=osi&th=1&psc=1">View Product</a></div><div class="product"><a href="https://www.amazon.com/dp/B07RSFSYLY?tag=eloabder-20&linkCode=osi&th=1&psc=1"><img src="https://m.media-amazon.com/images/I/31dM1Mx2uIL._SL500_.jpg" alt="Product Image"></a><p>Connecting Threads 100% Cotton Essential Thread 5000 Yard Cone (White)</p><p>$16.99</p><a href="https://www.amazon.com/dp/B07RSFSYLY?tag=eloabder-20&linkCode=osi&th=1&psc=1">View Product</a></div><div class="product"><a href="https://www.amazon.com/dp/B074H1JTPK?tag=eloabder-20&linkCode=osi&th=1&psc=1"><img src="https://m.media-amazon.com/images/I/41tOL4rkfFL._SL500_.jpg" alt="Product Image"></a><p>Simthread 12 Multi Colors 100% Cotton Sewing Thread 50s/3 Thread for Quilting etc - 550 Yards Each 12C02</p><p>$21.99 ($0.00 / Foot)</p><a href="https://www.amazon.com/dp/B074H1JTPK?tag=eloabder-20&linkCode=osi&th=1&psc=1">View Product</a></div><div class="product"><a href="https://www.amazon.com/dp/B07RPCNYXW?tag=eloabder-20&linkCode=osi&th=1&psc=1"><img src="https://m.media-amazon.com/images/I/41iUqMPb-gL._SL500_.jpg" alt="Product Image"></a><p>Connecting Threads 100% Cotton Thread - 1200 Yard Spool (Red)</p><p>$8.99</p><a href="https://www.amazon.com/dp/B07RPCNYXW?tag=eloabder-20&linkCode=osi&th=1&psc=1">View Product</a></div>
<div class="product"><a href="https://www.amazon.com/dp/B09SL5LT8W?tag=eloabder-20&linkCode=osi&th=1&psc=1"><img src="https://m.media-amazon.com/images/I/512Dhz0oTrL._SL500_.jpg" alt="Product Image"></a><p>B-7000 Glue Clear for Rhinestone Crafts, Jewelry and Bead Adhesive B7000 Semi Fluid High Viscosity Glues for Clothes Shoes Fabric Cell Phones Screen Repair Metal Stone Nail Art Glass (4x15 ml/0.5 oz)</p><p>$5.45</p><a href="https://www.amazon.com/dp/B09SL5LT8W?tag=eloabder-20&linkCode=osi&th=1&psc=1">View Product</a></div><div class="product"><a href="https://www.amazon.com/dp/B00178KLEY?tag=eloabder-20&linkCode=osi&th=1&psc=1"><img src="https://m.media-amazon.com/images/I/31wcgL5xRkL._SL500_.jpg" alt="Product Image"></a><p>Aleene's All Purpose Tacky Glue, 8-Ounce</p><p>$2.44 ($0.30 / Fl Oz)</p><a href="https://www.amazon.com/dp/B00178KLEY?tag=eloabder-20&linkCode=osi&th=1&psc=1">View Product</a></div><div class="product"><a href="https://www.amazon.com/dp/B088NN5GD8?tag=eloabder-20&linkCode=osi&th=1&psc=1"><img src="https://m.media-amazon.com/images/I/417dgxV3dfL._SL500_.jpg" alt="Product Image"></a><p>Bearly Art Precision Craft Glue - The Mini - 2fl oz with Tip Kit - Acid Free Archival - Strong Hold Adhesive - Ideal for Fine Paper Crafting Scrapbooking and Card Making - Made in USA</p><p>$12.99</p><a href="https://www.amazon.com/dp/B088NN5GD8?tag=eloabder-20&linkCode=osi&th=1&psc=1">View Product</a></div><div class="product"><a href="https://www.amazon.com/dp/B000BY6THS?tag=eloabder-20&linkCode=osi&th=1&psc=1"><img src="https://m.media-amazon.com/images/I/41WhjtET6sL._SL500_.jpg" alt="Product Image"></a><p>Aleene's Clear Gel Tacky Glue 4oz</p><p>$2.33</p><a href="https://www.amazon.com/dp/B000BY6THS?tag=eloabder-20&linkCode=osi&th=1&psc=1">View Product</a></div><div class="product"><a href="https://www.amazon.com/dp/B00KD6ZHA4?tag=eloabder-20&linkCode=osi&th=1&psc=1"><img src="https://m.media-amazon.com/images/I/31oecXt0Q+L._SL500_.jpg" alt="Product Image"></a><p>Aleene's Gel Glue, 8-Ounce, Clear</p><p>$4.44 ($0.56 / Fl Oz)</p><a href="https://www.amazon.com/dp/B00KD6ZHA4?tag=eloabder-20&linkCode=osi&th=1&psc=1">View Product</a></div><div class="product"><a href="https://www.amazon.com/dp/B07Y6RWHP1?tag=eloabder-20&linkCode=osi&th=1&psc=1"><img src="https://m.media-amazon.com/images/I/41B6C8VaOWL._SL500_.jpg" alt="Product Image"></a><p>Bearly Art Precision Craft Glue - The Original - 4fl oz - Tip Kit Included - Dries Clear - Metal Tip - Wrinkle Resistant - Flexible and Crack Resistant - Strong Hold Adhesive - Made in USA</p><p>$19.99 ($5.00 / Fl Oz)</p><a href="https://www.amazon.com/dp/B07Y6RWHP1?tag=eloabder-20&linkCode=osi&th=1&psc=1">View Product</a></div><div class="product"><a href="https://www.amazon.com/dp/B0D1BYTYWD?tag=eloabder-20&linkCode=osi&th=1&psc=1"><img src="https://m.media-amazon.com/images/I/41P6pr3DnTL._SL500_.jpg" alt="Product Image"></a><p>Joez Wonderful 6 Sheets Foam Adhesive Squares, 990pcs Total Double Sided Self Adhesive Dots, Precut Squares Strips Foam Tape for DIY Arts & Crafts, 2 Sizes (0.47in/12mm, 0.24in/6mm)</p><p>$5.59</p><a href="https://www.amazon.com/dp/B0D1BYTYWD?tag=eloabder-20&linkCode=osi&th=1&psc=1">View Product</a></div><div class="product"><a href="https://www.amazon.com/dp/B001683NAO?tag=eloabder-20&linkCode=osi&th=1&psc=1"><img src="https://m.media-amazon.com/images/I/31cwr-m138L._SL500_.jpg" alt="Product Image"></a><p>BEACON 3-in-1 Advanced Craft Glue - Fast-Drying, Crystal Clear Adhesive for Wood, Ceramics, Fabrics, and More, 4-Ounce</p><p>$8.99 ($2.25 / Fl Oz)</p><a href="https://www.amazon.com/dp/B001683NAO?tag=eloabder-20&linkCode=osi&th=1&psc=1">View Product</a></div><div class="product"><a href="https://www.amazon.com/dp/B0C5CB2KCT?tag=eloabder-20&linkCode=osi&th=1&psc=1"><img src="https://m.media-amazon.com/images/I/51GvFpuq9BL._SL500_.jpg" alt="Product Image"></a><p>B-7000 Craft Glue for Jewelry Making - 15ml/0.5oz (2 Pack) - Multi-Function B-7000 Super Adhesive Glues Liquid Fusion Glue for Rhinestones Crafts, Clothes Shoes, Fabric, Jewelry Making, Cell Phones</p><p>$5.99</p><a href="https://www.amazon.com/dp/B0C5CB2KCT?tag=eloabder-20&linkCode=osi&th=1&psc=1">View Product</a></div><div class="product"><a href="https://www.amazon.com/dp/B0011N832C?tag=eloabder-20&linkCode=osi&th=1&psc=1"><img src="https://m.media-amazon.com/images/I/41VYA3-u1QL._SL500_.jpg" alt="Product Image"></a><p>Glue Dots, Craft Dots, Double-Sided, 1/2", .5 Inch, 200 Dots, DIY Craft Glue Tape, Sticky Adhesive Glue Points, Liquid Hot Glue Alternative, Clear</p><p>$4.88 ($0.02 / Count)</p><a href="https://www.amazon.com/dp/B0011N832C?tag=eloabder-20&linkCode=osi&th=1&psc=1">View Product</a></div>
<div class="product"><a href="https://www.amazon.com/dp/B07V3HLBVF?tag=eloabder-20&linkCode=osi&th=1&psc=1"><img src="https://m.media-amazon.com/images/I/41siDRjPEoL._SL500_.jpg" alt="Product Image"></a><p>bagmad 100 Pack 8x4.75x10 inch Plain Medium Paper Bags with Handles Bulk, Brown Kraft Bags, Craft Gift Bags, Grocery Shopping Retail Bags, Birthday Party Favors Wedding Bags Sacks (Brown, 100pcs)</p><p>$26.46 ($0.26 / Count)</p><a href="https://www.amazon.com/dp/B07V3HLBVF?tag=eloabder-20&linkCode=osi&th=1&psc=1">View Product</a></div><div class="product"><a href="https://www.amazon.com/dp/B07MLM81VG?tag=eloabder-20&linkCode=osi&th=1&psc=1"><img src="https://m.media-amazon.com/images/I/31j9z9qZ3mL._SL500_.jpg" alt="Product Image"></a><p>Qutuus Kraft Paper Bags with Handles Bulk 8x4.5x10 100 pcs Brown Paper Gift Bags Bulk Medium Size Kraft Bags, Brown Bags, Shopping Bags, Retail Bags, Craft Bags for Small Business</p><p>$25.99</p><a href="https://www.amazon.com/dp/B07MLM81VG?tag=eloabder-20&linkCode=osi&th=1&psc=1">View Product</a></div><div class="product"><a href="https://www.amazon.com/dp/B0CJ8PHN2Z?tag=eloabder-20&linkCode=osi&th=1&psc=1"><img src="https://m.media-amazon.com/images/I/41e7VEiBNIL._SL500_.jpg" alt="Product Image"></a><p>100 Pack 5.8x3.2x8.25 Inch Brown Kraft Paper Gift Bags with Handles - Bulk Small Plain Natural Bags for Birthday Party Favors, Grocery, Retail Shopping, Wedding, Craft, Goody, Takeouts, and Business</p><p>$18.99</p><a href="https://www.amazon.com/dp/B0CJ8PHN2Z?tag=eloabder-20&linkCode=osi&th=1&psc=1">View Product</a></div><div class="product"><a href="https://www.amazon.com/dp/B0BWMY43TD?tag=eloabder-20&linkCode=osi&th=1&psc=1"><img src="https://m.media-amazon.com/images/I/41FVul0hWRL._SL500_.jpg" alt="Product Image"></a><p>Brothersbox Brown Paper Bags with Handles Bulk 100PCS Kraft Paper Bags, 8 * 4.76 * 10 Inch Medium Craft Paper Gift Bags for Birthday Party Grocery Retail Shopping Business</p><p>$24.99</p><a href="https://www.amazon.com/dp/B0BWMY43TD?tag=eloabder-20&linkCode=osi&th=1&psc=1">View Product</a></div><div class="product"><a href="https://www.amazon.com/dp/B0C13GRG4D?tag=eloabder-20&linkCode=osi&th=1&psc=1"><img src="https://m.media-amazon.com/images/I/41L33B24HtL._SL500_.jpg" alt="Product Image"></a><p>Toovip 90 Pack Plain Brown Kraft Paper Bags with Handles Bulk, Multiple 3 Assorted Sizes Gift Bags for Favors Grocery Retail Party Birthday Shopping Business Goody Craft Merchandise Take Out Sacks</p><p>$26.99 ($0.30 / Count)</p><a href="https://www.amazon.com/dp/B0C13GRG4D?tag=eloabder-20&linkCode=osi&th=1&psc=1">View Product</a></div><div class="product"><a href="https://www.amazon.com/dp/B09Z2N3QKT?tag=eloabder-20&linkCode=osi&th=1&psc=1"><img src="https://m.media-amazon.com/images/I/416VQ3Ke3PL._SL500_.jpg" alt="Product Image"></a><p>Moretoes 40pcs Brown Paper Bags with Handles Assorted Size Gift Bags, Kraft Paper Bags, Paper Shopping Bags, Craft Bags, Merchandise Bags</p><p>$20.99</p><a href="https://www.amazon.com/dp/B09Z2N3QKT?tag=eloabder-20&linkCode=osi&th=1&psc=1">View Product</a></div><div class="product"><a href="https://www.amazon.com/dp/B0CHMTKBWS?tag=eloabder-20&linkCode=osi&th=1&psc=1"><img src="https://m.media-amazon.com/images/I/31QBYQW7LOL._SL500_.jpg" alt="Product Image"></a><p>Oikss 100 Pack 10x5x13 Plain Natural Brown Kraft Paper Bags with Handles Bulk for Birthday Party Favors Grocery Retail Shopping Business Goody Recycled Craft Gift Bags (Large Size, 100 Count)</p><p>$30.99</p><a href="https://www.amazon.com/dp/B0CHMTKBWS?tag=eloabder-20&linkCode=osi&th=1&psc=1">View Product</a></div><div class="product"><a href="https://www.amazon.com/dp/B0CRD6RXP3?tag=eloabder-20&linkCode=osi&th=1&psc=1"><img src="https://m.media-amazon.com/images/I/51lEnA2mgNL._SL500_.jpg" alt="Product Image"></a><p>XPCARE 100Pack Brown Paper Bags 8x4.5x10 Inch, Plain Medium Paper Bags with Handles Bulk, Kraft Paper Gift Bags, Retail Bags, Party Bags, Shopping Bags, Favor Bags</p><p>$19.99</p><a href="https://www.amazon.com/dp/B0CRD6RXP3?tag=eloabder-20&linkCode=osi&th=1&psc=1">View Product</a></div><div class="product"><a href="https://www.amazon.com/dp/B07V3J3Y5V?tag=eloabder-20&linkCode=osi&th=1&psc=1"><img src="https://m.media-amazon.com/images/I/41wn1f3QStL._SL500_.jpg" alt="Product Image"></a><p>bagmad 100 Pack 5.25x3.25x8 inch Brown Small Paper Bags with Handles Bulk, Gift Paper Bags, Kraft Birthday Party Favors Grocery Retail Shopping Craft Bags Takeouts Business (Plain Natural 100pcs)</p><p>$20.99 ($0.21 / Count)</p><a href="https://www.amazon.com/dp/B07V3J3Y5V?tag=eloabder-20&linkCode=osi&th=1&psc=1">View Product</a></div><div class="product"><a href="https://www.amazon.com/dp/B09HBN5248?tag=eloabder-20&linkCode=osi&th=1&psc=1"><img src="https://m.media-amazon.com/images/I/41iWymlepRL._SL500_.jpg" alt="Product Image"></a><p>Oikss 100 Pack 5.25x3.25x8.25 Inch Small Plain Natural Paper Kraft Gift Bags with Handles Bulk for Birthday Party Favors Grocery Retail Shopping Business Goody Craft Bags Cub (Brown 100 Count)</p><p>$20.99 ($0.21 / Count)</p><a href="https://www.amazon.com/dp/B09HBN5248?tag=eloabder-20&linkCode=osi&th=1&psc=1">View Product</a></div>
<div class="product"><a href="https://www.amazon.com/dp/B09C1YL7RQ?tag=eloabder-20&linkCode=osi&th=1&psc=1"><img src="https://m.media-amazon.com/images/I/615lFU8obCL._SL500_.jpg" alt="Product Image"></a><p>1000+ pcs Pony Beads, Multi-Colored Bracelet Beads for Hair Braids, Crafts, Plastic Beads (Medium Pack, Classic)…</p><p>$6.99 ($0.01 / Count)</p><a href="https://www.amazon.com/dp/B09C1YL7RQ?tag=eloabder-20&linkCode=osi&th=1&psc=1">View Product</a></div>
<div class="product"><a href="https://www.amazon.com/dp/B0C1RC5Y7F?tag=eloabder-20&linkCode=osi&th=1&psc=1"><img src="https://m.media-amazon.com/images/I/41Sf-YEnE+L._SL500_.jpg" alt="Product Image"></a><p>PerkHomy Brown Kraft Paper Roll 17.5" x 1,200" (100') for Gift Wrapping Bulletin Board Kids Craft Art Bouquet Flower Packing Moving Shipping Floor Covering Table 70GSM 50LB (Brown, 17.5" x 100')</p><p>$5.98</p><a href="https://www.amazon.com/dp/B0C1RC5Y7F?tag=eloabder-20&linkCode=osi&th=1&psc=1">View Product</a></div>
<div class="product"><a href="https://www.amazon.com/dp/B0044SA67G?tag=eloabder-20&linkCode=osi&th=1&psc=1"><img src="https://m.media-amazon.com/images/I/51UEqn6-w3L._SL500_.jpg" alt="Product Image"></a><p>Hygloss Products - 77640 Colorful Blank Books – Books for Journaling, Sketching, Writing & More – Great for Arts & Crafts - 10 Assorted Bright, Fun Colors - Pocket-Size - 4.25 x 5.5 Inches - 10 Pack</p><p>$8.18 ($0.82 / Count)</p><a href="https://www.amazon.com/dp/B0044SA67G?tag=eloabder-20&linkCode=osi&th=1&psc=1">View Product</a></div><div class="product"><a href="https://www.amazon.com/dp/B09WQCHK3M?tag=eloabder-20&linkCode=osi&th=1&psc=1"><img src="https://m.media-amazon.com/images/I/61JMYPiYGRL._SL500_.jpg" alt="Product Image"></a><p>Aigybobo Origami Paper Set, 308PCS Kids Craft Paper Kit with Instructional Book for Girls Age 6,7,8,9,10,11,12, Art Projects Supplies for School Class Craft Lessons- Christmas Gifts for Boys&Girls</p><p>$12.99</p><a href="https://www.amazon.com/dp/B09WQCHK3M?tag=eloabder-20&linkCode=osi&th=1&psc=1">View Product</a></div><div class="product"><a href="https://www.amazon.com/dp/B00I7E56NC?tag=eloabder-20&linkCode=osi&th=1&psc=1"><img src="https://m.media-amazon.com/images/I/21cxSReF5yL._SL500_.jpg" alt="Product Image"></a><p>Hygloss Products White Blank Books – Great Books for Journaling, Sketching, Writing & More – Fun for Arts & Crafts - Pocket-size - 4.25 x 5.5 Inches - 10 Pack</p><p>$13.00</p><a href="https://www.amazon.com/dp/B00I7E56NC?tag=eloabder-20&linkCode=osi&th=1&psc=1">View Product</a></div><div class="product"><a href="https://www.amazon.com/dp/B07YGRCXVT?tag=eloabder-20&linkCode=osi&th=1&psc=1"><img src="https://m.media-amazon.com/images/I/51Oxy0SqbES._SL500_.jpg" alt="Product Image"></a><p>Origami Paper | 350 Origami Paper Kit | Set Includes - 300 Sheets 20 Colors 6x6 | 50 Traditional Japanese Patterns | Origami Book 25 Easy Colored Projects | Kids Crafts | Christmas Gifts for boys 8-12</p><p>$17.99</p><a href="https://www.amazon.com/dp/B07YGRCXVT?tag=eloabder-20&linkCode=osi&th=1&psc=1">View Product</a></div><div class="product"><a href="https://www.amazon.com/dp/B07VDCVN3T?tag=eloabder-20&linkCode=osi&th=1&psc=1"><img src="https://m.media-amazon.com/images/I/516u8vopNML._SL500_.jpg" alt="Product Image"></a><p>Gamenote Colorful Origami Kit for Kids 54 Projects 120 Double Sided Origami Paper 12 Sheets Practice Papers Instructional Origami Book Origami Gift for 4+ Girls Boys Adult Beginners Training Craft</p><p>$11.99</p><a href="https://www.amazon.com/dp/B07VDCVN3T?tag=eloabder-20&linkCode=osi&th=1&psc=1">View Product</a></div>



<div class="product"><a href="https://www.amazon.com/dp/B01GCLS32M?tag=eloabder-20&linkCode=osi&th=1&psc=1"><img src="https://m.media-amazon.com/images/I/51xf1ALKGyL._SL500_.jpg" alt="Product Image"></a><p>42pcs Felt Fabric Sheet 4"x4" Assorted Color DIY Craft Squares Nonwoven 1mm Thick</p><p>$6.68</p><a href="https://www.amazon.com/dp/B01GCLS32M?tag=eloabder-20&linkCode=osi&th=1&psc=1">View Product</a></div><div class="product"><a href="https://www.amazon.com/dp/B0CY56NFL7?tag=eloabder-20&linkCode=osi&th=1&psc=1"><img src="https://m.media-amazon.com/images/I/51jZtTDxNCL._SL500_.jpg" alt="Product Image"></a><p>XSEINO 12 Rolls 8"x35"(20.5x90cm) 1.4mm Thick Soft Felt Fabric Sheet 12 Assorted Colors Felt Pack for DIY Craft Sewing Squares Nonwoven Patchwork</p><p>$11.99</p><a href="https://www.amazon.com/dp/B0CY56NFL7?tag=eloabder-20&linkCode=osi&th=1&psc=1">View Product</a></div><div class="product"><a href="https://www.amazon.com/dp/B07VHMT14L?tag=eloabder-20&linkCode=osi&th=1&psc=1"><img src="https://m.media-amazon.com/images/I/61DSrnEAvjL._SL500_.jpg" alt="Product Image"></a><p>150Pcs 4" x 4" (10cm x 10cm) Cotton Craft Fabric Bundle Squares,Squares Sheets Patchwork,Pre-Cut Quilt Squares,DIY Sewing Quarters Bundle,Quilting Fabric Bundles</p><p>$9.99</p><a href="https://www.amazon.com/dp/B07VHMT14L?tag=eloabder-20&linkCode=osi&th=1&psc=1">View Product</a></div><div class="product"><a href="https://www.amazon.com/dp/B08GJHYMGN?tag=eloabder-20&linkCode=osi&th=1&psc=1"><img src="https://m.media-amazon.com/images/I/51wD1FT1eeL._SL500_.jpg" alt="Product Image"></a><p>50pcs 8 x 8 inches Multicolor Cotton Fabric Bundle Squares for Quilting Sewing, Precut Fabric Squares for Craft Patchwork</p><p>$13.77</p><a href="https://www.amazon.com/dp/B08GJHYMGN?tag=eloabder-20&linkCode=osi&th=1&psc=1">View Product</a></div><div class="product"><a href="https://www.amazon.com/dp/B0C6K98T96?tag=eloabder-20&linkCode=osi&th=1&psc=1"><img src="https://m.media-amazon.com/images/I/51M-+hitpAL._SL500_.jpg" alt="Product Image"></a><p>42pcs 6 x 6 inches Felt Fabric Sheets - Fabrics DIY Craftwork Sewing Patchwork, Felt Crafts Assorted Colour Polyester Felt Sheet for Art and Craft</p><p>$4.99</p><a href="https://www.amazon.com/dp/B0C6K98T96?tag=eloabder-20&linkCode=osi&th=1&psc=1">View Product</a></div><div class="product"><a href="https://www.amazon.com/dp/B0C9BYD9ND?tag=eloabder-20&linkCode=osi&th=1&psc=1"><img src="https://m.media-amazon.com/images/I/418r7XqmEKL._SL500_.jpg" alt="Product Image"></a><p>40Pcs Felt Fabric Sheets - 4x4 inch DIY Craft Felt, 1mm Thick Non-Woven Patchwork Material for School Projects & Decoration - 40 Assorted Colors (10 x 10cm)</p><p>$4.99</p><a href="https://www.amazon.com/dp/B0C9BYD9ND?tag=eloabder-20&linkCode=osi&th=1&psc=1">View Product</a></div><div class="product"><a href="https://www.amazon.com/dp/B0BWRN4RHP?tag=eloabder-20&linkCode=osi&th=1&psc=1"><img src="https://m.media-amazon.com/images/I/51HHQcV3njL._SL500_.jpg" alt="Product Image"></a><p>Large Stiff Felt Sheets Bundle: LOTOFUN 10pcs 8x35Inch Assorted Rainbow Color Felts Sheet for Kids Crafts Squares Nonwoven Patchwork DIY Sewing</p><p>$11.99</p><a href="https://www.amazon.com/dp/B0BWRN4RHP?tag=eloabder-20&linkCode=osi&th=1&psc=1">View Product</a></div>
<div class="product"><a href="https://www.amazon.com/dp/B003U6QIUC?tag=eloabder-20&linkCode=osi&th=1&psc=1"><img src="https://m.media-amazon.com/images/I/51PyPJgIPlL._SL500_.jpg" alt="Product Image"></a><p>School Smart 85836 Maribu Feathers - 1/2 Ounce - Set of 150 - Assorted Colors</p><p>$3.52</p><a href="https://www.amazon.com/dp/B003U6QIUC?tag=eloabder-20&linkCode=osi&th=1&psc=1">View Product</a></div>
<div class="product"><a href="https://www.amazon.com/dp/B089DPDYKV?tag=eloabder-20&linkCode=osi&th=1&psc=1"><img src="https://m.media-amazon.com/images/I/51L58by1dXL._SL500_.jpg" alt="Product Image"></a><p>Better Office Products 100 Pack EVA Foam Sheets, 5.5 x 8.5 Inch, Assorted Colors (20 Colors), 2mm Thick, for Arts and Crafts, 100 Sheets</p><p>$13.99 ($0.14 / Count)</p><a href="https://www.amazon.com/dp/B089DPDYKV?tag=eloabder-20&linkCode=osi&th=1&psc=1">View Product</a></div><div class="product"><a href="https://www.amazon.com/dp/B08YXYN327?tag=eloabder-20&linkCode=osi&th=1&psc=1"><img src="https://m.media-amazon.com/images/I/41VfV+-ZFTL._SL500_.jpg" alt="Product Image"></a><p>EVA Foam Cosplay - 2mm (1mm to 10mm) - Black or White - 14" x 39" Sheet - Ultra High Density Craft Foam 85 kg/m3 - by The Foamory</p><p>$14.99</p><a href="https://www.amazon.com/dp/B08YXYN327?tag=eloabder-20&linkCode=osi&th=1&psc=1">View Product</a></div><div class="product"><a href="https://www.amazon.com/dp/B0CMTJDYRN?tag=eloabder-20&linkCode=osi&th=1&psc=1"><img src="https://m.media-amazon.com/images/I/310JuSzt+mL._SL500_.jpg" alt="Product Image"></a><p>Do²ping White Foam Sheets Crafts, 8.5x5.5 Inch Eva Craft Foam Paper for Crafts Project Classroom Scrapbook DIY Cosplay (White-10 Sheets)</p><p>$4.89 ($0.49 / Count)</p><a href="https://www.amazon.com/dp/B0CMTJDYRN?tag=eloabder-20&linkCode=osi&th=1&psc=1">View Product</a></div><div class="product"><a href="https://www.amazon.com/dp/B0C8B6N9TG?tag=eloabder-20&linkCode=osi&th=1&psc=1"><img src="https://m.media-amazon.com/images/I/51j0TiXHCTL._SL500_.jpg" alt="Product Image"></a><p>120 Pack EVA Foam Sheets, 8 x 6 Inch, 1mm Thick, Assorted 15 Colors Craft Foam Paper for School Supply and DIY Handcraft Projects</p><p>$15.99 ($0.13 / Count)</p><a href="https://www.amazon.com/dp/B0C8B6N9TG?tag=eloabder-20&linkCode=osi&th=1&psc=1">View Product</a></div>
<div class="product"><a href="https://www.amazon.com/dp/B01EK7LGH4?tag=eloabder-20&linkCode=osi&th=1&psc=1"><img src="https://m.media-amazon.com/images/I/41Xx+D+j6XL._SL500_.jpg" alt="Product Image"></a><p>Aleene's 3 Pack, 8 oz Tacky Glue, 8 FL OZ, Original Version 3 Count</p><p>$11.17 ($0.47 / Fl Oz)</p><a href="https://www.amazon.com/dp/B01EK7LGH4?tag=eloabder-20&linkCode=osi&th=1&psc=1">View Product</a></div><div class="product"><a href="https://www.amazon.com/dp/B0D59G56SG?tag=eloabder-20&linkCode=osi&th=1&psc=1"><img src="https://m.media-amazon.com/images/I/41BsDwUSwdL._SL500_.jpg" alt="Product Image"></a><p>4oz Craft Glue & Precision Tips, Strong Tacky Glue, Craft Glue Bottles with Fine Tip, Craft Glue Dry Clear, Fabric Glue Permanent for Paper Crafting Scrapbooking/Card Making/Etc</p><p>$8.58</p><a href="https://www.amazon.com/dp/B0D59G56SG?tag=eloabder-20&linkCode=osi&th=1&psc=1">View Product</a></div><div class="product"><a href="https://www.amazon.com/dp/B004DNX6EW?tag=eloabder-20&linkCode=osi&th=1&psc=1"><img src="https://m.media-amazon.com/images/I/51RkAeJv5hL._SL500_.jpg" alt="Product Image"></a><p>ELMERS CraftBond Extra Strength Glue Sticks, 6 Grams, 4 Count</p><p>$9.89 ($2.47 / Count)</p><a href="https://www.amazon.com/dp/B004DNX6EW?tag=eloabder-20&linkCode=osi&th=1&psc=1">View Product</a></div>
<div class="product"><a href="https://www.amazon.com/dp/B01ELWWX98?tag=eloabder-20&linkCode=osi&th=1&psc=1"><img src="https://m.media-amazon.com/images/I/51g67GhksOL._SL500_.jpg" alt="Product Image"></a><p>Maybe Swearing Will Help Adult Coloring Book Set - for Adults Relaxation with Markers in a Case - Motivational Swear Word Anxiety Relief - Color Cuss & Laugh Your Way to Less Stress</p><p>$24.99</p><a href="https://www.amazon.com/dp/B01ELWWX98?tag=eloabder-20&linkCode=osi&th=1&psc=1">View Product</a></div><div class="product"><a href="https://www.amazon.com/dp/B09X1YX59W?tag=eloabder-20&linkCode=osi&th=1&psc=1"><img src="https://m.media-amazon.com/images/I/61Cr68venIL._SL500_.jpg" alt="Product Image"></a><p>Hula Home Stained Glass Mandala Art Kit - DIY Window Clings with Markers, 10 Suncatchers - Perfect Hobby for Adults, Kids, Teens & Seniors - Ideal Gift for Beginners, Women & Elderly</p><p>$15.99</p><a href="https://www.amazon.com/dp/B09X1YX59W?tag=eloabder-20&linkCode=osi&th=1&psc=1">View Product</a></div><div class="product"><a href="https://www.amazon.com/dp/B0CGD74KX7?tag=eloabder-20&linkCode=osi&th=1&psc=1"><img src="https://m.media-amazon.com/images/I/51rNpMlv3wL._SL500_.jpg" alt="Product Image"></a><p>Shimmer Markers Outline Double Line: 12 Colors Metallic Glitter Pens Set Sparkle Kid Age 4 8 10 14 16 Year Old Gift Doodle Drawing Supplies Art Craft Teen Girl Cute Stuff Mother's Day Basket Ideas</p><p>$9.99</p><a href="https://www.amazon.com/dp/B0CGD74KX7?tag=eloabder-20&linkCode=osi&th=1&psc=1">View Product</a></div>

<div class="product"><a href="https://www.amazon.com/dp/B08395C5GC?tag=eloabder-20&linkCode=osi&th=1&psc=1"><img src="https://m.media-amazon.com/images/I/61OgJOjMgQL._SL500_.jpg" alt="Product Image"></a><p>hapray Origami Kit 144 sheets Origami Paper for Kids 72 Patterns with Craft Guiding Book</p><p>$13.97</p><a href="https://www.amazon.com/dp/B08395C5GC?tag=eloabder-20&linkCode=osi&th=1&psc=1">View Product</a></div><div class="product"><a href="https://www.amazon.com/dp/B098WP659T?tag=eloabder-20&linkCode=osi&th=1&psc=1"><img src="https://m.media-amazon.com/images/I/61D4gTo+S1L._SL500_.jpg" alt="Product Image"></a><p>pigipigi Craft Origami Paper for Kids - 208 Sheets Vivid Colorful Folding Papers 54 Patterns Art Projects Kit for 5 6 7 8 9 10 11 12 Years Old Girl Boy Teen Birthday Gift Preschool Educational Toy</p><p>$11.99</p><a href="https://www.amazon.com/dp/B098WP659T?tag=eloabder-20&linkCode=osi&th=1&psc=1">View Product</a></div>
<div class="product"><a href="https://www.amazon.com/dp/B08TWGWRG4?tag=eloabder-20&linkCode=osi&th=1&psc=1"><img src="https://m.media-amazon.com/images/I/51KMwCTx2eL._SL500_.jpg" alt="Product Image"></a><p>Homum 200pcs Premium Gift Tags with 200 Root Natural Jute Twine, Double-Sided Available Kraft Paper Price Tags, Craft Tags Labels Jewelry Tags with String for Wedding Christmas Day Thanksgiving</p><p>$5.99</p><a href="https://www.amazon.com/dp/B08TWGWRG4?tag=eloabder-20&linkCode=osi&th=1&psc=1">View Product</a></div><div class="product"><a href="https://www.amazon.com/dp/B0BNG993ZV?tag=eloabder-20&linkCode=osi&th=1&psc=1"><img src="https://m.media-amazon.com/images/I/51xRPDQUVHL._SL500_.jpg" alt="Product Image"></a><p>200 Pack 2.2 Inch Wood Tags with Hole and Twine, Clipped Corner Rectangle Wooden Gifts Tag for Crafts Unfinished Labels (1.2x2.2 in)</p><p>$9.99 ($0.05 / Count)</p><a href="https://www.amazon.com/dp/B0BNG993ZV?tag=eloabder-20&linkCode=osi&th=1&psc=1">View Product</a></div><div class="product"><a href="https://www.amazon.com/dp/B07N1T58K9?tag=eloabder-20&linkCode=osi&th=1&psc=1"><img src="https://m.media-amazon.com/images/I/41dUfeOE8BL._SL500_.jpg" alt="Product Image"></a><p>2.5" x 3" Vintage Frame Brown Kraft Present Tag Sticker / 250 Present Labels/Canning Packaging Organization Label/Made in The USA</p><p>$15.99</p><a href="https://www.amazon.com/dp/B07N1T58K9?tag=eloabder-20&linkCode=osi&th=1&psc=1">View Product</a></div>
<div class="product"><a href="https://www.amazon.com/dp/B08Y8YRXVQ?tag=eloabder-20&linkCode=osi&th=1&psc=1"><img src="https://m.media-amazon.com/images/I/51DyT7Dd1BL._SL500_.jpg" alt="Product Image"></a><p>72 Pieces Craft Magnets Glass Ceramic Ferrite Magnet with Adhesive Backing and Transparent Clear Glass Cabochons for DIY Craft Fridge Refrigerator Magnets Pendants(Round,1 Inch)</p><p>$12.99 ($0.18 / Count)</p><a href="https://www.amazon.com/dp/B08Y8YRXVQ?tag=eloabder-20&linkCode=osi&th=1&psc=1">View Product</a></div><div class="product"><a href="https://www.amazon.com/dp/B07XDC7FP9?tag=eloabder-20&linkCode=osi&th=1&psc=1"><img src="https://m.media-amazon.com/images/I/41JKgogWT9L._SL500_.jpg" alt="Product Image"></a><p>Magnetic Dots - Self Adhesive Magnet Dots (0.8" x 0.8") - Classroom Must Have Peel & Stick Magnetic Circles - Flexible Sticky Magnets - Sheets is Alternative, Stickers, Strip, Magnetic Tape (120 Pcs)</p><p>$17.99</p><a href="https://www.amazon.com/dp/B07XDC7FP9?tag=eloabder-20&linkCode=osi&th=1&psc=1">View Product</a></div><div class="product"><a href="https://www.amazon.com/dp/B0CSS92G7H?tag=eloabder-20&linkCode=osi&th=1&psc=1"><img src="https://m.media-amazon.com/images/I/51HRyW91ivL._SL500_.jpg" alt="Product Image"></a><p>116pcs Craft Magnets Glass Ceramic Ferrite Magnet with Adhesive Backing and Clear Glass Cabochons for DIY Craft Fridge Refrigerator Magnets (Round,1 Inch,58 Sets)</p><p>$11.96</p><a href="https://www.amazon.com/dp/B0CSS92G7H?tag=eloabder-20&linkCode=osi&th=1&psc=1">View Product</a></div><div class="product"><a href="https://www.amazon.com/dp/B09WCXS3NV?tag=eloabder-20&linkCode=osi&th=1&psc=1"><img src="https://m.media-amazon.com/images/I/51jUQGCcMPL._SL500_.jpg" alt="Product Image"></a><p>DIYMAG Magnetic Adhesive Sheets, |4" x 6"|, 10 Pack Cuttable, Flexible magnet sheets with adhesive for Crafts, Photos, Easy Peel and Stick</p><p>$5.99 ($0.60 / Count)</p><a href="https://www.amazon.com/dp/B09WCXS3NV?tag=eloabder-20&linkCode=osi&th=1&psc=1">View Product</a></div><div class="product"><a href="https://www.amazon.com/dp/B08MVRBN2C?tag=eloabder-20&linkCode=osi&th=1&psc=1"><img src="https://m.media-amazon.com/images/I/51YQW8Hbf3S._SL500_.jpg" alt="Product Image"></a><p>Round Magnets with Adhesive Backing, 120 Pieces Magnet Circles (Diameter 0.8’” x 0.08”) on 4 Tape Sheets, with 3M Strong Adhesive Backing. Perfect for DIY, Art Projects, whiteboards & Fridge</p><p>$10.95</p><a href="https://www.amazon.com/dp/B08MVRBN2C?tag=eloabder-20&linkCode=osi&th=1&psc=1">View Product</a></div><div class="product"><a href="https://www.amazon.com/dp/B0CJHYN7K2?tag=eloabder-20&linkCode=osi&th=1&psc=1"><img src="https://m.media-amazon.com/images/I/51ZowdEZwbL._SL500_.jpg" alt="Product Image"></a><p>124pcs Craft Magnets Glass w Adhesive Backing and Transparent Clear Glass Cabochons DIY Craft Fridge Magnets Sticker for Refrigerator(62 Sets,1 Inch)</p><p>$13.99 ($0.23 / Count)</p><a href="https://www.amazon.com/dp/B0CJHYN7K2?tag=eloabder-20&linkCode=osi&th=1&psc=1">View Product</a></div><div class="product"><a href="https://www.amazon.com/dp/B09BBHBZMG?tag=eloabder-20&linkCode=osi&th=1&psc=1"><img src="https://m.media-amazon.com/images/I/51kT5DaZIPL._SL500_.jpg" alt="Product Image"></a><p>Mr. Pen- Adhesive Magnetic Sheets, 4" x 6", 10 Pack, with Adhesive Backing, Flexible Picture Magnets, Cuttable Magnetic Sheets.</p><p>$5.85</p><a href="https://www.amazon.com/dp/B09BBHBZMG?tag=eloabder-20&linkCode=osi&th=1&psc=1">View Product</a></div><div class="product"><a href="https://www.amazon.com/dp/B07V4STWPV?tag=eloabder-20&linkCode=osi&th=1&psc=1"><img src="https://m.media-amazon.com/images/I/51g56RBuH8L._SL500_.jpg" alt="Product Image"></a><p>Magnetic Sheets with Adhesive Backing - Each 4" x 6" - Flexible Magnetic Paper with Strong Self Adhesive - Sticky Magnet Sheets for Photo and Picture Magnets, Stickers and Other Craft Magnets</p><p>$5.99 ($0.60 / Count)</p><a href="https://www.amazon.com/dp/B07V4STWPV?tag=eloabder-20&linkCode=osi&th=1&psc=1">View Product</a></div>
<div class="product"><a href="https://www.amazon.com/dp/B09VCYS41G?tag=eloabder-20&linkCode=osi&th=1&psc=1"><img src="https://m.media-amazon.com/images/I/61bdWXYPddL._SL500_.jpg" alt="Product Image"></a><p>Betem 24 Colors Dual Tip Acrylic Paint Pens Markers, Premium Acrylic Paint Pens for Wood, Canvas, Stone, Rock Painting, Glass, Ceramic Surfaces, DIY Crafts Making Art Supplies</p><p>$11.99</p><a href="https://www.amazon.com/dp/B09VCYS41G?tag=eloabder-20&linkCode=osi&th=1&psc=1">View Product</a></div><div class="product"><a href="https://www.amazon.com/dp/B0BN7WJFPR?tag=eloabder-20&linkCode=osi&th=1&psc=1"><img src="https://m.media-amazon.com/images/I/51vvJ6c6MPL._SL500_.jpg" alt="Product Image"></a><p>24 Colors Acrylic Paint Pens, Dual Tip Acrylic Paint Markers with Brush Tip and Fine Tip, Acrylic Pens for Rock Painting, Wood, Canvas, Stone, Glass, Ceramic,DIY Crafts Making Art Supplies</p><p>$9.99</p><a href="https://www.amazon.com/dp/B0BN7WJFPR?tag=eloabder-20&linkCode=osi&th=1&psc=1">View Product</a></div><div class="product"><a href="https://www.amazon.com/dp/B0CX1BD86P?tag=eloabder-20&linkCode=osi&th=1&psc=1"><img src="https://m.media-amazon.com/images/I/51w2YBDoYfL._SL500_.jpg" alt="Product Image"></a><p>TBC The Best Crafts 24 Colors Dual Tip Acrylic Paint Markers,Waterproof, Non-Toxic, odorless, Suitable for Paper, Pottery, Stones, Backpacks, Glass</p><p>$9.99</p><a href="https://www.amazon.com/dp/B0CX1BD86P?tag=eloabder-20&linkCode=osi&th=1&psc=1">View Product</a></div><div class="product"><a href="https://www.amazon.com/dp/B09SWJRSSX?tag=eloabder-20&linkCode=osi&th=1&psc=1"><img src="https://m.media-amazon.com/images/I/61OthBr2r9L._SL500_.jpg" alt="Product Image"></a><p>Acrylic Paint Pens Paint Markers Set of 18: Fine Point for Rock Painting Glass Wood Ceramic Fabric Metal Canvas Easter Eggs Pumpkin Kit, Drawing Art Crafts for Adults Scrapbooking Supplies</p><p>$10.99</p><a href="https://www.amazon.com/dp/B09SWJRSSX?tag=eloabder-20&linkCode=osi&th=1&psc=1">View Product</a></div><div class="product"><a href="https://www.amazon.com/dp/B09H2JRV1Y?tag=eloabder-20&linkCode=osi&th=1&psc=1"><img src="https://m.media-amazon.com/images/I/511FMxcdCzL._SL500_.jpg" alt="Product Image"></a><p>IVSUN 24 Colors Premium Extra Fine Point Acrylic Paint Marker Pens for Wood, Canvas, Stone, Rock Painting, Glass, Ceramic Surfaces, DIY Crafts Making Art Supplies (24PCS (0.7mm))</p><p>$8.99</p><a href="https://www.amazon.com/dp/B09H2JRV1Y?tag=eloabder-20&linkCode=osi&th=1&psc=1">View Product</a></div><div class="product"><a href="https://www.amazon.com/dp/B0BN8CW9ZY?tag=eloabder-20&linkCode=osi&th=1&psc=1"><img src="https://m.media-amazon.com/images/I/51n2byYcjqL._SL500_.jpg" alt="Product Image"></a><p>Acrylic Paint Pens Markers, 24 Colors Dual Tip Acrylic Paint Pens for Rock Painting, Wood, Canvas, Stone, Glass, Ceramic Surfaces, DIY Crafts Making Art Supplies (Round Tip and Fine Tip)</p><p>$9.99</p><a href="https://www.amazon.com/dp/B0BN8CW9ZY?tag=eloabder-20&linkCode=osi&th=1&psc=1">View Product</a></div><div class="product"><a href="https://www.amazon.com/dp/B07DB1TVND?tag=eloabder-20&linkCode=osi&th=1&psc=1"><img src="https://m.media-amazon.com/images/I/51KvMUBvqRL._SL500_.jpg" alt="Product Image"></a><p>JR.WHITE Acrylic Paint Pens Paint Markers for Rock Painting, Canvas, Wood, Glass, Fabric, Metal, Plastic, Arts Crafts Easter Eggs, Pumpkin, Scrapbooking Supplies, Graffiti Markers for Adults Kids</p><p>$11.19 ($0.93 / Count )</p><a href="https://www.amazon.com/dp/B07DB1TVND?tag=eloabder-20&linkCode=osi&th=1&psc=1">View Product</a></div><div class="product"><a href="https://www.amazon.com/dp/B07M6Y4FXZ?tag=eloabder-20&linkCode=osi&th=1&psc=1"><img src="https://m.media-amazon.com/images/I/61wQ1qJutWL._SL500_.jpg" alt="Product Image"></a><p>AROIC Paint Pens Paint Markers, 16 colors Oil-Based Waterproof Paint Marker Pen Set On Rock, Wood, Fabric, Metal, Plastic, Glass, Canvas, Mugs, Waterproof, DIY Craft and More</p><p>$11.99</p><a href="https://www.amazon.com/dp/B07M6Y4FXZ?tag=eloabder-20&linkCode=osi&th=1&psc=1">View Product</a></div>

<div class="product"><a href="https://www.amazon.com/dp/B0BQTYYVZH?tag=eloabder-20&linkCode=osi&th=1&psc=1"><img src="https://m.media-amazon.com/images/I/31i9+BVpDCL._SL500_.jpg" alt="Product Image"></a><p>Vanhench Brown Wrapping Paper, Craft Paper, Kraft Paper 17.5"x 1200"(100'), Gift Wrapping Bulletin Board Arts & Crafts, Bouquet Flower Table Covering Poster Packing Shipping Moving Supplies 65GSM 45LB</p><p>$5.98</p><a href="https://www.amazon.com/dp/B0BQTYYVZH?tag=eloabder-20&linkCode=osi&th=1&psc=1">View Product</a></div><div class="product"><a href="https://www.amazon.com/dp/B0CQZ1TYX9?tag=eloabder-20&linkCode=osi&th=1&psc=1"><img src="https://m.media-amazon.com/images/I/41RknmvlWSL._SL500_.jpg" alt="Product Image"></a><p>PerkHomy 36" x 2,400" (200') Brown Kraft Paper Roll for Gift Wrapping Bulletin Board Bouquet Flower Kids Wall Art Craft Packing Moving Shipping Parcel Postal Floor Covering Table Runner 70GSM 50LB</p><p>$30.99 ($0.05 / Sq Ft)</p><a href="https://www.amazon.com/dp/B0CQZ1TYX9?tag=eloabder-20&linkCode=osi&th=1&psc=1">View Product</a></div><div class="product"><a href="https://www.amazon.com/dp/B0C743LQ3M?tag=eloabder-20&linkCode=osi&th=1&psc=1"><img src="https://m.media-amazon.com/images/I/21HvZSNwJML._SL500_.jpg" alt="Product Image"></a><p>White Wrapping Paper Craft Paper Kraft Paper Roll 15" x 450", Bulletin Board Paper Roll, Arts & Crafts, Gift Wrapping Moving Packing Painting Drawing Paint Easel Poster Chart Paper, Kids Art Supplies</p><p>$4.99 ($0.11 / Sq Ft)</p><a href="https://www.amazon.com/dp/B0C743LQ3M?tag=eloabder-20&linkCode=osi&th=1&psc=1">View Product</a></div><div class="product"><a href="https://www.amazon.com/dp/B0D14FL3DF?tag=eloabder-20&linkCode=osi&th=1&psc=1"><img src="https://m.media-amazon.com/images/I/31IQZPHBHfL._SL500_.jpg" alt="Product Image"></a><p>SMART&CASUAL 15" x 450" (37.5') Kraft Paper Roll for Art Craft Supplies Gift Wrapping Moving Packing Kids Painting Drawing Paint Easel Poster Chart Paper (White, 15"W x 450"L (37.5'))</p><p>$4.98</p><a href="https://www.amazon.com/dp/B0D14FL3DF?tag=eloabder-20&linkCode=osi&th=1&psc=1">View Product</a></div><div class="product"><a href="https://www.amazon.com/dp/B0CX5D7W62?tag=eloabder-20&linkCode=osi&th=1&psc=1"><img src="https://m.media-amazon.com/images/I/31+skUeyllL._SL500_.jpg" alt="Product Image"></a><p>SMART&CASUAL 17.8"×1,200"(100') Brown Kraft Wrapping Paper for Craft Gift Bulletin Board Bouquet Flower Table Covering Packing Shipping Moving 70GSM 50LB</p><p>$7.98</p><a href="https://www.amazon.com/dp/B0CX5D7W62?tag=eloabder-20&linkCode=osi&th=1&psc=1">View Product</a></div><div class="product"><a href="https://www.amazon.com/dp/B0C2P7FGFM?tag=eloabder-20&linkCode=osi&th=1&psc=1"><img src="https://m.media-amazon.com/images/I/31Mnush+a-L._SL500_.jpg" alt="Product Image"></a><p>Brown Packing Paper 15"×450"(38'), Brown Paper Roll, Art Craft Paper, Kraft Paper Roll for Moving Boxes Supplies, Gift Wrapping Bouquet Flower Paper, Poster Bulletin Board Paper, Arts and Crafts</p><p>$4.99</p><a href="https://www.amazon.com/dp/B0C2P7FGFM?tag=eloabder-20&linkCode=osi&th=1&psc=1">View Product</a></div><div class="product"><a href="https://www.amazon.com/dp/B0BNCBSZRR?tag=eloabder-20&linkCode=osi&th=1&psc=1"><img src="https://m.media-amazon.com/images/I/31NTgModxdL._SL500_.jpg" alt="Product Image"></a><p>Kraft Paper Sheets - 15 x 15 in. - 240 Sheets of Brown Wrapping Paper – Heavy Duty Craft Paper for Shipping - Light Brown Construction Paper - 80 GSM - 375 Square feet</p><p>$23.89 ($0.10 / Count)</p><a href="https://www.amazon.com/dp/B0BNCBSZRR?tag=eloabder-20&linkCode=osi&th=1&psc=1">View Product</a></div><div class="product"><a href="https://www.amazon.com/dp/B09J9ZGX8S?tag=eloabder-20&linkCode=osi&th=1&psc=1"><img src="https://m.media-amazon.com/images/I/31R819QZXxL._SL500_.jpg" alt="Product Image"></a><p>IDL Packaging 36" x 2160" (180 ft) Brown Kraft Paper Roll, 30 lbs - Quality Paper for Packing, Moving, Shipping, Crafts - 100% Recyclable Natural Kraft Wrapping Paper</p><p>$33.95 ($0.06 / Sq Ft)</p><a href="https://www.amazon.com/dp/B09J9ZGX8S?tag=eloabder-20&linkCode=osi&th=1&psc=1">View Product</a></div>
<div class="product"><a href="https://www.amazon.com/dp/B0BR9M5GT6?tag=eloabder-20&linkCode=osi&th=1&psc=1"><img src="https://m.media-amazon.com/images/I/61jKQSVpNKL._SL500_.jpg" alt="Product Image"></a><p>Drawdart 47 Pack Acrylic Paint Set, 36 Colors Art Painting Supplies for Canvas Wood Fabric Ceramic Crafts, Non Toxic & Rich Pigments for Artists & Hobby Painters, 2 fl oz / 60 ml Bottles</p><p>$24.99 ($0.35 / Fl Oz)</p><a href="https://www.amazon.com/dp/B0BR9M5GT6?tag=eloabder-20&linkCode=osi&th=1&psc=1">View Product</a></div><div class="product"><a href="https://www.amazon.com/dp/B006AT7P6M?tag=eloabder-20&linkCode=osi&th=1&psc=1"><img src="https://m.media-amazon.com/images/I/415ZwGErxOL._SL500_.jpg" alt="Product Image"></a><p>Apple Barrel Acrylic Paint in Assorted Colors (2 oz), 20501, Bright Red</p><p>$0.58 ($0.29 / Fl Oz)</p><a href="https://www.amazon.com/dp/B006AT7P6M?tag=eloabder-20&linkCode=osi&th=1&psc=1">View Product</a></div><div class="product"><a href="https://www.amazon.com/dp/B0BNV7BMN2?tag=eloabder-20&linkCode=osi&th=1&psc=1"><img src="https://m.media-amazon.com/images/I/51K4iYzckvL._SL500_.jpg" alt="Product Image"></a><p>Fantastory Acrylic Paint Set, 24 Classic Colors(2oz), Professional Craft Paint Kit,Canvas/Rock/Stone/Ceramic/Model/Wood Painting with 12 Brushes</p><p>$25.99 ($0.36 / Fl Oz)</p><a href="https://www.amazon.com/dp/B0BNV7BMN2?tag=eloabder-20&linkCode=osi&th=1&psc=1">View Product</a></div><div class="product"><a href="https://www.amazon.com/dp/B0728B4CLJ?tag=eloabder-20&linkCode=osi&th=1&psc=1"><img src="https://m.media-amazon.com/images/I/41aBzZtF9-L._SL500_.jpg" alt="Product Image"></a><p>FolkArt Acrylic Paint in Assorted Colors (2 oz), , Mossy Meadow</p><p>$1.17 ($0.58 / Fl Oz)</p><a href="https://www.amazon.com/dp/B0728B4CLJ?tag=eloabder-20&linkCode=osi&th=1&psc=1">View Product</a></div><div class="product"><a href="https://www.amazon.com/dp/B0BY3G2CXG?tag=eloabder-20&linkCode=osi&th=1&psc=1"><img src="https://m.media-amazon.com/images/I/51Cn6kY12wL._SL500_.jpg" alt="Product Image"></a><p>36 Assorted Acrylic Paint Set by Craft Smart - Non-Toxic Paint for Drawing, Painting, Art & Crafts Supplies - 1 Pack</p><p>$28.98</p><a href="https://www.amazon.com/dp/B0BY3G2CXG?tag=eloabder-20&linkCode=osi&th=1&psc=1">View Product</a></div>

<div class="product"><a href="https://www.amazon.com/dp/B08722TFPH?tag=eloabder-20&linkCode=osi&th=1&psc=1"><img src="https://m.media-amazon.com/images/I/51DqPIU5lcL._SL500_.jpg" alt="Product Image"></a><p>LIUYAXI 20 Colors 100 Yard Satin Ribbon Fabric Ribbon Silk Ribbon Assorted Colors Rolls, 2/5" Wide 5 Yard/Roll, Ribbons Perfect for Gift Wrapping,Crafts, Hair Bows, Wedding Party Decoration and More</p><p>$7.99 ($0.03 / Foot)</p><a href="https://www.amazon.com/dp/B08722TFPH?tag=eloabder-20&linkCode=osi&th=1&psc=1">View Product</a></div><div class="product"><a href="https://www.amazon.com/dp/B08M3BDRX3?tag=eloabder-20&linkCode=osi&th=1&psc=1"><img src="https://m.media-amazon.com/images/I/51qwMfv7kXL._SL500_.jpg" alt="Product Image"></a><p>Winlyn 36 Colors 900 Yards Fabric Ribbons Satin Ribbons Metallic Glitter Ribbons Rolls Craft Ribbons Embellish Decorative Ribbons 2/5" Wide for Floral Bouquet Gifts Crafts Bows Party Wedding</p><p>$13.99 ($0.01 / Foot)</p><a href="https://www.amazon.com/dp/B08M3BDRX3?tag=eloabder-20&linkCode=osi&th=1&psc=1">View Product</a></div><div class="product"><a href="https://www.amazon.com/dp/B08NXF43DB?tag=eloabder-20&linkCode=osi&th=1&psc=1"><img src="https://m.media-amazon.com/images/I/51fTtUVKi5L._SL500_.jpg" alt="Product Image"></a><p>MEEDEE Rainbow Ribbon Solid Color Assortment 10 Colors Double Face Satin Ribbon for Gift Wrapping Happy Birthday Party Decorations, 3/8" X 5 Yard Each Total 50 Yds Per Package</p><p>$7.99 ($0.05 / Foot)</p><a href="https://www.amazon.com/dp/B08NXF43DB?tag=eloabder-20&linkCode=osi&th=1&psc=1">View Product</a></div><div class="product"><a href="https://www.amazon.com/dp/B01N8W0Z45?tag=eloabder-20&linkCode=osi&th=1&psc=1"><img src="https://m.media-amazon.com/images/I/61OkEfd-1BL._SL500_.jpg" alt="Product Image"></a><p>QingHan Grosgrain Ribbons for Crafts Gifts Wrapping 3/8" Boutique Polka Dot Fabric Ribbon 40yd (20 x 2yd)</p><p>$5.99 ($0.05 / Foot)</p><a href="https://www.amazon.com/dp/B01N8W0Z45?tag=eloabder-20&linkCode=osi&th=1&psc=1">View Product</a></div><div class="product"><a href="https://www.amazon.com/dp/B0CS5G5PCX?tag=eloabder-20&linkCode=osi&th=1&psc=1"><img src="https://m.media-amazon.com/images/I/51xzSU+d8QL._SL500_.jpg" alt="Product Image"></a><p>Ribbli Rainbow Satin Ribbon 3/8 Inch x 12 Rolls Total 60 Yards- Colorful Ribbon for Gift Wrapping Craft Party Decoration Baby Shower Wedding</p><p>$7.99 ($0.04 / Foot)</p><a href="https://www.amazon.com/dp/B0CS5G5PCX?tag=eloabder-20&linkCode=osi&th=1&psc=1">View Product</a></div><div class="product"><a href="https://www.amazon.com/dp/B009V35YVC?tag=eloabder-20&linkCode=osi&th=1&psc=1"><img src="https://m.media-amazon.com/images/I/41OYxs2N6GL._SL500_.jpg" alt="Product Image"></a><p>LaRibbons 10 Color 50Yards Solid Satin Ribbon,3/8" X 5 Yard/Roll Colorful Double Face Rainbow Ribbon for Crafts,Flower Bouquet,Gift Wrapping,Hair Bows,Birthday,Wedding Party Decoration</p><p>$4.99</p><a href="https://www.amazon.com/dp/B009V35YVC?tag=eloabder-20&linkCode=osi&th=1&psc=1">View Product</a></div><div class="product"><a href="https://www.amazon.com/dp/B07BDG8KXB?tag=eloabder-20&linkCode=osi&th=1&psc=1"><img src="https://m.media-amazon.com/images/I/61zpTp+xLjL._SL500_.jpg" alt="Product Image"></a><p>Supla 16 Colors 400 Yard Fabric Ribbon Silk Satin Roll Satin Ribbon Rolls in 2/5" Wide, 25 Yard/roll,16 Rolls,Satin Ribbon Fabric Ribbon Embellish Ribbon Ribbon for Bows Crafts Gifts Party Wedding</p><p>$8.99 ($0.01 / Foot)</p><a href="https://www.amazon.com/dp/B07BDG8KXB?tag=eloabder-20&linkCode=osi&th=1&psc=1">View Product</a></div><div class="product"><a href="https://www.amazon.com/dp/B0CRD7S24X?tag=eloabder-20&linkCode=osi&th=1&psc=1"><img src="https://m.media-amazon.com/images/I/51Xe-SI-ZHL._SL500_.jpg" alt="Product Image"></a><p>LIUYAXI 100 Yards Solid Grosgrain Ribbon, 3/8" X 5 Yard/Roll, 20 Colors Rainbow Multicolor Fabric Ribbons Roll Perfect for Crafts Gifts Wrapping Flower Bouquet Hair Bows & Other Projects</p><p>$7.99 ($0.03 / Foot)</p><a href="https://www.amazon.com/dp/B0CRD7S24X?tag=eloabder-20&linkCode=osi&th=1&psc=1">View Product</a></div>


<div class="product"><a href="https://www.amazon.com/dp/B08MZ6MQZM?tag=eloabder-20&linkCode=osi&th=1&psc=1"><img src="https://m.media-amazon.com/images/I/51rVPzuNy4L._SL500_.jpg" alt="Product Image"></a><p>Basic Shapes 1: Circles, Triangles, Squares, Ovals, 676 Pieces US Made Card Stock Punch Out Geometric Shapes in 3 Sizes and 4 PRIMARY Colors for Math, Pattern Play and DIY Crafting</p><p>$11.99</p><a href="https://www.amazon.com/dp/B08MZ6MQZM?tag=eloabder-20&linkCode=osi&th=1&psc=1">View Product</a></div><div class="product"><a href="https://www.amazon.com/dp/B072JW6NQT?tag=eloabder-20&linkCode=osi&th=1&psc=1"><img src="https://m.media-amazon.com/images/I/61uY6781clL._SL500_.jpg" alt="Product Image"></a><p>260 Pieces Colorful Glitter Foam Stickers Self Adhesive Stars Mini Heart Shapes Glitter Stickers, Kid's Arts Craft Supplies Greeting Cards Home Decoration Stars&Heart Shapes</p><p>$6.74 ($0.03 / Count)</p><a href="https://www.amazon.com/dp/B072JW6NQT?tag=eloabder-20&linkCode=osi&th=1&psc=1">View Product</a></div>


<div class="product"><a href="https://www.amazon.com/dp/B07KD1WKXY?tag=eloabder-20&linkCode=osi&th=1&psc=1"><img src="https://m.media-amazon.com/images/I/51y9zQOd9XL._SL500_.jpg" alt="Product Image"></a><p>(109 Yards/1.5mm/35 Colors Optional) Cotton Baker Twine DIY Craft Macramé Natural Cotton Rope Craft Making Knitting String Rope DIY Wedding Decor Supply Christmas Wrapping(deep green)</p><p>$4.98 ($0.02 / Foot)</p><a href="https://www.amazon.com/dp/B07KD1WKXY?tag=eloabder-20&linkCode=osi&th=1&psc=1">View Product</a></div><div class="product"><a href="https://www.amazon.com/dp/B0C7G868WP?tag=eloabder-20&linkCode=osi&th=1&psc=1"><img src="https://m.media-amazon.com/images/I/51YFxbYrxGL._SL500_.jpg" alt="Product Image"></a><p>Ohtomber Bracelet String Elastic Cord - 2 Rolls 1MM Stretchy String for Bracelet Making, Rainbow Elastic Bracelets String Thread for Clay Beads, Bracelets, Jewelry Making, Necklaces, Sewing and Crafts</p><p>$5.99 ($0.01 / Foot)</p><a href="https://www.amazon.com/dp/B0C7G868WP?tag=eloabder-20&linkCode=osi&th=1&psc=1">View Product</a></div>
<div class="product"><a href="https://www.amazon.com/dp/B0CHTZD63Q?tag=eloabder-20&linkCode=osi&th=1&psc=1"><img src="https://m.media-amazon.com/images/I/511hgeOlnkL._SL500_.jpg" alt="Product Image"></a><p>Secopad Scrapbook Tape, 4 Pack Double Sided Tape Roller for Crafts, Sticky Glue Tape Runner Scrapbooking Supplies Journaling School Office for Kids and Adults, 0.3IN x 26FT</p><p>$6.63 ($1.66 / Count)</p><a href="https://www.amazon.com/dp/B0CHTZD63Q?tag=eloabder-20&linkCode=osi&th=1&psc=1">View Product</a></div><div class="product"><a href="https://www.amazon.com/dp/B0BKZ2WVFY?tag=eloabder-20&linkCode=osi&th=1&psc=1"><img src="https://m.media-amazon.com/images/I/519ga5fVbbL._SL500_.jpg" alt="Product Image"></a><p>Guirnd 12PCS Colored Masking Tape, Kids Art Supplies Colored Tape, DIY Craft Tape, Colored Tape Rolls, Colored Painters Tape 1.7cm x 12m (2/3In x 13Yards)</p><p>$5.99 ($0.50 / Count)</p><a href="https://www.amazon.com/dp/B0BKZ2WVFY?tag=eloabder-20&linkCode=osi&th=1&psc=1">View Product</a></div><div class="product"><a href="https://www.amazon.com/dp/B0B1ZYCJPG?tag=eloabder-20&linkCode=osi&th=1&psc=1"><img src="https://m.media-amazon.com/images/I/51zcGqodSPL._SL500_.jpg" alt="Product Image"></a><p>Simetufy 5400 Pcs 1 Inch Tissue Paper Squares, 36 Assorted Colored Tissue Paper for Crafts, Art Rainbow Tissue Paper Bulk for Art Projects, Collage, Suncatchers, Scrapbooking - Non Bleeding</p><p>$7.49</p><a href="https://www.amazon.com/dp/B0B1ZYCJPG?tag=eloabder-20&linkCode=osi&th=1&psc=1">View Product</a></div>

<div class="product"><a href="https://www.amazon.com/dp/B07RZFHS87?tag=eloabder-20&linkCode=osi&th=1&psc=1"><img src="https://m.media-amazon.com/images/I/418QZBtYWTL._SL500_.jpg" alt="Product Image"></a><p>Lazydrop Double-Sided Tape for Arts, Crafts, Photography, Scrapbooking, Tear-by-Hand, Paper Backing (6 Rolls) (Width: 6mm/ 9mm/ 12mm/ 15mm)</p><p>$7.99 ($0.01 / Foot)</p><a href="https://www.amazon.com/dp/B07RZFHS87?tag=eloabder-20&linkCode=osi&th=1&psc=1">View Product</a></div><div class="product"><a href="https://www.amazon.com/dp/B0BPS4V3TG?tag=eloabder-20&linkCode=osi&th=1&psc=1"><img src="https://m.media-amazon.com/images/I/41fTeS+RuRL._SL500_.jpg" alt="Product Image"></a><p>Double Sided Tape for Crafts, Double-Sided Tape for Arts, Scrapbook Supplies, Photography, Gifts Box, Scrapbooking, Card Making, Paper Backing, Tear-by-Hand, 6 Roll Heavy Duty Multi-Size Adhesive Tape</p><p>$6.29 ($0.02 / Foot)</p><a href="https://www.amazon.com/dp/B0BPS4V3TG?tag=eloabder-20&linkCode=osi&th=1&psc=1">View Product</a></div><div class="product"><a href="https://www.amazon.com/dp/B098FCBMQV?tag=eloabder-20&linkCode=osi&th=1&psc=1"><img src="https://m.media-amazon.com/images/I/41E1XYg1+gL._SL500_.jpg" alt="Product Image"></a><p>Craftzilla Colored Masking Tape – 7 Roll Multi Pack – 210 Feet x 1 Inch of Colorful Craft Tape – Vibrant Rainbow Masking Tape –Colored Tape Rolls for Arts & Crafts, Labeling and Color-Coding</p><p>$12.95 ($0.01 / Foot)</p><a href="https://www.amazon.com/dp/B098FCBMQV?tag=eloabder-20&linkCode=osi&th=1&psc=1">View Product</a></div><div class="product"><a href="https://www.amazon.com/dp/B0CBRTT4SY?tag=eloabder-20&linkCode=osi&th=1&psc=1"><img src="https://m.media-amazon.com/images/I/41Ne5OTMBHL._SL500_.jpg" alt="Product Image"></a><p>XEHAHOSH 3 Rolls Double Sided Tape for Crafts, Arts, Scrapbooking, Photography, Paper Backing, Tear-by-Hand. 0.6in by 43-FT</p><p>$5.29</p><a href="https://www.amazon.com/dp/B0CBRTT4SY?tag=eloabder-20&linkCode=osi&th=1&psc=1">View Product</a></div><div class="product"><a href="https://www.amazon.com/dp/B08ZJB4XBX?tag=eloabder-20&linkCode=osi&th=1&psc=1"><img src="https://m.media-amazon.com/images/I/41FzzlZNG0L._SL500_.jpg" alt="Product Image"></a><p>8 Rolls Colored Masking Tape Rainbow Colors Painters Tape Colorful Craft Art Paper Tape for Kids Labeling Arts Crafts DIY Decorative Coding Decoration Teaching Supplies, 0.6 Inch x 16 Yard, 8 Colors</p><p>$6.99 ($0.87 / Count)</p><a href="https://www.amazon.com/dp/B08ZJB4XBX?tag=eloabder-20&linkCode=osi&th=1&psc=1">View Product</a></div><div class="product"><a href="https://www.amazon.com/dp/B09GDZH5PV?tag=eloabder-20&linkCode=osi&th=1&psc=1"><img src="https://m.media-amazon.com/images/I/41cZAy06SiL._SL500_.jpg" alt="Product Image"></a><p>DGTANGYIN 1/4" 2 Rolls Double Sided Adhesive Sticky Tape for Arts, DIY, Crafts, Photography, Scrapbooking, Card Making, Gift Wrapping, Office School Stationery Supplies, Home Supplies(Width: 6mm)</p><p>$3.99 ($0.00 / Foot)</p><a href="https://www.amazon.com/dp/B09GDZH5PV?tag=eloabder-20&linkCode=osi&th=1&psc=1">View Product</a></div>
<div class="product"><a href="https://www.amazon.com/dp/B09XR1XBWG?tag=eloabder-20&linkCode=osi&th=1&psc=1"><img src="https://m.media-amazon.com/images/I/31h+RS-Nv6L._SL500_.jpg" alt="Product Image"></a><p>10PCS 7mil Blank Mylar Stencil Sheets,12X12 inch Milky Translucent PET Blank Stencils Sheets,Template Material for Cutting Machines, Laser Cutting, Food-Safe Craft Plastic</p><p>$8.99</p><a href="https://www.amazon.com/dp/B09XR1XBWG?tag=eloabder-20&linkCode=osi&th=1&psc=1">View Product</a></div>

<div class="product"><a href="https://www.amazon.com/dp/B09TSLYX33?tag=eloabder-20&linkCode=osi&th=1&psc=1"><img src="https://m.media-amazon.com/images/I/41xNrpMfOLL._SL500_.jpg" alt="Product Image"></a><p>18 Gauge Aluminum Craft Wire, 165 Feet 1mm Bendable Metal Wire for Jewelry Making, Sculpting, Floral Making, Wreath Making, Crafting, Wire Wrapping, Christmas Ornaments (Silver)</p><p>$6.99</p><a href="https://www.amazon.com/dp/B09TSLYX33?tag=eloabder-20&linkCode=osi&th=1&psc=1">View Product</a></div><div class="product"><a href="https://www.amazon.com/dp/B002HRAEOG?tag=eloabder-20&linkCode=osi&th=1&psc=1"><img src="https://m.media-amazon.com/images/I/41HimGENjYL._SL500_.jpg" alt="Product Image"></a><p>FloraCraft 26 Gauge Floral Wire 270 Feet Bright Silver</p><p>$4.29</p><a href="https://www.amazon.com/dp/B002HRAEOG?tag=eloabder-20&linkCode=osi&th=1&psc=1">View Product</a></div><div class="product"><a href="https://www.amazon.com/dp/B06ZXY1PXB?tag=eloabder-20&linkCode=osi&th=1&psc=1"><img src="https://m.media-amazon.com/images/I/41Nh+1dv7FL._SL500_.jpg" alt="Product Image"></a><p>Mandala Crafts Anodized Aluminum Wire for Sculpting, Armature, Jewelry Making, Gem Metal Wrap, Garden, Colored and Soft, 1 Roll(14 Gauge, Silver)</p><p>$10.19 ($0.17 / Foot)</p><a href="https://www.amazon.com/dp/B06ZXY1PXB?tag=eloabder-20&linkCode=osi&th=1&psc=1">View Product</a></div><div class="product"><a href="https://www.amazon.com/dp/B07ZYNTH7D?tag=eloabder-20&linkCode=osi&th=1&psc=1"><img src="https://m.media-amazon.com/images/I/51ku4vQDwXL._SL500_.jpg" alt="Product Image"></a><p>12 Gauge Aluminum Wire 100 Feet, Anezus Metal Armature Wire Bendable Sculpting Wire for Crafts Wreath Making Jewelry Making Beading Floral (Silver, 2mm)</p><p>$12.99 ($0.13 / Foot)</p><a href="https://www.amazon.com/dp/B07ZYNTH7D?tag=eloabder-20&linkCode=osi&th=1&psc=1">View Product</a></div><div class="product"><a href="https://www.amazon.com/dp/B07CQL7Y5B?tag=eloabder-20&linkCode=osi&th=1&psc=1"><img src="https://m.media-amazon.com/images/I/51mHjBYsT0L._SL500_.jpg" alt="Product Image"></a><p>TecUnite Aluminum Craft Wire for Sculpting Armature Bendable Craft Wire for DIY Jewelry Making (1 Roll,Silver,10 M X 3 mm)</p><p>$8.99 ($0.27 / Foot)</p><a href="https://www.amazon.com/dp/B07CQL7Y5B?tag=eloabder-20&linkCode=osi&th=1&psc=1">View Product</a></div><div class="product"><a href="https://www.amazon.com/dp/B095Y844QP?tag=eloabder-20&linkCode=osi&th=1&psc=1"><img src="https://m.media-amazon.com/images/I/51w+5umyhOS._SL500_.jpg" alt="Product Image"></a><p>Tenn Well 12 Gauge Aluminum Wire, 100 Feet 2mm Bendable Metal Craft Wire for Sculpting, Armature, Jewelry Making, Floral Making, Doll Making, Modelling, Crafting, Bonsai Training</p><p>$11.99 ($0.12 / Foot)</p><a href="https://www.amazon.com/dp/B095Y844QP?tag=eloabder-20&linkCode=osi&th=1&psc=1">View Product</a></div>
<div class="product"><a href="https://www.amazon.com/dp/B0CYPH4FLQ?tag=eloabder-20&linkCode=osi&th=1&psc=1"><img src="https://m.media-amazon.com/images/I/41u786i6oZL._SL500_.jpg" alt="Product Image"></a><p>DIYDEC 24 Pack Basswood Sheets 4 x 6 x 1/16 Inch Thin Plywood Wood Sheets Unfinished Wood Squares Boards Balsa Wood Sheets for Crafts Architectural Models Laser Cutting Wood Burning and Drawing</p><p>$6.99</p><a href="https://www.amazon.com/dp/B0CYPH4FLQ?tag=eloabder-20&linkCode=osi&th=1&psc=1">View Product</a></div><div class="product"><a href="https://www.amazon.com/dp/B082HR4RV3?tag=eloabder-20&linkCode=osi&th=1&psc=1"><img src="https://m.media-amazon.com/images/I/51kfms0w39L._SL500_.jpg" alt="Product Image"></a><p>5ARTH Natural Wood Slices - 30 Pcs 3.5-4 inches Craft Unfinished Wood kit Predrilled with Hole Wooden Circles for Arts Wood Slices Christmas Ornaments DIY Crafts</p><p>$21.99</p><a href="https://www.amazon.com/dp/B082HR4RV3?tag=eloabder-20&linkCode=osi&th=1&psc=1">View Product</a></div>
<div class="product"><a href="https://www.amazon.com/dp/B089T7PX27?tag=eloabder-20&linkCode=osi&th=1&psc=1"><img src="https://m.media-amazon.com/images/I/41aDJyks7kL._SL500_.jpg" alt="Product Image"></a><p>Crayola Air Dry Clay (5lbs), Natural White Modeling Clay for Kids, Sculpting Material, Bulk Craft Supplies for School Classrooms [Amazon Exclusive]</p><p>$17.41</p><a href="https://www.amazon.com/dp/B089T7PX27?tag=eloabder-20&linkCode=osi&th=1&psc=1">View Product</a></div><div class="product"><a href="https://www.amazon.com/dp/B0BDM5WLQX?tag=eloabder-20&linkCode=osi&th=1&psc=1"><img src="https://m.media-amazon.com/images/I/41oBPm5+PkL._SL500_.jpg" alt="Product Image"></a><p>ifergoo White Air Dry Clay, Modeling Clay for School Art & Craft Project. Refill White Clay for Kids Age 3-12, Boys and Girls Gift</p><p>$6.99 ($1.65 / Ounce)</p><a href="https://www.amazon.com/dp/B0BDM5WLQX?tag=eloabder-20&linkCode=osi&th=1&psc=1">View Product</a></div><div class="product"><a href="https://www.amazon.com/dp/B0B8TLRRKM?tag=eloabder-20&linkCode=osi&th=1&psc=1"><img src="https://m.media-amazon.com/images/I/418ijOdZBzL._SL500_.jpg" alt="Product Image"></a><p>Pepy Premium European Air Dry Modeling Clay White 2.2 lb Bar, Easy to Use Air-Hardening Clay for Classroom and Montessori Sculpting and Crafts Projects</p><p>$9.97 ($0.28 / Ounce)</p><a href="https://www.amazon.com/dp/B0B8TLRRKM?tag=eloabder-20&linkCode=osi&th=1&psc=1">View Product</a></div>

<div class="product"><a href="https://www.amazon.com/dp/B083TT4XVN?tag=eloabder-20&linkCode=osi&th=1&psc=1"><img src="https://m.media-amazon.com/images/I/41QMxzlQglL._SL500_.jpg" alt="Product Image"></a><p>6" Jumbo Wood Craft Sticks - Pack of 1,000</p><p>$15.21 ($0.02 / Count)</p><a href="https://www.amazon.com/dp/B083TT4XVN?tag=eloabder-20&linkCode=osi&th=1&psc=1">View Product</a></div><div class="product"><a href="https://www.amazon.com/dp/B0B9RRJ2BG?tag=eloabder-20&linkCode=osi&th=1&psc=1"><img src="https://m.media-amazon.com/images/I/31gmdN8H+PL._SL500_.jpg" alt="Product Image"></a><p>Perfect Stix Wooden Poplar Wood Craft Sticks. Jumbo Size, 6 x 3/4, Wood, Natural Poplar Wood, 500Ct. Multipurpose Craft, Popsicles, Waxing, Arts and Crafts.</p><p>$9.68</p><a href="https://www.amazon.com/dp/B0B9RRJ2BG?tag=eloabder-20&linkCode=osi&th=1&psc=1">View Product</a></div><div class="product"><a href="https://www.amazon.com/dp/B08R31MRJ9?tag=eloabder-20&linkCode=osi&th=1&psc=1"><img src="https://m.media-amazon.com/images/I/51fYWGLzOGL._SL500_.jpg" alt="Product Image"></a><p>Pandaspa 200 Pieces Jumbo Craft Sticks, Premium Natural Wood for Building, Mixing, and Creating Craft Projects, Size 6 x 3/4</p><p>$9.95</p><a href="https://www.amazon.com/dp/B08R31MRJ9?tag=eloabder-20&linkCode=osi&th=1&psc=1">View Product</a></div><div class="product"><a href="https://www.amazon.com/dp/B081R25K4S?tag=eloabder-20&linkCode=osi&th=1&psc=1"><img src="https://m.media-amazon.com/images/I/41vxFW4BIvL._SL500_.jpg" alt="Product Image"></a><p>Perfect Stix - PS-114st-1,000 4.5" Craft Sticks/ Ice Cream Sticks/ Natural Wood - Box of 1,000ct</p><p>$13.99</p><a href="https://www.amazon.com/dp/B081R25K4S?tag=eloabder-20&linkCode=osi&th=1&psc=1">View Product</a></div><div class="product"><a href="https://www.amazon.com/dp/B08NY4HWVH?tag=eloabder-20&linkCode=osi&th=1&psc=1"><img src="https://m.media-amazon.com/images/I/41qHSFWo+AL._SL500_.jpg" alt="Product Image"></a><p>Fansunta 100pcs 15.7x0.35 Inch Strong Natural Bamboo Sticks, Wooden Craft Sticks, Extra Long Sticks, Wood Strips for Craft Projects</p><p>$11.99</p><a href="https://www.amazon.com/dp/B08NY4HWVH?tag=eloabder-20&linkCode=osi&th=1&psc=1">View Product</a></div>
<div class="product"><a href="https://www.amazon.com/dp/B0CY84GCRZ?tag=eloabder-20&linkCode=osi&th=1&psc=1"><img src="https://m.media-amazon.com/images/I/315gdwLiZfL._SL500_.jpg" alt="Product Image"></a><p>14 Rolls Double Sided Tape for Crafts Scrapbooking Multi-Purpose and Multi-Size Tape for Arts, Photography, Gift Boxes, Card Making, Paper Backing, Office Supplies(3mm/5mm/8mm/10mm/12mm/15mm/18mm)</p><p>$4.99 ($0.36 / Count)</p><a href="https://www.amazon.com/dp/B0CY84GCRZ?tag=eloabder-20&linkCode=osi&th=1&psc=1">View Product</a></div>


<div class="product"><a href="https://www.amazon.com/dp/B0D3HPD7WP?tag=eloabder-20&linkCode=osi&th=1&psc=1"><img src="https://m.media-amazon.com/images/I/31KSmmAWUWL._SL500_.jpg" alt="Product Image"></a><p>50 Sheets Grey Cardstock Paper, Colored Printer Paper 8.5 x 11, Thick Construction Paper for Cards Making, Scrapbook，Office Printing, Invitations, Certificates，DIY Crafting 92 lb/250gsm</p><p>$9.99</p><a href="https://www.amazon.com/dp/B0D3HPD7WP?tag=eloabder-20&linkCode=osi&th=1&psc=1">View Product</a></div>
<div class="product"><a href="https://www.amazon.com/dp/B076CP6F36?tag=eloabder-20&linkCode=osi&th=1&psc=1"><img src="https://m.media-amazon.com/images/I/51rfEIvgI+L._SL500_.jpg" alt="Product Image"></a><p>Apple Barrel, Vibrant Spectrum Collection Acrylic Craft Paint, PROMOABIII, 2 fl oz each, 16 assorted matte colors, 16 count</p><p>$15.97 ($0.50 / Fl Oz)</p><a href="https://www.amazon.com/dp/B076CP6F36?tag=eloabder-20&linkCode=osi&th=1&psc=1">View Product</a></div><div class="product"><a href="https://www.amazon.com/dp/B0BKFLSYQF?tag=eloabder-20&linkCode=osi&th=1&psc=1"><img src="https://m.media-amazon.com/images/I/51a0PmPRknL._SL500_.jpg" alt="Product Image"></a><p>72 Pack Acrylic Paint Set, Shuttle Art 60 Colors Acrylic Paint Including Extra White Black & 12 Brushes, 2oz/60ml, Rich Pigmented, Water Proof, Ideal for Artists, Beginners on Canvas Rock Wood Ceramic</p><p>$45.99 ($23.00 / Fl Oz)</p><a href="https://www.amazon.com/dp/B0BKFLSYQF?tag=eloabder-20&linkCode=osi&th=1&psc=1">View Product</a></div><div class="product"><a href="https://www.amazon.com/dp/B08CB3JH79?tag=eloabder-20&linkCode=osi&th=1&psc=1"><img src="https://m.media-amazon.com/images/I/51OUZsFdnTL._SL500_.jpg" alt="Product Image"></a><p>Acrylic Paint Set of 36 Colors 2fl oz 60ml Bottles,Non Toxic 36 Colors Acrylic Paint No Fading Rich Pigment for Kids Adults Artists Canvas Crafts Wood Painting</p><p>$32.99 ($0.46 / Fl Oz)</p><a href="https://www.amazon.com/dp/B08CB3JH79?tag=eloabder-20&linkCode=osi&th=1&psc=1">View Product</a></div><div class="product"><a href="https://www.amazon.com/dp/B0018NBVKQ?tag=eloabder-20&linkCode=osi&th=1&psc=1"><img src="https://m.media-amazon.com/images/I/31YlSvZMTCL._SL500_.jpg" alt="Product Image"></a><p>Apple Barrel Acrylic Paint in Assorted Colors (8 Ounce), 20403 White</p><p>$2.67 ($0.33 / Fl Oz)</p><a href="https://www.amazon.com/dp/B0018NBVKQ?tag=eloabder-20&linkCode=osi&th=1&psc=1">View Product</a></div><div class="product"><a href="https://www.amazon.com/dp/B077WSBLZ1?tag=eloabder-20&linkCode=osi&th=1&psc=1"><img src="https://m.media-amazon.com/images/I/51KPkXpLn1L._SL500_.jpg" alt="Product Image"></a><p>Shuttle Art Acrylic Paint Set, 30 x12ml Tubes Artist Quality Non Toxic Rich Pigments Colors Great for Kids Adults Professional Painting on Rocks Canvas Wood Clay Fabric Ceramic Crafts</p><p>$12.99 ($1.08 / Fl Oz)</p><a href="https://www.amazon.com/dp/B077WSBLZ1?tag=eloabder-20&linkCode=osi&th=1&psc=1">View Product</a></div><div class="product"><a href="https://www.amazon.com/dp/B00889Z5Y6?tag=eloabder-20&linkCode=osi&th=1&psc=1"><img src="https://m.media-amazon.com/images/I/41MQjsyDbSL._SL500_.jpg" alt="Product Image"></a><p>Apple Barrel Acrylic Paint in Assorted Colors (2 oz), 20764, Apricot</p><p>$0.58 ($0.29 / Fl Oz)</p><a href="https://www.amazon.com/dp/B00889Z5Y6?tag=eloabder-20&linkCode=osi&th=1&psc=1">View Product</a></div><div class="product"><a href="https://www.amazon.com/dp/B09TWQD5ZL?tag=eloabder-20&linkCode=osi&th=1&psc=1"><img src="https://m.media-amazon.com/images/I/41B0L003QXL._SL500_.jpg" alt="Product Image"></a><p>Artkey Acrylic Paint Set - 24 colors 2 oz/59 ml Acrylic Paints Professional Artists Painting Kit for Canvases Fabric Rock Leather Easter Egg Wood Ceramic Glass Art Craft Painting</p><p>$19.99 ($0.42 / Fl Oz)</p><a href="https://www.amazon.com/dp/B09TWQD5ZL?tag=eloabder-20&linkCode=osi&th=1&psc=1">View Product</a></div><div class="product"><a href="https://www.amazon.com/dp/B07Z93LQDB?tag=eloabder-20&linkCode=osi&th=1&psc=1"><img src="https://m.media-amazon.com/images/I/51veoN6zK0L._SL500_.jpg" alt="Product Image"></a><p>Shuttle Art Acrylic Paint Set, 36 Colors Acrylic Paint with Brushes & Palette, 2oz Bottles, Rich Pigments Non-toxic Paint for Artists Kids & Adults, Art Supplies for Canvas Rock Ceramic Wood Painting</p><p>$27.99</p><a href="https://www.amazon.com/dp/B07Z93LQDB?tag=eloabder-20&linkCode=osi&th=1&psc=1">View Product</a></div><div class="product"><a href="https://www.amazon.com/dp/B002665SYY?tag=eloabder-20&linkCode=osi&th=1&psc=1"><img src="https://m.media-amazon.com/images/I/31sJJeWK6OS._SL500_.jpg" alt="Product Image"></a><p>Liquitex BASICS Acrylic Paint, 250ml (8.5-oz) Tube, Titanium White</p><p>$9.99 ($1.18 / Fl Oz)</p><a href="https://www.amazon.com/dp/B002665SYY?tag=eloabder-20&linkCode=osi&th=1&psc=1">View Product</a></div>
<div class="product"><a href="https://www.amazon.com/dp/B0CC98XLGL?tag=eloabder-20&linkCode=osi&th=1&psc=1"><img src="https://m.media-amazon.com/images/I/51ZLw+nThiL._SL500_.jpg" alt="Product Image"></a><p>HUIRUSO 4 Pack Double Sided Tape Roller, Scrapbook Supplies, Glue Tape Roller for Crafts, Double-Sided Adhesive Tape Runner for Scrapbooking, School Office Journaling Supplies (0.31 in X 26.25 ft)</p><p>$6.99 ($1.75 / Count)</p><a href="https://www.amazon.com/dp/B0CC98XLGL?tag=eloabder-20&linkCode=osi&th=1&psc=1">View Product</a></div><div class="product"><a href="https://www.amazon.com/dp/B007XAAE6K?tag=eloabder-20&linkCode=osi&th=1&psc=1"><img src="https://m.media-amazon.com/images/I/414qxYVR0wL._SL500_.jpg" alt="Product Image"></a><p>Scotch Double Sided Tape Runner, 1-Pack, 0.27 in x 26 ft., Perfect for Holiday Crafts, Gifts, and More</p><p>$4.47</p><a href="https://www.amazon.com/dp/B007XAAE6K?tag=eloabder-20&linkCode=osi&th=1&psc=1">View Product</a></div><div class="product"><a href="https://www.amazon.com/dp/B0BZVGPFSK?tag=eloabder-20&linkCode=osi&th=1&psc=1"><img src="https://m.media-amazon.com/images/I/51-ue9+7JkL._SL500_.jpg" alt="Product Image"></a><p>Birllaid Double Sided Tape for Walls, Picture Hanging Strips Removable Mounting Dots Adhesive Heavy Duty, Removable for Art Craft, Decoration, Party Supplies, Multipurpose</p><p>$11.99</p><a href="https://www.amazon.com/dp/B0BZVGPFSK?tag=eloabder-20&linkCode=osi&th=1&psc=1">View Product</a></div><div class="product"><a href="https://www.amazon.com/dp/B0CGVN9SL1?tag=eloabder-20&linkCode=osi&th=1&psc=1"><img src="https://m.media-amazon.com/images/I/41Hy+i4CnoL._SL500_.jpg" alt="Product Image"></a><p>30Ft x 1 Inch Hook and Loop Strips with Adhesive,Double Rolls of Heavy Duty Self Adhesive Tape with Backing, Nylon Self Adhesive Tape for Home Office School and Crafting,White</p><p>$9.99</p><a href="https://www.amazon.com/dp/B0CGVN9SL1?tag=eloabder-20&linkCode=osi&th=1&psc=1">View Product</a></div><div class="product"><a href="https://www.amazon.com/dp/B07Y3VDPLF?tag=eloabder-20&linkCode=osi&th=1&psc=1"><img src="https://m.media-amazon.com/images/I/41cyKQ2OMuL._SL500_.jpg" alt="Product Image"></a><p>Melsan 1x4 inch Hook and Loop Strips with Adhesive - 15 Sets, Strong Back Adhesive Fasten Mounting Tape for Home or Office Use - Instead of Holes and Screws, Black</p><p>$7.82</p><a href="https://www.amazon.com/dp/B07Y3VDPLF?tag=eloabder-20&linkCode=osi&th=1&psc=1">View Product</a></div><div class="product"><a href="https://www.amazon.com/dp/B07V57VJT5?tag=eloabder-20&linkCode=osi&th=1&psc=1"><img src="https://m.media-amazon.com/images/I/514JO3bvl3L._SL500_.jpg" alt="Product Image"></a><p>XFasten Adhesive Roller for Scrapbooking, 8mm x 30ft 4-Pack Double Sided Glue Tape Roller, Scrapbook Supplies for Adults, Photo Tape for Scrapbooking</p><p>$9.99 ($2.50 / Count)</p><a href="https://www.amazon.com/dp/B07V57VJT5?tag=eloabder-20&linkCode=osi&th=1&psc=1">View Product</a></div><div class="product"><a href="https://www.amazon.com/dp/B07JLTGQHX?tag=eloabder-20&linkCode=osi&th=1&psc=1"><img src="https://m.media-amazon.com/images/I/51Eqfo7kUZL._SL500_.jpg" alt="Product Image"></a><p>UPINS 120 Pack Double Sided Foam Tape Square Self-Adhesive Foam Tape Black Strong Tape Pads for DIY Art Crafts Supplies</p><p>$9.99 ($0.08 / Count)</p><a href="https://www.amazon.com/dp/B07JLTGQHX?tag=eloabder-20&linkCode=osi&th=1&psc=1">View Product</a></div><div class="product"><a href="https://www.amazon.com/dp/B005FM6XF4?tag=eloabder-20&linkCode=osi&th=1&psc=1"><img src="https://m.media-amazon.com/images/I/51-vp1WJ89L._SL500_.jpg" alt="Product Image"></a><p>AdTech 5603 Permanent Crafter's Tape, 0.31" x 315", Pack of 4</p><p>$7.84 ($0.07 / Foot)</p><a href="https://www.amazon.com/dp/B005FM6XF4?tag=eloabder-20&linkCode=osi&th=1&psc=1">View Product</a></div><div class="product"><a href="https://www.amazon.com/dp/B0CJF1FLFJ?tag=eloabder-20&linkCode=osi&th=1&psc=1"><img src="https://m.media-amazon.com/images/I/51dig1RqzdL._SL500_.jpg" alt="Product Image"></a><p>UPINS 150Pack Double Sided Foam Tape Strong Sticky Double Sided Foam Pads for Crafts Self-Adhesive Mounting Foam Tape Heavy Duty for Home Wall Decor 40 * 40 * 2mm</p><p>$8.99 ($0.06 / Count)</p><a href="https://www.amazon.com/dp/B0CJF1FLFJ?tag=eloabder-20&linkCode=osi&th=1&psc=1">View Product</a></div><div class="product"><a href="https://www.amazon.com/dp/B0D4YWRGCL?tag=eloabder-20&linkCode=osi&th=1&psc=1"><img src="https://m.media-amazon.com/images/I/41EqJ553-KL._SL500_.jpg" alt="Product Image"></a><p>Amanbo Glue Tape for Scrapbooking, 6 Pack Scrapbook Tape, Double Sided Tape Roller for Crafts, Total 120 Ft x 0.24 in Tape Runner, Craft Supplies for Scrapbooking, Gift Wrapping and Photo Tape</p><p>$6.99</p><a href="https://www.amazon.com/dp/B0D4YWRGCL?tag=eloabder-20&linkCode=osi&th=1&psc=1">View Product</a></div>
<div class="product"><a href="https://www.amazon.com/dp/B0CC5HPPTN?tag=eloabder-20&linkCode=osi&th=1&psc=1"><img src="https://m.media-amazon.com/images/I/519M81S201L._SL500_.jpg" alt="Product Image"></a><p>Airbrush Paint - 30 Colors with 3 Thinner, Ready to Spray Airbrush Paint Set, Water-Based Acrylic Air brush Paints for Metal, Plastic Models, Canvas, Wood, 20ml/Bottle</p><p>$32.99 ($1.48 / Fl Oz)</p><a href="https://www.amazon.com/dp/B0CC5HPPTN?tag=eloabder-20&linkCode=osi&th=1&psc=1">View Product</a></div>
<div class="product"><a href="https://www.amazon.com/dp/B0CXPSGK36?tag=eloabder-20&linkCode=osi&th=1&psc=1"><img src="https://m.media-amazon.com/images/I/51dd2dYOtrL._SL500_.jpg" alt="Product Image"></a><p>Letter Stickers 30 Sheets 1500 PCS Large Alphabet Sticker 2 Inch Vinyl Self Adhesive Stick on Stickers for Water Bottles Cup Mailbox Number Address Craft Scrapbooking Bulletin Board Decor Multicolor</p><p>$9.99</p><a href="https://www.amazon.com/dp/B0CXPSGK36?tag=eloabder-20&linkCode=osi&th=1&psc=1">View Product</a></div><div class="product"><a href="https://www.amazon.com/dp/B07NNYFMGY?tag=eloabder-20&linkCode=osi&th=1&psc=1"><img src="https://m.media-amazon.com/images/I/51yDnU+gEXL._SL500_.jpg" alt="Product Image"></a><p>20 Sheets Alphabet Letter Stickers 10 Colors Self Adhesive Sticker Colorful PU Material Convex Feeling (Colored Letter Stickers 1)</p><p>$6.99 ($0.35 / Count)</p><a href="https://www.amazon.com/dp/B07NNYFMGY?tag=eloabder-20&linkCode=osi&th=1&psc=1">View Product</a></div>

<div class="product"><a href="https://www.amazon.com/dp/B01DDN8854?tag=eloabder-20&linkCode=osi&th=1&psc=1"><img src="https://m.media-amazon.com/images/I/61dPubDZBSL._SL500_.jpg" alt="Product Image"></a><p>Hugs 'n Kisses HNKHABY13 Applique Paper (20 Pack)</p><p>$19.72 ($0.99 / Count)</p><a href="https://www.amazon.com/dp/B01DDN8854?tag=eloabder-20&linkCode=osi&th=1&psc=1">View Product</a></div>
<div class="product"><a href="https://www.amazon.com/dp/B09KPNFJW1?tag=eloabder-20&linkCode=osi&th=1&psc=1"><img src="https://m.media-amazon.com/images/I/41abn5fELmL._SL500_.jpg" alt="Product Image"></a><p>UniPleased Disposable Aprons (50 Count), Plastic apron for Painting Party, Cooking, Housework, Picnic etc.</p><p>$5.69</p><a href="https://www.amazon.com/dp/B09KPNFJW1?tag=eloabder-20&linkCode=osi&th=1&psc=1">View Product</a></div>
<div class="product"><a href="https://www.amazon.com/dp/B087M21MM2?tag=eloabder-20&linkCode=osi&th=1&psc=1"><img src="https://m.media-amazon.com/images/I/41Xf-jehhLL._SL500_.jpg" alt="Product Image"></a><p>GOTIDEAL Stretched Canvas, Multi Pack 4x4, 5x7, 8x10,9x12, 11x14 Set of 10, Primed White - 100% Cotton Artist Canvas Boards for Painting, Acrylic Pouring, Oil Paint Dry & Wet Art Media</p><p>$24.99</p><a href="https://www.amazon.com/dp/B087M21MM2?tag=eloabder-20&linkCode=osi&th=1&psc=1">View Product</a></div><div class="product"><a href="https://www.amazon.com/dp/B00OQJYISG?tag=eloabder-20&linkCode=osi&th=1&psc=1"><img src="https://m.media-amazon.com/images/I/31fEDLPkkcL._SL500_.jpg" alt="Product Image"></a><p>6 Count 12” x 16” Super Value Canvas by Artist's Loft Necessities - Acid Free Cotton Canvas for Paint, Acrylic, & Oils - 1 Pack</p><p>$19.99</p><a href="https://www.amazon.com/dp/B00OQJYISG?tag=eloabder-20&linkCode=osi&th=1&psc=1">View Product</a></div><div class="product"><a href="https://www.amazon.com/dp/B09CDKB9HY?tag=eloabder-20&linkCode=osi&th=1&psc=1"><img src="https://m.media-amazon.com/images/I/51+p5xnClGL._SL500_.jpg" alt="Product Image"></a><p>DPDIAN Canvas Boards for Painting 40 Pack, 8 inch x 10 inch Super Value Pack, Artist Canvas Panels for Oil & Acrylic Painting</p><p>$29.99</p><a href="https://www.amazon.com/dp/B09CDKB9HY?tag=eloabder-20&linkCode=osi&th=1&psc=1">View Product</a></div><div class="product"><a href="https://www.amazon.com/dp/B0CFBGP29G?tag=eloabder-20&linkCode=osi&th=1&psc=1"><img src="https://m.media-amazon.com/images/I/3147Az5plbL._SL500_.jpg" alt="Product Image"></a><p>ArtSkills Stretched Canvases for Painting, 12x16 Canvas Painting Supplies for Artists, Blank Canvas Pack, 2-Pack</p><p>$16.99</p><a href="https://www.amazon.com/dp/B0CFBGP29G?tag=eloabder-20&linkCode=osi&th=1&psc=1">View Product</a></div><div class="product"><a href="https://www.amazon.com/dp/B07BNGQ1SS?tag=eloabder-20&linkCode=osi&th=1&psc=1"><img src="https://m.media-amazon.com/images/I/410ZVtygUwS._SL500_.jpg" alt="Product Image"></a><p>PHOENIX Stretched Canvas for Painting 8x10 Inch/10 Value Pack, 8 Oz Triple Primed 5/8 Inch Profile 100% Cotton White Blank Canvas, Artist Framed Canvas for Oil Acrylic & Pouring Art</p><p>$22.99</p><a href="https://www.amazon.com/dp/B07BNGQ1SS?tag=eloabder-20&linkCode=osi&th=1&psc=1">View Product</a></div><div class="product"><a href="https://www.amazon.com/dp/B0922JP1H4?tag=eloabder-20&linkCode=osi&th=1&psc=1"><img src="https://m.media-amazon.com/images/I/41BmiEND1KL._SL500_.jpg" alt="Product Image"></a><p>GOTIDEAL Canvases for Painting, 18 Pack Canvas Boards Multipack 4x4, 5x7, 8x10, 9x12,11x14,Primed White Blank Artist Canvas Variety Pack for Acrylic Paint, Oil Paint, Watercolor, Gouache</p><p>$19.99</p><a href="https://www.amazon.com/dp/B0922JP1H4?tag=eloabder-20&linkCode=osi&th=1&psc=1">View Product</a></div>


<div class="product"><a href="https://www.amazon.com/dp/B0872VFHBH?tag=eloabder-20&linkCode=osi&th=1&psc=1"><img src="https://m.media-amazon.com/images/I/51k3bekQheS._SL500_.jpg" alt="Product Image"></a><p>Bachmore Drawing Pad 9X12 Inch (110lb/180g), 60 Sheets, Top Spiral Bound Multi-Media for Artist Pro & Amateurs | Acrylic Art, Ink, Paint, Oil Pastels,Watercolor Mixed Media Sketch</p><p>$11.99</p><a href="https://www.amazon.com/dp/B0872VFHBH?tag=eloabder-20&linkCode=osi&th=1&psc=1">View Product</a></div><div class="product"><a href="https://www.amazon.com/dp/B0027A75A4?tag=eloabder-20&linkCode=osi&th=1&psc=1"><img src="https://m.media-amazon.com/images/I/51dyOxxcgYL._SL500_.jpg" alt="Product Image"></a><p>Strathmore 200 Series Sketch Pad, 9x12 inch, 100 Sheets, Tape Bound - Artist Sketchbook for Drawing, Illustration, Art Class Students</p><p>$6.99 ($0.07 / Count)</p><a href="https://www.amazon.com/dp/B0027A75A4?tag=eloabder-20&linkCode=osi&th=1&psc=1">View Product</a></div><div class="product"><a href="https://www.amazon.com/dp/B0BV13YQKX?tag=eloabder-20&linkCode=osi&th=1&psc=1"><img src="https://m.media-amazon.com/images/I/41VYfMpvXUL._SL500_.jpg" alt="Product Image"></a><p>Canson Graduate Watercolor Pad, Foldover, 9x12 inch, 20 Sheets | Artist Paper for Adults and Students - Painting, Gouache, Mixed Media and Ink</p><p>$4.97 ($0.41 / Count)</p><a href="https://www.amazon.com/dp/B0BV13YQKX?tag=eloabder-20&linkCode=osi&th=1&psc=1">View Product</a></div><div class="product"><a href="https://www.amazon.com/dp/B0024KMQ6K?tag=eloabder-20&linkCode=osi&th=1&psc=1"><img src="https://m.media-amazon.com/images/I/51sYdvPPUCL._SL500_.jpg" alt="Product Image"></a><p>Strathmore 400 Series Pastel Pad, Assorted Colors, 9"x12" Glue Bound, 24 Sheets</p><p>$9.11</p><a href="https://www.amazon.com/dp/B0024KMQ6K?tag=eloabder-20&linkCode=osi&th=1&psc=1">View Product</a></div><div class="product"><a href="https://www.amazon.com/dp/B00246O6PI?tag=eloabder-20&linkCode=osi&th=1&psc=1"><img src="https://m.media-amazon.com/images/I/517TUmckOIL._SL500_.jpg" alt="Product Image"></a><p>Strathmore 300 Series Drawing Paper Pad, Top Wire Bound, 11x14 inches, 50 Sheets (70lb/114g) - Artist Paper for Adults and Students - Charcoal, Colored Pencil, Ink, Pastel, Marker</p><p>$13.33</p><a href="https://www.amazon.com/dp/B00246O6PI?tag=eloabder-20&linkCode=osi&th=1&psc=1">View Product</a></div>
<div class="product"><a href="https://www.amazon.com/dp/B08ZMH7LJY?tag=eloabder-20&linkCode=osi&th=1&psc=1"><img src="https://m.media-amazon.com/images/I/51mJIsLJA-S._SL500_.jpg" alt="Product Image"></a><p>PANDAFLY Professional Drawing Sketching Pencil Set - 12 Pieces Graphite Pencils(14B - 2H), Ideal for Drawing Art, Sketching, Shading, Artist Pencils for Beginners & Pro Artists</p><p>$5.11</p><a href="https://www.amazon.com/dp/B08ZMH7LJY?tag=eloabder-20&linkCode=osi&th=1&psc=1">View Product</a></div><div class="product"><a href="https://www.amazon.com/dp/B088K1G5NL?tag=eloabder-20&linkCode=osi&th=1&psc=1"><img src="https://m.media-amazon.com/images/I/51F2bOMZWnL._SL500_.jpg" alt="Product Image"></a><p>MARKART Professional Drawing Sketching Pencil Set - 14 Pieces,Graphite,(12B - 4H), Ideal for Drawing Art, Sketching, Shading, Artist Pencils for Beginners & Pro Artists</p><p>$5.24</p><a href="https://www.amazon.com/dp/B088K1G5NL?tag=eloabder-20&linkCode=osi&th=1&psc=1">View Product</a></div><div class="product"><a href="https://www.amazon.com/dp/B08FHMRW4L?tag=eloabder-20&linkCode=osi&th=1&psc=1"><img src="https://m.media-amazon.com/images/I/51Pmn5gjyzL._SL500_.jpg" alt="Product Image"></a><p>Mr. Pen- Sketch Pencils for Drawing, 14 Pack, Drawing Pencils, Art Pencils, Graphite Pencils, Graphite Pencils for Drawing, Art Pencils for Drawing and Shading</p><p>$5.95</p><a href="https://www.amazon.com/dp/B08FHMRW4L?tag=eloabder-20&linkCode=osi&th=1&psc=1">View Product</a></div><div class="product"><a href="https://www.amazon.com/dp/B0BNQ58DC4?tag=eloabder-20&linkCode=osi&th=1&psc=1"><img src="https://m.media-amazon.com/images/I/51e-gQtCcCL._SL500_.jpg" alt="Product Image"></a><p>MARTCOLOR Drawing Sketching Pencils Set, 12 Pack Graphite Pencils(14B - 2H), Ideal for Drawing Art, Sketching, Shading, Artist Pencils for Beginners & Pro Artists</p><p>$5.99</p><a href="https://www.amazon.com/dp/B0BNQ58DC4?tag=eloabder-20&linkCode=osi&th=1&psc=1">View Product</a></div>

<div class="product"><a href="https://www.amazon.com/dp/B0851M3749?tag=eloabder-20&linkCode=osi&th=1&psc=1"><img src="https://m.media-amazon.com/images/I/41KKSGSDl5L._SL500_.jpg" alt="Product Image"></a><p>N NOROCME 12 PCS Blending Stumps and Tortillions Paper Art Blenders with Sandpaper Pencil Sharpener Pointer for Student Artist Charcoal Sketch Drawing Tools</p><p>$4.99</p><a href="https://www.amazon.com/dp/B0851M3749?tag=eloabder-20&linkCode=osi&th=1&psc=1">View Product</a></div><div class="product"><a href="https://www.amazon.com/dp/B09J3HKN8F?tag=eloabder-20&linkCode=osi&th=1&psc=1"><img src="https://m.media-amazon.com/images/I/51Qvx81eQLL._SL500_.jpg" alt="Product Image"></a><p>Eraser Pencils Set for Artists, Wooden Sketch Eraser Pen for Charcoal Drawings, Professional Highlight Painting Eraser for Sketching, Revise Erasing Details for Students Limner</p><p>$6.99</p><a href="https://www.amazon.com/dp/B09J3HKN8F?tag=eloabder-20&linkCode=osi&th=1&psc=1">View Product</a></div>
<div class="product"><a href="https://www.amazon.com/dp/B09WCQ89T8?tag=eloabder-20&linkCode=osi&th=1&psc=1"><img src="https://m.media-amazon.com/images/I/41gZz0qgBFL._SL500_.jpg" alt="Product Image"></a><p>Bernat BABY BLANKET BB Blue Dreams Yarn - 1 Pack of 10.5oz/300g - Polyester - #6 Super Bulky - 220 Yards - Knitting/Crochet</p><p>$6.97</p><a href="https://www.amazon.com/dp/B09WCQ89T8?tag=eloabder-20&linkCode=osi&th=1&psc=1">View Product</a></div><div class="product"><a href="https://www.amazon.com/dp/B07V5JVNFD?tag=eloabder-20&linkCode=osi&th=1&psc=1"><img src="https://m.media-amazon.com/images/I/41IS+HdtiOL._SL500_.jpg" alt="Product Image"></a><p>Lion Brand Yarn Basic Stitch Anti-Pilling Knitting Yarn, Yarn for Crocheting, 1-Pack, Baby Blue</p><p>$8.40 ($0.02 / Foot)</p><a href="https://www.amazon.com/dp/B07V5JVNFD?tag=eloabder-20&linkCode=osi&th=1&psc=1">View Product</a></div><div class="product"><a href="https://www.amazon.com/dp/B01M0AJID2?tag=eloabder-20&linkCode=osi&th=1&psc=1"><img src="https://m.media-amazon.com/images/I/41yVau0AUpL._SL500_.jpg" alt="Product Image"></a><p>Lion Brand Yarn (1 Skein) Lion Brand Yarn Babysoft Baby Yarn Yarn, Little Boy Blue Multicolor</p><p>$7.19 ($0.01 / Foot)</p><a href="https://www.amazon.com/dp/B01M0AJID2?tag=eloabder-20&linkCode=osi&th=1&psc=1">View Product</a></div><div class="product"><a href="https://www.amazon.com/dp/B09W1KHF42?tag=eloabder-20&linkCode=osi&th=1&psc=1"><img src="https://m.media-amazon.com/images/I/41maDlrio5L._SL500_.jpg" alt="Product Image"></a><p>Red Heart Super Saver Light Blue Yarn - 3 Pack of 198g/7oz - Acrylic - 4 Medium (Worsted) - 364 Yards - Knitting/Crochet</p><p>$13.29 ($4.43 / Count)</p><a href="https://www.amazon.com/dp/B09W1KHF42?tag=eloabder-20&linkCode=osi&th=1&psc=1">View Product</a></div><div class="product"><a href="https://www.amazon.com/dp/B08LKVZ3CX?tag=eloabder-20&linkCode=osi&th=1&psc=1"><img src="https://m.media-amazon.com/images/I/41GLizNx8UL._SL500_.jpg" alt="Product Image"></a><p>Bernat Baby Blanket Baby Blue Yarn - 3 Pack of 100g/3.5oz - Polyester - 6 Super Bulky - 72 Yards - Knitting/Crochet</p><p>$21.81</p><a href="https://www.amazon.com/dp/B08LKVZ3CX?tag=eloabder-20&linkCode=osi&th=1&psc=1">View Product</a></div><div class="product"><a href="https://www.amazon.com/dp/B0CHJ95WHJ?tag=eloabder-20&linkCode=osi&th=1&psc=1"><img src="https://m.media-amazon.com/images/I/314E1EQdihL._SL500_.jpg" alt="Product Image"></a><p>NORCIA Soft Velvet Yarn Chenille Yarn for Crocheting Baby Blanket Yarn for Knitting Amigurumi Yarn Fancy Yarn for Crochet Weaving Craft (Baby Blue, 1 Skein)</p><p>$9.99</p><a href="https://www.amazon.com/dp/B0CHJ95WHJ?tag=eloabder-20&linkCode=osi&th=1&psc=1">View Product</a></div>
<div class="product"><a href="https://www.amazon.com/dp/B0779F2TXJ?tag=eloabder-20&linkCode=osi&th=1&psc=1"><img src="https://m.media-amazon.com/images/I/31kqZr8DJzL._SL500_.jpg" alt="Product Image"></a><p>OPENDGO Feather Ballpoint Pen ，Black Ink Vintage Feather Quill Refined Plated Rod Quill Ballpoint Pen For School Writing ▏Wedding Gift Signature Pen (Black)</p><p>$6.97</p><a href="https://www.amazon.com/dp/B0779F2TXJ?tag=eloabder-20&linkCode=osi&th=1&psc=1">View Product</a></div><div class="product"><a href="https://www.amazon.com/dp/B0CQF3BJ3S?tag=eloabder-20&linkCode=osi&th=1&psc=1"><img src="https://m.media-amazon.com/images/I/41gs6AOiP6L._SL500_.jpg" alt="Product Image"></a><p>3 in 1 Retractable Ballpoint Pen with Light and Stylus, Nice Pens for Journaling Writing in The Dark - White/Red Light Tip- 0.7mm Black Ink</p><p>$12.99</p><a href="https://www.amazon.com/dp/B0CQF3BJ3S?tag=eloabder-20&linkCode=osi&th=1&psc=1">View Product</a></div><div class="product"><a href="https://www.amazon.com/dp/B08BBZ3B8G?tag=eloabder-20&linkCode=osi&th=1&psc=1"><img src="https://m.media-amazon.com/images/I/41cMHyw60wL._SL500_.jpg" alt="Product Image"></a><p>Mr. Pen- Pens, Black Pens, 12 Pack, Fast Dry, No Smear Pens, Bible Pens, Pens for Journaling, Pens No Bleed Through, Pens Fine Point, Journal Pens, Fine Tip, Planner Pens, Ball Point Journal Pens</p><p>$9.99</p><a href="https://www.amazon.com/dp/B08BBZ3B8G?tag=eloabder-20&linkCode=osi&th=1&psc=1">View Product</a></div><div class="product"><a href="https://www.amazon.com/dp/B0D4YWWGX6?tag=eloabder-20&linkCode=osi&th=1&psc=1"><img src="https://m.media-amazon.com/images/I/31xHBCCzJqL._SL500_.jpg" alt="Product Image"></a><p>PATIKIL 21cm/8" Feather Ballpoint Pen, 1Pcs Ink Vintage Quill Pen Refined Plated Dip Pen for Calligraphy Writing Signature Wedding Gift, Yellow</p><p>$7.49</p><a href="https://www.amazon.com/dp/B0D4YWWGX6?tag=eloabder-20&linkCode=osi&th=1&psc=1">View Product</a></div>

<div class="product"><a href="https://www.amazon.com/dp/B001TLDEVQ?tag=eloabder-20&linkCode=osi&th=1&psc=1"><img src="https://m.media-amazon.com/images/I/41jYF39F6lL._SL500_.jpg" alt="Product Image"></a><p>Beadalon SuppleMax Illusion Beading Cord, 0.40 mm / 0.016 in, Clear Monofilament, 50 m / 164 ft</p><p>$4.74</p><a href="https://www.amazon.com/dp/B001TLDEVQ?tag=eloabder-20&linkCode=osi&th=1&psc=1">View Product</a></div><div class="product"><a href="https://www.amazon.com/dp/B0D2HVFZ7Q?tag=eloabder-20&linkCode=osi&th=1&psc=1"><img src="https://m.media-amazon.com/images/I/41R66LMYz7L._SL500_.jpg" alt="Product Image"></a><p>Zxiixz 116Yards 0.5mm Bracelet String, Waxed String Cord for Bracelet Making, Beading Thread for Bracelet Beads, Friendship Bracelet String for Bracelet Making, Waxed Polyester Cord for Jewelry Making</p><p>$6.99</p><a href="https://www.amazon.com/dp/B0D2HVFZ7Q?tag=eloabder-20&linkCode=osi&th=1&psc=1">View Product</a></div><div class="product"><a href="https://www.amazon.com/dp/B07BNF8KH5?tag=eloabder-20&linkCode=osi&th=1&psc=1"><img src="https://m.media-amazon.com/images/I/51jVByheyVL._SL500_.jpg" alt="Product Image"></a><p>PH PandaHall 100 Yards 1mm Waxed Cotton Cord Thread Beading String for Bracelet Necklace Making Crafting Beading Macrame Vase Decor, Burlywood</p><p>$7.19 ($0.02 / Foot)</p><a href="https://www.amazon.com/dp/B07BNF8KH5?tag=eloabder-20&linkCode=osi&th=1&psc=1">View Product</a></div><div class="product"><a href="https://www.amazon.com/dp/B07HBPGXJG?tag=eloabder-20&linkCode=osi&th=1&psc=1"><img src="https://m.media-amazon.com/images/I/41xi8gO6kDL._SL500_.jpg" alt="Product Image"></a><p>Paxcoo 0.8mm Elastic String, Stretchy Bracelet String Crystal String Bead Cord for Bracelet, Beading and Jewelry Making (120m)</p><p>$6.99 ($0.02 / Foot)</p><a href="https://www.amazon.com/dp/B07HBPGXJG?tag=eloabder-20&linkCode=osi&th=1&psc=1">View Product</a></div><div class="product"><a href="https://www.amazon.com/dp/B0CNPST7D9?tag=eloabder-20&linkCode=osi&th=1&psc=1"><img src="https://m.media-amazon.com/images/I/41A9VISFC4L._SL500_.jpg" alt="Product Image"></a><p>Kblick Black Nylon String Cord - 1MM 100 Yards Black Twine, Bracelet String for Bracelet Making, Braided Ornament Lanyard Sting, Jewelry Thread Clay Bead String for Crafts, Macrame Satin Cord</p><p>$5.99 ($0.02 / Foot)</p><a href="https://www.amazon.com/dp/B0CNPST7D9?tag=eloabder-20&linkCode=osi&th=1&psc=1">View Product</a></div><div class="product"><a href="https://www.amazon.com/dp/B08GC3JF9X?tag=eloabder-20&linkCode=osi&th=1&psc=1"><img src="https://m.media-amazon.com/images/I/41FQZYhvQpL._SL500_.jpg" alt="Product Image"></a><p>Cheriswelry 100M 0.8mm Nylon Beading Cord Black Chinese Knotting Rattail Macrame Thread String Roll for Jewelry Making Kumihimo Wrapping Supplies DIY Crafts</p><p>$6.99 ($0.02 / Fl Oz)</p><a href="https://www.amazon.com/dp/B08GC3JF9X?tag=eloabder-20&linkCode=osi&th=1&psc=1">View Product</a></div><div class="product"><a href="https://www.amazon.com/dp/B0B3V9RWQC?tag=eloabder-20&linkCode=osi&th=1&psc=1"><img src="https://m.media-amazon.com/images/I/41F-OP+yCxL._SL500_.jpg" alt="Product Image"></a><p>Griffin Silk Bead Cord Perlseide – Black Color – Size 3 (0.50mm) – 2 Meters per Card – Stainless Steel Needle Attached – for Knotting Pearls, Gemstones, Crystals and Beads</p><p>$4.99 ($0.76 / Foot)</p><a href="https://www.amazon.com/dp/B0B3V9RWQC?tag=eloabder-20&linkCode=osi&th=1&psc=1">View Product</a></div><div class="product"><a href="https://www.amazon.com/dp/B08F49YVQP?tag=eloabder-20&linkCode=osi&th=1&psc=1"><img src="https://m.media-amazon.com/images/I/41yCMIpj0rS._SL500_.jpg" alt="Product Image"></a><p>1mm Stretchy Bracelet String, Sturdy Rainbow Elastic String Elastic Cord for Jewelry Making, Necklaces, Beading and Crafts</p><p>$6.99 ($0.04 / Foot)</p><a href="https://www.amazon.com/dp/B08F49YVQP?tag=eloabder-20&linkCode=osi&th=1&psc=1">View Product</a></div>

<div class="product"><a href="https://www.amazon.com/dp/B001GMUBJ6?tag=eloabder-20&linkCode=osi&th=1&psc=1"><img src="https://m.media-amazon.com/images/I/41V5qzn3H5L._SL500_.jpg" alt="Product Image"></a><p>The Beadsmith Fireline by Berkley – Micro-Fused Braided Thread – 6lb. Test, 006”/.15mm Diameter, 50 Yard Spool, Crystal Color – Super Strong Stringing Material for Jewelry Making and Bead Weaving</p><p>$12.59</p><a href="https://www.amazon.com/dp/B001GMUBJ6?tag=eloabder-20&linkCode=osi&th=1&psc=1">View Product</a></div><div class="product"><a href="https://www.amazon.com/dp/B001UAKK0Y?tag=eloabder-20&linkCode=osi&th=1&psc=1"><img src="https://m.media-amazon.com/images/I/41rY1D0wfuL._SL500_.jpg" alt="Product Image"></a><p>Beadalon Wildfire, 0.006 in, 0.15 mm, Break Strength 10 lb / 4.5 kg, Frost, 50 yd / 45 m</p><p>$8.85 ($0.06 / Foot)</p><a href="https://www.amazon.com/dp/B001UAKK0Y?tag=eloabder-20&linkCode=osi&th=1&psc=1">View Product</a></div><div class="product"><a href="https://www.amazon.com/dp/B095WY58F4?tag=eloabder-20&linkCode=osi&th=1&psc=1"><img src="https://m.media-amazon.com/images/I/41mXRfJqcjL._SL500_.jpg" alt="Product Image"></a><p>PH PandaHall 0.1mm Nylon Seed Bead Thread 100 Yards Black White Bracelet Cord Beading Thread Invisible Sewing Thread Nylon Braided Thread String for Leather Stitching Beading Jewelry Bracelets Making</p><p>$9.99 ($0.03 / Foot)</p><a href="https://www.amazon.com/dp/B095WY58F4?tag=eloabder-20&linkCode=osi&th=1&psc=1">View Product</a></div><div class="product"><a href="https://www.amazon.com/dp/B08RN2R2SZ?tag=eloabder-20&linkCode=osi&th=1&psc=1"><img src="https://m.media-amazon.com/images/I/41Tg2MMC++L._SL500_.jpg" alt="Product Image"></a><p>KO Nylon Beading Thread, White Color, Japanese Pre-Waxed 100% Nylon, 330TEX, Tangle Resistant Knotting Cords, 50m /55 yds Spool, Use for Seed Bead Projects, Loom Work & Bead Weaving</p><p>$7.06 ($0.04 / Foot)</p><a href="https://www.amazon.com/dp/B08RN2R2SZ?tag=eloabder-20&linkCode=osi&th=1&psc=1">View Product</a></div><div class="product"><a href="https://www.amazon.com/dp/B09J89ST79?tag=eloabder-20&linkCode=osi&th=1&psc=1"><img src="https://m.media-amazon.com/images/I/41hLuuOZeXL._SL500_.jpg" alt="Product Image"></a><p>2 Roll Polyester Thread, Heavy Duty Thread, 1500Yard/Reel 210D/3 nylon thread for sewing, Sewing Thread for Upholstery, Outdoor Market, Drapery, Leather, Beading, Crafts</p><p>$7.99 ($0.00 / Foot)</p><a href="https://www.amazon.com/dp/B09J89ST79?tag=eloabder-20&linkCode=osi&th=1&psc=1">View Product</a></div><div class="product"><a href="https://www.amazon.com/dp/B0C6MSY7QQ?tag=eloabder-20&linkCode=osi&th=1&psc=1"><img src="https://m.media-amazon.com/images/I/31Bn-MyA62L._SL500_.jpg" alt="Product Image"></a><p>PH PandaHall 0.1mm Nylon String 100 Yards Beading Thread White Nylon Seed Bead Thread Bracelet Beading Thread Sewing String for Leather Stitching Beading Jewelry Bracelets Making</p><p>$7.99 ($0.03 / Foot)</p><a href="https://www.amazon.com/dp/B0C6MSY7QQ?tag=eloabder-20&linkCode=osi&th=1&psc=1">View Product</a></div>

<div class="product"><a href="https://www.amazon.com/dp/B07NMNDT1W?tag=eloabder-20&linkCode=osi&th=1&psc=1"><img src="https://m.media-amazon.com/images/I/41-zwQIcVcL._SL500_.jpg" alt="Product Image"></a><p>Howemon White Beeswax Pellets 2LB 100% Pure and Natural Triple Filtered for Skin, Face, Body and Hair Care DIY Creams, Lotions, Lip Balm and Soap Making Supplies</p><p>$13.99 ($0.44 / Fl Oz)</p><a href="https://www.amazon.com/dp/B07NMNDT1W?tag=eloabder-20&linkCode=osi&th=1&psc=1">View Product</a></div><div class="product"><a href="https://www.amazon.com/dp/B00B3U0FW4?tag=eloabder-20&linkCode=osi&th=1&psc=1"><img src="https://m.media-amazon.com/images/I/51rWFCST+TL._SL500_.jpg" alt="Product Image"></a><p>Beesworks Yellow Beeswax Pellets (1 lb) | 100% Pure, Cosmetic Grade, Triple-Filtered Beeswax for DIY Skin care, Lip Balm, Lotion, and Candle Making</p><p>$13.99 ($0.87 / Ounce)</p><a href="https://www.amazon.com/dp/B00B3U0FW4?tag=eloabder-20&linkCode=osi&th=1&psc=1">View Product</a></div><div class="product"><a href="https://www.amazon.com/dp/B01LWX2IO1?tag=eloabder-20&linkCode=osi&th=1&psc=1"><img src="https://m.media-amazon.com/images/I/41MlNqhDyCL._SL500_.jpg" alt="Product Image"></a><p>Beesworks Yellow Beeswax Bars (6 oz) | 100% Pure, Cosmetic Grade, Triple-Filtered Beeswax for DIY Skin Care, Lip Balm, Lotion and Candle Making (1 oz Bars - Pack of 6)</p><p>$6.99</p><a href="https://www.amazon.com/dp/B01LWX2IO1?tag=eloabder-20&linkCode=osi&th=1&psc=1">View Product</a></div><div class="product"><a href="https://www.amazon.com/dp/B0BV77F19N?tag=eloabder-20&linkCode=osi&th=1&psc=1"><img src="https://m.media-amazon.com/images/I/41xzHaO1-EL._SL500_.jpg" alt="Product Image"></a><p>Beeswax Pellets 10LB Cosmetic Beeswax Triple Filtered Beeswax Pastilles for Candle Making Great for DIY Projects Creams Lotions Lip Balm and Soap Making Supplies(10LB)</p><p>$32.99</p><a href="https://www.amazon.com/dp/B0BV77F19N?tag=eloabder-20&linkCode=osi&th=1&psc=1">View Product</a></div><div class="product"><a href="https://www.amazon.com/dp/B0C9QSG3CY?tag=eloabder-20&linkCode=osi&th=1&psc=1"><img src="https://m.media-amazon.com/images/I/414XQcU6SRL._SL500_.jpg" alt="Product Image"></a><p>YASNAY White Beeswax Pellets 2LB, 100% Organic Beeswax, Beeswax for Candle Making, Body, Skin Care DIY, Lip Balm and Soap Making Supplies</p><p>$11.99</p><a href="https://www.amazon.com/dp/B0C9QSG3CY?tag=eloabder-20&linkCode=osi&th=1&psc=1">View Product</a></div><div class="product"><a href="https://www.amazon.com/dp/B097HTC4WN?tag=eloabder-20&linkCode=osi&th=1&psc=1"><img src="https://m.media-amazon.com/images/I/51pwMM7C6-L._SL500_.jpg" alt="Product Image"></a><p>Eco Lux 8 Yellow Beeswax Blocks 100% Pure Natural Organic Bees Wax 6.5oz</p><p>$8.49 ($1.35 / Ounce)</p><a href="https://www.amazon.com/dp/B097HTC4WN?tag=eloabder-20&linkCode=osi&th=1&psc=1">View Product</a></div><div class="product"><a href="https://www.amazon.com/dp/B00HDHQQCE?tag=eloabder-20&linkCode=osi&th=1&psc=1"><img src="https://m.media-amazon.com/images/I/41vF-7MwNhL._SL500_.jpg" alt="Product Image"></a><p>Murray's 100% Pure Beeswax 4 oz</p><p>$5.98 ($1.50 / Ounce)</p><a href="https://www.amazon.com/dp/B00HDHQQCE?tag=eloabder-20&linkCode=osi&th=1&psc=1">View Product</a></div><div class="product"><a href="https://www.amazon.com/dp/B09YM8JTLM?tag=eloabder-20&linkCode=osi&th=1&psc=1"><img src="https://m.media-amazon.com/images/I/41cjNuBnFEL._SL500_.jpg" alt="Product Image"></a><p>TRINIDa Beeswax Pellets 2LB(32 oz), 100% Organic Yellow Bees Wax for DIY Candles, Beeswax for Candle Making, Skin, Body, Face, and Hair Care, Lotions, DIY Creams, Lip Balm and Soap Making Supplies</p><p>$11.99</p><a href="https://www.amazon.com/dp/B09YM8JTLM?tag=eloabder-20&linkCode=osi&th=1&psc=1">View Product</a></div><div class="product"><a href="https://www.amazon.com/dp/B00F3CNMV4?tag=eloabder-20&linkCode=osi&th=1&psc=1"><img src="https://m.media-amazon.com/images/I/31pjrRAEa4L._SL500_.jpg" alt="Product Image"></a><p>Stakich Yellow Beeswax Block - Natural, Triple Filtered - 1 Pound, Honey Scent</p><p>$13.95 ($0.87 / Ounce)</p><a href="https://www.amazon.com/dp/B00F3CNMV4?tag=eloabder-20&linkCode=osi&th=1&psc=1">View Product</a></div><div class="product"><a href="https://www.amazon.com/dp/B0BXFZBZS9?tag=eloabder-20&linkCode=osi&th=1&psc=1"><img src="https://m.media-amazon.com/images/I/4178i9IB9KL._SL500_.jpg" alt="Product Image"></a><p>5LB Beeswax Pellets Beeswax for Candle Making Organic Beeswax Pellets for Skin Beeswax Beads Beeswax Bulk Beeswax for Lotion Making Organic for DIY and Craft Project</p><p>$22.99</p><a href="https://www.amazon.com/dp/B0BXFZBZS9?tag=eloabder-20&linkCode=osi&th=1&psc=1">View Product</a></div>
<div class="product"><a href="https://www.amazon.com/dp/B0052F1BVK?tag=eloabder-20&linkCode=osi&th=1&psc=1"><img src="https://m.media-amazon.com/images/I/41zE9eiGoLL._SL500_.jpg" alt="Product Image"></a><p>ACC Staples Large Binder Clips, 2" Width, 1" Capacity, Black, 12/Pk</p><p>$6.30</p><a href="https://www.amazon.com/dp/B0052F1BVK?tag=eloabder-20&linkCode=osi&th=1&psc=1">View Product</a></div><div class="product"><a href="https://www.amazon.com/dp/B07MLFR771?tag=eloabder-20&linkCode=osi&th=1&psc=1"><img src="https://m.media-amazon.com/images/I/51N2wxA7N0L._SL500_.jpg" alt="Product Image"></a><p>CooBigo 50 Pack Binder Ring, Metal Book Ring Paper Ring Holder 5/8-Inch Loose Leaf Binder Ring Clip for Index Card, Flash Card Ring, Card Calendar, Keychain Key Ring - Bronze</p><p>$6.99</p><a href="https://www.amazon.com/dp/B07MLFR771?tag=eloabder-20&linkCode=osi&th=1&psc=1">View Product</a></div><div class="product"><a href="https://www.amazon.com/dp/B01563NHGY?tag=eloabder-20&linkCode=osi&th=1&psc=1"><img src="https://m.media-amazon.com/images/I/41gj+0ZftqL._SL500_.jpg" alt="Product Image"></a><p>vanki Pack of 40 Cute Lovely Smiling Face Spring-Loaded File Organizer Paper Holder Metal Binder Clips, Assorted Color</p><p>$8.99</p><a href="https://www.amazon.com/dp/B01563NHGY?tag=eloabder-20&linkCode=osi&th=1&psc=1">View Product</a></div><div class="product"><a href="https://www.amazon.com/dp/B000GOUDSO?tag=eloabder-20&linkCode=osi&th=1&psc=1"><img src="https://m.media-amazon.com/images/I/41ZANISHgML._SL500_.jpg" alt="Product Image"></a><p>Small Binder Clips .75" 8/Pkg-Assorted Colors</p><p>$4.46</p><a href="https://www.amazon.com/dp/B000GOUDSO?tag=eloabder-20&linkCode=osi&th=1&psc=1">View Product</a></div>
<div class="product"><a href="https://www.amazon.com/dp/B07PRPX4VR?tag=eloabder-20&linkCode=osi&th=1&psc=1"><img src="https://m.media-amazon.com/images/I/41IMH12fdPL._SL500_.jpg" alt="Product Image"></a><p>Durable Sheet Lifters, Durable Easy Flow, 11" x 3", Lifts Sheets Over Rings and Protects Sheets from Tearing, Fit Standard 3-Ring Binders, Black (20 Pack)</p><p>$14.99</p><a href="https://www.amazon.com/dp/B07PRPX4VR?tag=eloabder-20&linkCode=osi&th=1&psc=1">View Product</a></div><div class="product"><a href="https://www.amazon.com/dp/B0CM8QJHFW?tag=eloabder-20&linkCode=osi&th=1&psc=1"><img src="https://m.media-amazon.com/images/I/31cJGS74oCL._SL500_.jpg" alt="Product Image"></a><p>Wantane D-Shaped Tape Storage Ring Tape Storage Ring 4" D-Shaped Washi Tape Storage Ring for DIY Decoration and Storage（Nickel）-2PCS</p><p>$7.99</p><a href="https://www.amazon.com/dp/B0CM8QJHFW?tag=eloabder-20&linkCode=osi&th=1&psc=1">View Product</a></div>
<div class="product"><a href="https://www.amazon.com/dp/B00006IAS3?tag=eloabder-20&linkCode=osi&th=1&psc=1"><img src="https://m.media-amazon.com/images/I/317DvSXhT1L._SL500_.jpg" alt="Product Image"></a><p>GBC Binding System, Manual, Desktop Binding Punch, 6 Sheet Punch Capacity, ProClick P50 (2515650)</p><p>$123.89</p><a href="https://www.amazon.com/dp/B00006IAS3?tag=eloabder-20&linkCode=osi&th=1&psc=1">View Product</a></div><div class="product"><a href="https://www.amazon.com/dp/B004BP81KQ?tag=eloabder-20&linkCode=osi&th=1&psc=1"><img src="https://m.media-amazon.com/images/I/51SqfeZ12KL._SL500_.jpg" alt="Product Image"></a><p>We R Memory Keepers Cinch Book Binding Wire (1-Inch, Silver (2 Pack))</p><p>$5.99</p><a href="https://www.amazon.com/dp/B004BP81KQ?tag=eloabder-20&linkCode=osi&th=1&psc=1">View Product</a></div>

<div class="product"><a href="https://www.amazon.com/dp/B0007ZJ8TM?tag=eloabder-20&linkCode=osi&th=1&psc=1"><img src="https://m.media-amazon.com/images/I/41i49sz3UAL._SL500_.jpg" alt="Product Image"></a><p>Speedball Super Black India Ink, 2-Ounce</p><p>$9.99 ($9.99 / Count)</p><a href="https://www.amazon.com/dp/B0007ZJ8TM?tag=eloabder-20&linkCode=osi&th=1&psc=1">View Product</a></div><div class="product"><a href="https://www.amazon.com/dp/B0026I10AI?tag=eloabder-20&linkCode=osi&th=1&psc=1"><img src="https://m.media-amazon.com/images/I/31vklP4uBsL._SL500_.jpg" alt="Product Image"></a><p>Dr. Ph. Martin's Bombay India (7BY) Ink Bottle, 1.0 oz, Black</p><p>$6.99</p><a href="https://www.amazon.com/dp/B0026I10AI?tag=eloabder-20&linkCode=osi&th=1&psc=1">View Product</a></div><div class="product"><a href="https://www.amazon.com/dp/B000KNP96C?tag=eloabder-20&linkCode=osi&th=1&psc=1"><img src="https://m.media-amazon.com/images/I/51e9srYtG0L._SL500_.jpg" alt="Product Image"></a><p>Winsor & Newton Drawing Ink, 14ml Bottle, Black Indian</p><p>$10.99</p><a href="https://www.amazon.com/dp/B000KNP96C?tag=eloabder-20&linkCode=osi&th=1&psc=1">View Product</a></div><div class="product"><a href="https://www.amazon.com/dp/B07BQG5QF4?tag=eloabder-20&linkCode=osi&th=1&psc=1"><img src="https://m.media-amazon.com/images/I/41nEMDYZaiL._SL500_.jpg" alt="Product Image"></a><p>Speedball Super Black India Ink, 16-Ounce</p><p>$19.99</p><a href="https://www.amazon.com/dp/B07BQG5QF4?tag=eloabder-20&linkCode=osi&th=1&psc=1">View Product</a></div><div class="product"><a href="https://www.amazon.com/dp/B001038NLY?tag=eloabder-20&linkCode=osi&th=1&psc=1"><img src="https://m.media-amazon.com/images/I/418i4sxJJ0L._SL500_.jpg" alt="Product Image"></a><p>Speedball Fabric Screen Printing Ink, 8-Ounce, Black for T-Shirt and Silkscreen Printmaking</p><p>$12.99 ($1.62 / Fl Oz)</p><a href="https://www.amazon.com/dp/B001038NLY?tag=eloabder-20&linkCode=osi&th=1&psc=1">View Product</a></div><div class="product"><a href="https://www.amazon.com/dp/B00161OPSA?tag=eloabder-20&linkCode=osi&th=1&psc=1"><img src="https://m.media-amazon.com/images/I/41C32y3CJAL._SL500_.jpg" alt="Product Image"></a><p>Tsukineko VersaFine inkpad, Full-Size, Onyx Black</p><p>$4.99 ($4.99 / Count)</p><a href="https://www.amazon.com/dp/B00161OPSA?tag=eloabder-20&linkCode=osi&th=1&psc=1">View Product</a></div>
<div class="product"><a href="https://www.amazon.com/dp/B07Q4TJCDJ?tag=eloabder-20&linkCode=osi&th=1&psc=1"><img src="https://m.media-amazon.com/images/I/315HYvYg-BL._SL500_.jpg" alt="Product Image"></a><p>Primbeeks 300pcs Blank Business Cards, Premium Blank White Cards, 3.5" x 2.2" Small Blank Cards, Blank Cardstock Cards, Small Note Cards, white blank cards, white business cards, kraft paper cards</p><p>$7.99</p><a href="https://www.amazon.com/dp/B07Q4TJCDJ?tag=eloabder-20&linkCode=osi&th=1&psc=1">View Product</a></div><div class="product"><a href="https://www.amazon.com/dp/B0CRGHFLT8?tag=eloabder-20&linkCode=osi&th=1&psc=1"><img src="https://m.media-amazon.com/images/I/41S1NLpb8hL._SL500_.jpg" alt="Product Image"></a><p>Watercolor Cards and Envelopes Set - 50 Folded 5x7 Inch Blank Heavyweight Paper Cards (140lb/300gsm) with Matching Envelopes for DIY Greeting Cards, Festivals, and Events</p><p>$17.99 ($0.36 / Count)</p><a href="https://www.amazon.com/dp/B0CRGHFLT8?tag=eloabder-20&linkCode=osi&th=1&psc=1">View Product</a></div><div class="product"><a href="https://www.amazon.com/dp/B08MX4TZ3H?tag=eloabder-20&linkCode=osi&th=1&psc=1"><img src="https://m.media-amazon.com/images/I/41D2u4vdLQL._SL500_.jpg" alt="Product Image"></a><p>50 Pack Blank Kraft Cards Cardstock Thick Paper Brown Greeting Cards for DIY Gift Card Menus, Baby Shower and Wedding Invitations (Multicolored, 5x7IN)</p><p>$8.99</p><a href="https://www.amazon.com/dp/B08MX4TZ3H?tag=eloabder-20&linkCode=osi&th=1&psc=1">View Product</a></div><div class="product"><a href="https://www.amazon.com/dp/B08BDGGVMK?tag=eloabder-20&linkCode=osi&th=1&psc=1"><img src="https://m.media-amazon.com/images/I/41W-dTUoBqL._SL500_.jpg" alt="Product Image"></a><p>100pcs 3.54"x2" Blank Kraft Paper Business Card, Words Message Notes paper Tags, Mini Craft Cardboard Festival gifts - 6 colors</p><p>$5.98</p><a href="https://www.amazon.com/dp/B08BDGGVMK?tag=eloabder-20&linkCode=osi&th=1&psc=1">View Product</a></div><div class="product"><a href="https://www.amazon.com/dp/B08BFDJJ78?tag=eloabder-20&linkCode=osi&th=1&psc=1"><img src="https://m.media-amazon.com/images/I/61LZ1Csb+dL._SL500_.jpg" alt="Product Image"></a><p>Nettbe 100pcs 3.54"x2" Blank Kraft Paper Business Card, Words Message Notes paper Tags, Mini Craft Cardboard Festival gifts</p><p>$5.99</p><a href="https://www.amazon.com/dp/B08BFDJJ78?tag=eloabder-20&linkCode=osi&th=1&psc=1">View Product</a></div><div class="product"><a href="https://www.amazon.com/dp/B07Q8YBJM3?tag=eloabder-20&linkCode=osi&th=1&psc=1"><img src="https://m.media-amazon.com/images/I/31w6U4cCqEL._SL500_.jpg" alt="Product Image"></a><p>Primbeeks 228pcs Blank Business Cards, Premium Blank White Cards, 3.5" x 2.2" Small Blank Cards, Blank Cardstock Cards, Small Note Cards, white blank cards, white business cards, kraft paper cards</p><p>$5.99</p><a href="https://www.amazon.com/dp/B07Q8YBJM3?tag=eloabder-20&linkCode=osi&th=1&psc=1">View Product</a></div><div class="product"><a href="https://www.amazon.com/dp/B08X4Z9TGN?tag=eloabder-20&linkCode=osi&th=1&psc=1"><img src="https://m.media-amazon.com/images/I/41Jqhe35tDL._SL500_.jpg" alt="Product Image"></a><p>321Done Blank Rustic Cards, Made in USA - 4x6 Thick, Heavy Cardstock - Make Invites, Greeting, Note, Thank You Cards - Plain Kraft for Writing, Stamping, Printing, Art - No Envelopes - Set of 50</p><p>$14.99</p><a href="https://www.amazon.com/dp/B08X4Z9TGN?tag=eloabder-20&linkCode=osi&th=1&psc=1">View Product</a></div><div class="product"><a href="https://www.amazon.com/dp/B0D2KDWBNM?tag=eloabder-20&linkCode=osi&th=1&psc=1"><img src="https://m.media-amazon.com/images/I/31dAhnBJ7aL._SL500_.jpg" alt="Product Image"></a><p>4x6 Blank White Cardstock (Set of 100) - Card Stock for Printer Postcards, Photo Paper Invitations, Greeting, Note, Thank You, DIY Making, Index Cards - Plain for Writing, Stamping, Printing, Art</p><p>$8.99</p><a href="https://www.amazon.com/dp/B0D2KDWBNM?tag=eloabder-20&linkCode=osi&th=1&psc=1">View Product</a></div><div class="product"><a href="https://www.amazon.com/dp/B0BB858RYN?tag=eloabder-20&linkCode=osi&th=1&psc=1"><img src="https://m.media-amazon.com/images/I/317zmriPKNL._SL500_.jpg" alt="Product Image"></a><p>WANDERINGS Handmade White Deckle Edge Blank Greeting Cards- Folded to 5x7” - Pack of 25 - Writers, Artists, Crafters - Thank Yous, Invitations, Menus, Greeting Cards, Notes - Thick 150 GSM</p><p>$21.99 ($0.88 / Count)</p><a href="https://www.amazon.com/dp/B0BB858RYN?tag=eloabder-20&linkCode=osi&th=1&psc=1">View Product</a></div><div class="product"><a href="https://www.amazon.com/dp/B0BZPPXRZW?tag=eloabder-20&linkCode=osi&th=1&psc=1"><img src="https://m.media-amazon.com/images/I/21Da-WQhrpL._SL500_.jpg" alt="Product Image"></a><p>100 Pack Thick Paper Cardstock Blank Heavy Cards Stock for Invitations, Greeting Cards Making, Postcards, Photos, 250GSM Thick Paper (White, 2x3.5 inches)</p><p>$5.99</p><a href="https://www.amazon.com/dp/B0BZPPXRZW?tag=eloabder-20&linkCode=osi&th=1&psc=1">View Product</a></div>
<div class="product"><a href="https://www.amazon.com/dp/B0BZRDQKH6?tag=eloabder-20&linkCode=osi&th=1&psc=1"><img src="https://m.media-amazon.com/images/I/41GYYRiusgL._SL500_.jpg" alt="Product Image"></a><p>feela 8 Pack Unlined Kraft Paper Notebooks, Blank Journal Note Pad for Drawing Writing, Small Sketchbook Travel Journal Bulk for Women Kids Students Office School Supplies, A5, 60 Pages, 8.3” X 5.5”</p><p>$9.99</p><a href="https://www.amazon.com/dp/B0BZRDQKH6?tag=eloabder-20&linkCode=osi&th=1&psc=1">View Product</a></div><div class="product"><a href="https://www.amazon.com/dp/B0BXLB74KK?tag=eloabder-20&linkCode=osi&th=1&psc=1"><img src="https://m.media-amazon.com/images/I/313vYzg7HpL._SL500_.jpg" alt="Product Image"></a><p>ZZTX 4 Pack Blank Kraft Notebooks, Blank Paper Sketchbooks for Drawing Doodling Writing,Travel Journal Set, A5, 36 Pages, 8.3” X 5.5”</p><p>$5.99</p><a href="https://www.amazon.com/dp/B0BXLB74KK?tag=eloabder-20&linkCode=osi&th=1&psc=1">View Product</a></div><div class="product"><a href="https://www.amazon.com/dp/B0BW5TNPXJ?tag=eloabder-20&linkCode=osi&th=1&psc=1"><img src="https://m.media-amazon.com/images/I/31Wu8UP78iL._SL500_.jpg" alt="Product Image"></a><p>EOOUT Kraft Notebooks, Blank Page Journals in Bulk, 16pcs A5, 8.3 X 5.5 Inches, 60 Pages, 80gsm, Travel Journal Set, for Art Camp, Travelers, Students and Office Supplies Sketchbooks Bulk for Kids</p><p>$15.99</p><a href="https://www.amazon.com/dp/B0BW5TNPXJ?tag=eloabder-20&linkCode=osi&th=1&psc=1">View Product</a></div><div class="product"><a href="https://www.amazon.com/dp/B08P3F46SD?tag=eloabder-20&linkCode=osi&th=1&psc=1"><img src="https://m.media-amazon.com/images/I/41jeBDcZJ1L._SL500_.jpg" alt="Product Image"></a><p>Krafty Soft Cover Blank Notebook Journal, Spiral Sketchbook Pad, Drawing Book, 60 Sheets/140gsm (A4)/120 Pages</p><p>$7.99</p><a href="https://www.amazon.com/dp/B08P3F46SD?tag=eloabder-20&linkCode=osi&th=1&psc=1">View Product</a></div><div class="product"><a href="https://www.amazon.com/dp/B0CWNPMC4T?tag=eloabder-20&linkCode=osi&th=1&psc=1"><img src="https://m.media-amazon.com/images/I/31BZeVGe6TL._SL500_.jpg" alt="Product Image"></a><p>zmybcpack 5 Pack Blank Journal Notebooks, Blank Paper Sketchbook for Drawing Writing, Travel Journal Notebook Kraft Paper Notebook for Travelers, Students, Office, A5, 8.26” x 5.5”, 60 Pages/30 Sheets</p><p>$8.99</p><a href="https://www.amazon.com/dp/B0CWNPMC4T?tag=eloabder-20&linkCode=osi&th=1&psc=1">View Product</a></div><div class="product"><a href="https://www.amazon.com/dp/B07WHYP9WN?tag=eloabder-20&linkCode=osi&th=1&psc=1"><img src="https://m.media-amazon.com/images/I/41ZhyCux1yL._SL500_.jpg" alt="Product Image"></a><p>Thick Blank Journal Notebook with Unlined / Unruled / Plain Pages | Deluxe 120gsm Ink Resistant Paper for Writing, Sketch Book, 160 Pages | Hardcover Sketchbook with Pen Holder, Pocket, Ribbon (Black)</p><p>$14.99</p><a href="https://www.amazon.com/dp/B07WHYP9WN?tag=eloabder-20&linkCode=osi&th=1&psc=1">View Product</a></div>
<div class="product"><a href="https://www.amazon.com/dp/B07MT7HKZW?tag=eloabder-20&linkCode=osi&th=1&psc=1"><img src="https://m.media-amazon.com/images/I/413JwH5JREL._SL500_.jpg" alt="Product Image"></a><p>Spiral Sketch Book Large Notebook（Built-in Drawing Board） Kraft Cover Blank Sketch Pad Wirebound Sketching for Drawing Painting 8.5x11-Inch (2 Pack) 200 Sheets, 100 Sheets, 200Pages Each</p><p>$17.99 ($9.00 / Count)</p><a href="https://www.amazon.com/dp/B07MT7HKZW?tag=eloabder-20&linkCode=osi&th=1&psc=1">View Product</a></div><div class="product"><a href="https://www.amazon.com/dp/B0BDQ82WB9?tag=eloabder-20&linkCode=osi&th=1&psc=1"><img src="https://m.media-amazon.com/images/I/51FoWr3GPwL._SL500_.jpg" alt="Product Image"></a><p>feela 170 Pack Blank Kraft Notebooks, Unlined Sketchbook Mini Cute Note Pad for Drawing Writing, Journal Bulk For Kids Students Office School Supplies, A6, 48 Pages, 4.25” X 5.5”, Black and Brown</p><p>$51.99</p><a href="https://www.amazon.com/dp/B0BDQ82WB9?tag=eloabder-20&linkCode=osi&th=1&psc=1">View Product</a></div><div class="product"><a href="https://www.amazon.com/dp/B0B3WWHWT2?tag=eloabder-20&linkCode=osi&th=1&psc=1"><img src="https://m.media-amazon.com/images/I/31m0FzXtPxL._SL500_.jpg" alt="Product Image"></a><p>Tamaki 6 Pack Colorful Blank Books for kids to Write, Drawing, Cute Sketchbook for Kid, 6 Colors (4.25 x 5.5 Inches)</p><p>$6.99</p><a href="https://www.amazon.com/dp/B0B3WWHWT2?tag=eloabder-20&linkCode=osi&th=1&psc=1">View Product</a></div>
<div class="product"><a href="https://www.amazon.com/dp/B0BGH2P9M6?tag=eloabder-20&linkCode=osi&th=1&psc=1"><img src="https://m.media-amazon.com/images/I/41ozOaYoHEL._SL500_.jpg" alt="Product Image"></a><p>EOOUT 100pcs A5 Kraft Notebooks, Blank Page Journals in Bulk, Sketchbooks Bulk for Kids, 60 Pages, 80GSM, 8.3 X 5.5 Inch, Travel Journal Set, for Art Camp, Travelers, Students and Office Supplies</p><p>$51.99</p><a href="https://www.amazon.com/dp/B0BGH2P9M6?tag=eloabder-20&linkCode=osi&th=1&psc=1">View Product</a></div><div class="product"><a href="https://www.amazon.com/dp/B07MT99F94?tag=eloabder-20&linkCode=osi&th=1&psc=1"><img src="https://m.media-amazon.com/images/I/41Ug7gpSWDL._SL500_.jpg" alt="Product Image"></a><p>Spiral Sketch Book Large Notebook（Built-in Drawing Board） Kraft Cover Blank Sketch Pad Wirebound Sketching for Drawing Painting 8.5x11-Inch (1 Pack) 200 Pages, 100 Sheets</p><p>$9.99</p><a href="https://www.amazon.com/dp/B07MT99F94?tag=eloabder-20&linkCode=osi&th=1&psc=1">View Product</a></div><div class="product"><a href="https://www.amazon.com/dp/B07CM32KLM?tag=eloabder-20&linkCode=osi&th=1&psc=1"><img src="https://m.media-amazon.com/images/I/41ENhBLE9DL._SL500_.jpg" alt="Product Image"></a><p>Kraft Cover Drawing Notebook & Sketchbook – Set of 2 Blank Plain Sketch Books – 125g Thick Paper A5 Size, 150x210mm Paper Ideal for Drawing & Sketching- 128 sheets/256 pages – 180 Degree Opening, 2pcs</p><p>$20.99 ($0.08 / Count)</p><a href="https://www.amazon.com/dp/B07CM32KLM?tag=eloabder-20&linkCode=osi&th=1&psc=1">View Product</a></div><div class="product"><a href="https://www.amazon.com/dp/B08ZLMLF7C?tag=eloabder-20&linkCode=osi&th=1&psc=1"><img src="https://m.media-amazon.com/images/I/41X-5yj83vL._SL500_.jpg" alt="Product Image"></a><p>BEECHMORE BOOKS Sketch Book, A4 8.5 x 11.5 inch Blank Sketchbook for Drawing, Paint and Draw, 156 Pages Thick Paper 160gsm, Hardcover Leather Art Notebook, Boxed for Gifts (Chestnut Brown)</p><p>$21.20</p><a href="https://www.amazon.com/dp/B08ZLMLF7C?tag=eloabder-20&linkCode=osi&th=1&psc=1">View Product</a></div>
<div class="product"><a href="https://www.amazon.com/dp/B075M9MSFH?tag=eloabder-20&linkCode=osi&th=1&psc=1"><img src="https://m.media-amazon.com/images/I/51x+szTX6TL._SL500_.jpg" alt="Product Image"></a><p>Bianyo Bleedproof Marker Paper Pad, A4(8.27"X11.69"), 50 Sheets, 18 LB / 70 GSM, Glue-Bound, 100% Cotton, White, Ideal for Use with Markers and Ink Mediums</p><p>$9.99</p><a href="https://www.amazon.com/dp/B075M9MSFH?tag=eloabder-20&linkCode=osi&th=1&psc=1">View Product</a></div><div class="product"><a href="https://www.amazon.com/dp/B08FX5S2NL?tag=eloabder-20&linkCode=osi&th=1&psc=1"><img src="https://m.media-amazon.com/images/I/41CA0ZfazKL._SL500_.jpg" alt="Product Image"></a><p>Marker Paper Sketchbook, Bleedproof Art Marker Pad, (8.27 X 11.69) Inch, White, 40 Sheets</p><p>$6.99</p><a href="https://www.amazon.com/dp/B08FX5S2NL?tag=eloabder-20&linkCode=osi&th=1&psc=1">View Product</a></div><div class="product"><a href="https://www.amazon.com/dp/B0CJRBFSJ8?tag=eloabder-20&linkCode=osi&th=1&psc=1"><img src="https://m.media-amazon.com/images/I/51DLA8TpwEL._SL500_.jpg" alt="Product Image"></a><p>Shuttle Art Marker Pad, 8.3”x8.9” Portable Square Sketchbook, 80 Sheets Marker Drawing Paper, 120LB/200GSM Bleedproof Art Paper, Spiral-Bound, Great for Professional Artist to Draw, Paint & Sketch</p><p>$16.99</p><a href="https://www.amazon.com/dp/B0CJRBFSJ8?tag=eloabder-20&linkCode=osi&th=1&psc=1">View Product</a></div><div class="product"><a href="https://www.amazon.com/dp/B09N7VX5Z5?tag=eloabder-20&linkCode=osi&th=1&psc=1"><img src="https://m.media-amazon.com/images/I/51xCPs9HZyL._SL500_.jpg" alt="Product Image"></a><p>Marker Paper Sketchbook - Marker Sketchbook with Bleedproof Smooth Coated Art Paper, 120 GSM 80 LBS - Marker Pad for Alcohol Markers, Sketching, Drawing - 8.11 x 8.5 Inch | 50 Sheets, 2 Pack</p><p>$15.99 ($8.00 / Count)</p><a href="https://www.amazon.com/dp/B09N7VX5Z5?tag=eloabder-20&linkCode=osi&th=1&psc=1">View Product</a></div><div class="product"><a href="https://www.amazon.com/dp/B07CK94W9T?tag=eloabder-20&linkCode=osi&th=1&psc=1"><img src="https://m.media-amazon.com/images/I/41ocoSNDjdL._SL500_.jpg" alt="Product Image"></a><p>BOXUN Premium 50 Sheets Sketch Marker Paper Pad, Bleedproof Artist Drawing Paper, 8.27 x 11.69 Inch</p><p>$8.29 ($0.17 / Count)</p><a href="https://www.amazon.com/dp/B07CK94W9T?tag=eloabder-20&linkCode=osi&th=1&psc=1">View Product</a></div><div class="product"><a href="https://www.amazon.com/dp/B0CPXWD11W?tag=eloabder-20&linkCode=osi&th=1&psc=1"><img src="https://m.media-amazon.com/images/I/51ApKzpDVNL._SL500_.jpg" alt="Product Image"></a><p>FEITAKE Marker Paper Pad Sketchbook Bleedproof for Alcohol Markers 120lb/200gsm Double Sided Thick Art Drawing Papers 60pages (30Sheets) / A4(8.3"x11.7") Gift for Artists Students Kids</p><p>$13.99 ($0.47 / Count)</p><a href="https://www.amazon.com/dp/B0CPXWD11W?tag=eloabder-20&linkCode=osi&th=1&psc=1">View Product</a></div><div class="product"><a href="https://www.amazon.com/dp/B0025TWYW6?tag=eloabder-20&linkCode=osi&th=1&psc=1"><img src="https://m.media-amazon.com/images/I/51t6UkUHCvL._SL500_.jpg" alt="Product Image"></a><p>Bee Paper Bleedproof Marker Pack, 8-1/2-Inch by 11-Inch, 50 Sheets per Pack</p><p>$17.09 ($0.34 / Count)</p><a href="https://www.amazon.com/dp/B0025TWYW6?tag=eloabder-20&linkCode=osi&th=1&psc=1">View Product</a></div><div class="product"><a href="https://www.amazon.com/dp/B0CJRBYYQB?tag=eloabder-20&linkCode=osi&th=1&psc=1"><img src="https://m.media-amazon.com/images/I/41knBnjZ25L._SL500_.jpg" alt="Product Image"></a><p>Shuttle Art Marker Pad, 8.3”x7.67” Portable Square Sketchbook, 50 Sheets Marker Drawing Paper, 60LB/90GSM Smooth Surface Bleedproof Art Paper, Glue-Bound, Great for Beginners to Draw, Paint & Sketch</p><p>$8.99 ($0.18 / Count)</p><a href="https://www.amazon.com/dp/B0CJRBYYQB?tag=eloabder-20&linkCode=osi&th=1&psc=1">View Product</a></div>
<div class="product"><a href="https://www.amazon.com/dp/B00881IU8M?tag=eloabder-20&linkCode=osi&th=1&psc=1"><img src="https://m.media-amazon.com/images/I/41hbSgdLBtL._SL500_.jpg" alt="Product Image"></a><p>Speedball Fabric & Paper Block Printing Ink 6-Color Set, 1.25-Ounce x 6</p><p>$28.99 ($28.99 / Count)</p><a href="https://www.amazon.com/dp/B00881IU8M?tag=eloabder-20&linkCode=osi&th=1&psc=1">View Product</a></div><div class="product"><a href="https://www.amazon.com/dp/B000J09PFM?tag=eloabder-20&linkCode=osi&th=1&psc=1"><img src="https://m.media-amazon.com/images/I/51yPRc4nvoL._SL500_.jpg" alt="Product Image"></a><p>Speedball Water-Soluble Block Printing Ink Starter Set, 6 Bold Colors with Satin Finish, 1.25-Ounce Tubes</p><p>$29.99 ($4.00 / Fl Oz)</p><a href="https://www.amazon.com/dp/B000J09PFM?tag=eloabder-20&linkCode=osi&th=1&psc=1">View Product</a></div><div class="product"><a href="https://www.amazon.com/dp/B000BYT24U?tag=eloabder-20&linkCode=osi&th=1&psc=1"><img src="https://m.media-amazon.com/images/I/51pDlo+LlKL._SL500_.jpg" alt="Product Image"></a><p>Speedball Water-Soluble Block Printing Ink, 8-Ounce Jar, Black</p><p>$14.49</p><a href="https://www.amazon.com/dp/B000BYT24U?tag=eloabder-20&linkCode=osi&th=1&psc=1">View Product</a></div><div class="product"><a href="https://www.amazon.com/dp/B00C1JUJWW?tag=eloabder-20&linkCode=osi&th=1&psc=1"><img src="https://m.media-amazon.com/images/I/41zDtJ6f5hL._SL500_.jpg" alt="Product Image"></a><p>Speedball Fabric Block Printing Ink, 2.5-Ounce, Black</p><p>$9.99 ($4.00 / Fl Oz)</p><a href="https://www.amazon.com/dp/B00C1JUJWW?tag=eloabder-20&linkCode=osi&th=1&psc=1">View Product</a></div><div class="product"><a href="https://www.amazon.com/dp/B004PZ1ZJG?tag=eloabder-20&linkCode=osi&th=1&psc=1"><img src="https://m.media-amazon.com/images/I/41+GkhhpR5L._SL500_.jpg" alt="Product Image"></a><p>Speedball Water-Soluble Block Printing Ink Starter Set, 4-Color Set, 1.25-Ounce Tubes</p><p>$20.99</p><a href="https://www.amazon.com/dp/B004PZ1ZJG?tag=eloabder-20&linkCode=osi&th=1&psc=1">View Product</a></div><div class="product"><a href="https://www.amazon.com/dp/B0017CZF3C?tag=eloabder-20&linkCode=osi&th=1&psc=1"><img src="https://m.media-amazon.com/images/I/41S17SYPAZL._SL500_.jpg" alt="Product Image"></a><p>Speedball Water Soluble Block Printing Ink, Black, 2-1/2 Ounces - 380663</p><p>$9.99</p><a href="https://www.amazon.com/dp/B0017CZF3C?tag=eloabder-20&linkCode=osi&th=1&psc=1">View Product</a></div><div class="product"><a href="https://www.amazon.com/dp/B0BXNX8FSH?tag=eloabder-20&linkCode=osi&th=1&psc=1"><img src="https://m.media-amazon.com/images/I/51JGm1VxVOL._SL500_.jpg" alt="Product Image"></a><p>Falling in Art Water-Soluble Block Printing Ink, 6-Color Printmaking Ink Set for Linoleum Block, 3.5 floz</p><p>$28.99</p><a href="https://www.amazon.com/dp/B0BXNX8FSH?tag=eloabder-20&linkCode=osi&th=1&psc=1">View Product</a></div><div class="product"><a href="https://www.amazon.com/dp/B0027ACJBO?tag=eloabder-20&linkCode=osi&th=1&psc=1"><img src="https://m.media-amazon.com/images/I/41OzayB9ojL._SL500_.jpg" alt="Product Image"></a><p>Speedball 3476 Oil-Based Block Printing Ink Starter Set for Professional, Permanent Prints AP Certified – 1.25 FL OZ Tubes</p><p>$33.99</p><a href="https://www.amazon.com/dp/B0027ACJBO?tag=eloabder-20&linkCode=osi&th=1&psc=1">View Product</a></div>
<div class="product"><a href="https://www.amazon.com/dp/B0027AGDWK?tag=eloabder-20&linkCode=osi&th=1&psc=1"><img src="https://m.media-amazon.com/images/I/515LDer6GPL._SL500_.jpg" alt="Product Image"></a><p>Speedball Deluxe Block Printing Kit - Includes Inks, Brayer, Bench Hook, Lino Handle and Cutters, Speedy-Carve Block, Mounted Linoleum Block</p><p>$59.99</p><a href="https://www.amazon.com/dp/B0027AGDWK?tag=eloabder-20&linkCode=osi&th=1&psc=1">View Product</a></div><div class="product"><a href="https://www.amazon.com/dp/B07ZJBZN5S?tag=eloabder-20&linkCode=osi&th=1&psc=1"><img src="https://m.media-amazon.com/images/I/41UbN58y9uS._SL500_.jpg" alt="Product Image"></a><p>SGHUO 12pcs 4"x6" Pink Rubber Carving Blocks Linoleum Block Stamp Making Kit</p><p>$22.99 ($1.92 / Count)</p><a href="https://www.amazon.com/dp/B07ZJBZN5S?tag=eloabder-20&linkCode=osi&th=1&psc=1">View Product</a></div>
<div class="product"><a href="https://www.amazon.com/dp/B00L2DYUM8?tag=eloabder-20&linkCode=osi&th=1&psc=1"><img src="https://m.media-amazon.com/images/I/51l5FZ0+5AL._SL500_.jpg" alt="Product Image"></a><p>Strathmore 300 Series Printmaking Paper Pad, Glue Bound, 5x7 inches, 40 Sheets (120g) - Artist Paper for Adults and Students - Block Printing, Linocut, Screen Printing, White</p><p>$7.26</p><a href="https://www.amazon.com/dp/B00L2DYUM8?tag=eloabder-20&linkCode=osi&th=1&psc=1">View Product</a></div><div class="product"><a href="https://www.amazon.com/dp/B07BSYS5XC?tag=eloabder-20&linkCode=osi&th=1&psc=1"><img src="https://m.media-amazon.com/images/I/51Uwfq0jv+L._SL500_.jpg" alt="Product Image"></a><p>Ucreate Printmaking Paper, 9"x12", White, 100 Sheet, P9001</p><p>$9.79</p><a href="https://www.amazon.com/dp/B07BSYS5XC?tag=eloabder-20&linkCode=osi&th=1&psc=1">View Product</a></div><div class="product"><a href="https://www.amazon.com/dp/B00K5562WA?tag=eloabder-20&linkCode=osi&th=1&psc=1"><img src="https://m.media-amazon.com/images/I/51Dm+TeJGdL._SL500_.jpg" alt="Product Image"></a><p>Strathmore Printmaking Paper Pad 8"X10"-20 Sheets -62433800, White</p><p>$10.19</p><a href="https://www.amazon.com/dp/B00K5562WA?tag=eloabder-20&linkCode=osi&th=1&psc=1">View Product</a></div><div class="product"><a href="https://www.amazon.com/dp/B001DNH8I0?tag=eloabder-20&linkCode=osi&th=1&psc=1"><img src="https://m.media-amazon.com/images/I/51UzoKdUojL._SL500_.jpg" alt="Product Image"></a><p>Black Ink 9-Inch by 12-Inch Bleached Mulberry Block Printing Paper, 25-Pack</p><p>$19.35 ($0.77 / Count)</p><a href="https://www.amazon.com/dp/B001DNH8I0?tag=eloabder-20&linkCode=osi&th=1&psc=1">View Product</a></div><div class="product"><a href="https://www.amazon.com/dp/B00C6G6L5Y?tag=eloabder-20&linkCode=osi&th=1&psc=1"><img src="https://m.media-amazon.com/images/I/5103h0Rm8sL._SL500_.jpg" alt="Product Image"></a><p>Black Ink Thai Mulberry Block Printing Paper Packs small assorted colors</p><p>$21.99</p><a href="https://www.amazon.com/dp/B00C6G6L5Y?tag=eloabder-20&linkCode=osi&th=1&psc=1">View Product</a></div>
<div class="product"><a href="https://www.amazon.com/dp/B003IG27OK?tag=eloabder-20&linkCode=osi&th=1&psc=1"><img src="https://m.media-amazon.com/images/I/416NUaYo1DL._SL500_.jpg" alt="Product Image"></a><p>Speedball Block Printing Baren - Comfortable Wooden Handle, Made in the USA - 4 Inches</p><p>$29.49</p><a href="https://www.amazon.com/dp/B003IG27OK?tag=eloabder-20&linkCode=osi&th=1&psc=1">View Product</a></div>
<div class="product"><a href="https://www.amazon.com/dp/B0CMZYY8CJ?tag=eloabder-20&linkCode=osi&th=1&psc=1"><img src="https://m.media-amazon.com/images/I/41TifSIP7SL._SL500_.jpg" alt="Product Image"></a><p>Ecoofor Blotting Paper for Flower Press, 20 Sheets Highly Absorbent and Reusable Blotter Paper for Flower Press Paper Craft 9 x 9 inch</p><p>$9.99</p><a href="https://www.amazon.com/dp/B0CMZYY8CJ?tag=eloabder-20&linkCode=osi&th=1&psc=1">View Product</a></div><div class="product"><a href="https://www.amazon.com/dp/B0CYRT3RM4?tag=eloabder-20&linkCode=osi&th=1&psc=1"><img src="https://m.media-amazon.com/images/I/31+qvVq3giL._SL500_.jpg" alt="Product Image"></a><p>Hygge & Sage Premium Natural Fiber Blotting Paper for Flower Press Art; 20 Large Sheets for a Press up to 8x11 Inches; Absorbent, Versatile, and Acid-Free Reusable Blotter Paper for Flower Pressing</p><p>$9.50 ($0.48 / Count)</p><a href="https://www.amazon.com/dp/B0CYRT3RM4?tag=eloabder-20&linkCode=osi&th=1&psc=1">View Product</a></div><div class="product"><a href="https://www.amazon.com/dp/B0D41GDLHM?tag=eloabder-20&linkCode=osi&th=1&psc=1"><img src="https://m.media-amazon.com/images/I/41LIF5dHXaL._SL500_.jpg" alt="Product Image"></a><p>Aboofx 20 Sheets Blotting Paper for Flower Press, 15" x 10" Extra Large Highly Absorbent Blotter Paper for Flower Press Reusable Herbarium Paper Craft Blotter Paper Sheets</p><p>$19.99</p><a href="https://www.amazon.com/dp/B0D41GDLHM?tag=eloabder-20&linkCode=osi&th=1&psc=1">View Product</a></div><div class="product"><a href="https://www.amazon.com/dp/B0CQMMYSBR?tag=eloabder-20&linkCode=osi&th=1&psc=1"><img src="https://m.media-amazon.com/images/I/413SlUi6IDL._SL500_.jpg" alt="Product Image"></a><p>Wisreach Blotting Paper for Flower Press, 20 Sheets Flower Press Paper Highly Absorbent and Reusable Blotter Paper for Flower Art A4 Size 8.26 x 11.4 inch</p><p>$9.99</p><a href="https://www.amazon.com/dp/B0CQMMYSBR?tag=eloabder-20&linkCode=osi&th=1&psc=1">View Product</a></div><div class="product"><a href="https://www.amazon.com/dp/B093FQ22PG?tag=eloabder-20&linkCode=osi&th=1&psc=1"><img src="https://m.media-amazon.com/images/I/41B2jXhe+QL._SL500_.jpg" alt="Product Image"></a><p>Blotting Paper for Flower Press by Berstuk® • Large A4 Flower Press Paper • Highly Absorbent and Reusable Herbarium Paper • Pack of 10 Blotter Paper Sheets</p><p>$6.99 ($69.90 / 100 Sheets)</p><a href="https://www.amazon.com/dp/B093FQ22PG?tag=eloabder-20&linkCode=osi&th=1&psc=1">View Product</a></div><div class="product"><a href="https://www.amazon.com/dp/B0C6PW4VGB?tag=eloabder-20&linkCode=osi&th=1&psc=1"><img src="https://m.media-amazon.com/images/I/21C64VB3iVL._SL500_.jpg" alt="Product Image"></a><p>PATIKIL 16"x12" Flower Press Paper, 1 Set/30 Sheet Refill Lining Blotter Paper Absorbent Reusable Blotting Paper for DIY Art Handicraft Scrapbook</p><p>$11.19</p><a href="https://www.amazon.com/dp/B0C6PW4VGB?tag=eloabder-20&linkCode=osi&th=1&psc=1">View Product</a></div><div class="product"><a href="https://www.amazon.com/dp/B0C6PTK915?tag=eloabder-20&linkCode=osi&th=1&psc=1"><img src="https://m.media-amazon.com/images/I/21UviFCGjtL._SL500_.jpg" alt="Product Image"></a><p>PATIKIL 12"x8" Flower Press Paper, 2 Set/60 Sheet Refill Lining Blotter Paper Absorbent Reusable Blotting Paper for DIY Art Handicraft Scrapbook</p><p>$13.69</p><a href="https://www.amazon.com/dp/B0C6PTK915?tag=eloabder-20&linkCode=osi&th=1&psc=1">View Product</a></div><div class="product"><a href="https://www.amazon.com/dp/B0CDJZ4MD7?tag=eloabder-20&linkCode=osi&th=1&psc=1"><img src="https://m.media-amazon.com/images/I/41iwkW+QQOL._SL500_.jpg" alt="Product Image"></a><p>30 PCS Blotting Paper for Flower Press Large A4 Flower Press Paper Highly Absorbent and Reusable Blotter Paper Refill Lining Paper for Flower Press Art Craft Scrapbook Making, 11.8 x 7.9 Inches Blue</p><p>$9.99</p><a href="https://www.amazon.com/dp/B0CDJZ4MD7?tag=eloabder-20&linkCode=osi&th=1&psc=1">View Product</a></div>

<div class="product"><a href="https://www.amazon.com/dp/B0D2T4F1DZ?tag=eloabder-20&linkCode=osi&th=1&psc=1"><img src="https://m.media-amazon.com/images/I/41KNcatyBWL._SL500_.jpg" alt="Product Image"></a><p>10pcs Book Cloth,14”x10”,Fabric Surface and Paper Backed, book cloth for book binding,book binding fabric,5 Colors Bookbinding Cloth for DIY fabric book cover,bookbinding paper (Style B)</p><p>$9.99</p><a href="https://www.amazon.com/dp/B0D2T4F1DZ?tag=eloabder-20&linkCode=osi&th=1&psc=1">View Product</a></div><div class="product"><a href="https://www.amazon.com/dp/B0CMD2LWR8?tag=eloabder-20&linkCode=osi&th=1&psc=1"><img src="https://m.media-amazon.com/images/I/31QVUZVSB+L._SL500_.jpg" alt="Product Image"></a><p>Mozeat Lens 33 ft Bookbinding Tape Book Tape Repair Book Binding Tape Cloth Book Repair Kit 2 Inch Wide Book Spine Tape Cloth Bookbinding Repair Tape White Book Tape for Reinforcing Book Spine Tape</p><p>$7.99</p><a href="https://www.amazon.com/dp/B0CMD2LWR8?tag=eloabder-20&linkCode=osi&th=1&psc=1">View Product</a></div><div class="product"><a href="https://www.amazon.com/dp/B0D1KC168C?tag=eloabder-20&linkCode=osi&th=1&psc=1"><img src="https://m.media-amazon.com/images/I/31wWgk-1V4L._SL500_.jpg" alt="Product Image"></a><p>AKONEGE Book Cloth for Book Binding 35 x 16 Inch Fabric Surface and Paper Backed, Strong, Easy to Use, Fabric Materials Bookbinding Supplies Bookcloth for Scrapbooking Album DIY Crafts, Black</p><p>$9.99</p><a href="https://www.amazon.com/dp/B0D1KC168C?tag=eloabder-20&linkCode=osi&th=1&psc=1">View Product</a></div><div class="product"><a href="https://www.amazon.com/dp/B0BC48CCWW?tag=eloabder-20&linkCode=osi&th=1&psc=1"><img src="https://m.media-amazon.com/images/I/41vTc+L-XyL._SL500_.jpg" alt="Product Image"></a><p>Wooqu Book Cloth, Fabric Surface and Paper Backed, Easy to Use, Strong, 17x29”, for Book Binding, Dark Green</p><p>$13.99</p><a href="https://www.amazon.com/dp/B0BC48CCWW?tag=eloabder-20&linkCode=osi&th=1&psc=1">View Product</a></div><div class="product"><a href="https://www.amazon.com/dp/B00W3S7LU4?tag=eloabder-20&linkCode=osi&th=1&psc=1"><img src="https://m.media-amazon.com/images/I/41mUL1LmSHS._SL500_.jpg" alt="Product Image"></a><p>BookGuard 2 inch Premium Bookbinding Repair Cloth Tape, 15 Yard Roll Burgundy</p><p>$14.95</p><a href="https://www.amazon.com/dp/B00W3S7LU4?tag=eloabder-20&linkCode=osi&th=1&psc=1">View Product</a></div>

<div class="product"><a href="https://www.amazon.com/dp/B08217DGL7?tag=eloabder-20&linkCode=osi&th=1&psc=1"><img src="https://m.media-amazon.com/images/I/51Gy-qfph7L._SL500_.jpg" alt="Product Image"></a><p>24 Colors Waxed Thread, Leather Sewing Thread,Hand Stitching Thread for Hand Sewing Leather and Bookbinding, 13Yards Per Color</p><p>$11.99 ($0.01 / Foot)</p><a href="https://www.amazon.com/dp/B08217DGL7?tag=eloabder-20&linkCode=osi&th=1&psc=1">View Product</a></div><div class="product"><a href="https://www.amazon.com/dp/B08GCHJ3FP?tag=eloabder-20&linkCode=osi&th=1&psc=1"><img src="https://m.media-amazon.com/images/I/41TK-XNxTFL._SL500_.jpg" alt="Product Image"></a><p>FANDOL 100% Natural Linen Thread Waxed thread for Bookbingding, Leather Sewing, Beading or Macrame (Natural)</p><p>$14.98</p><a href="https://www.amazon.com/dp/B08GCHJ3FP?tag=eloabder-20&linkCode=osi&th=1&psc=1">View Product</a></div><div class="product"><a href="https://www.amazon.com/dp/B0025U108E?tag=eloabder-20&linkCode=osi&th=1&psc=1"><img src="https://m.media-amazon.com/images/I/4172yrURiVL._SL500_.jpg" alt="Product Image"></a><p>Books by Hand Linen Thread, Archival Quality Natural Unbleached and Unwaxed, 50 Yards 35/3 Gauge, Ideal for Bookbinding and Sewing Signatures</p><p>$9.47</p><a href="https://www.amazon.com/dp/B0025U108E?tag=eloabder-20&linkCode=osi&th=1&psc=1">View Product</a></div><div class="product"><a href="https://www.amazon.com/dp/B08S78KLRN?tag=eloabder-20&linkCode=osi&th=1&psc=1"><img src="https://m.media-amazon.com/images/I/413NGMtJdrL._SL500_.jpg" alt="Product Image"></a><p>Jupean Waxed Thread, 150m /164Yards Beige Leather Waxed Thread, Leather Sewing Thread, Hand Stitching Thread for Hand Sewing Leather, Bookbinding, and Beginners Leather Craft DIY</p><p>$6.49 ($0.01 / Foot)</p><a href="https://www.amazon.com/dp/B08S78KLRN?tag=eloabder-20&linkCode=osi&th=1&psc=1">View Product</a></div><div class="product"><a href="https://www.amazon.com/dp/B015D9E6UM?tag=eloabder-20&linkCode=osi&th=1&psc=1"><img src="https://m.media-amazon.com/images/I/51VnWPI+Q5L._SL500_.jpg" alt="Product Image"></a><p>Lineco, Natural Waxed Linen Thread 20 Yards, Books by Hand Natural, Black, Brown Color for Sewing, Bookbinding (3/Pkg)</p><p>$13.77</p><a href="https://www.amazon.com/dp/B015D9E6UM?tag=eloabder-20&linkCode=osi&th=1&psc=1">View Product</a></div>
<div class="product"><a href="https://www.amazon.com/dp/B0CMD53C1C?tag=eloabder-20&linkCode=osi&th=1&psc=1"><img src="https://m.media-amazon.com/images/I/31dU4wqS0rL._SL500_.jpg" alt="Product Image"></a><p>5-in-1 Bookbinding Kit,Book Cover Guide, Bookbinding Cover Tool, Stainless Steel Book Binding Kit, Bookbinding Ruler, Scrapbooking Tools for Making Book Cover Chipboard Covers Album Planner</p><p>$7.88</p><a href="https://www.amazon.com/dp/B0CMD53C1C?tag=eloabder-20&linkCode=osi&th=1&psc=1">View Product</a></div>
<div class="product"><a href="https://www.amazon.com/dp/B007TIEG6U?tag=eloabder-20&linkCode=osi&th=1&psc=1"><img src="https://m.media-amazon.com/images/I/31d6r6R5lGL._SL500_.jpg" alt="Product Image"></a><p>Handy Art Empty 2 ounce Marker Bottle, Dauber Tip and Cap, 12-Each (900-003) , White</p><p>$23.12 ($1.93 / Count)</p><a href="https://www.amazon.com/dp/B007TIEG6U?tag=eloabder-20&linkCode=osi&th=1&psc=1">View Product</a></div>
<div class="product"><a href="https://www.amazon.com/dp/B07YDNKSH6?tag=eloabder-20&linkCode=osi&th=1&psc=1"><img src="https://m.media-amazon.com/images/I/41JGrHa7mSL._SL500_.jpg" alt="Product Image"></a><p>4-Inch Rubber Brayer Roller for Printmaking, Great for Gluing Application Also. (Original Version)</p><p>$6.99</p><a href="https://www.amazon.com/dp/B07YDNKSH6?tag=eloabder-20&linkCode=osi&th=1&psc=1">View Product</a></div>
<div class="product"><a href="https://www.amazon.com/dp/B005U7BNPE?tag=eloabder-20&linkCode=osi&th=1&psc=1"><img src="https://m.media-amazon.com/images/I/418YfTClSxL._SL500_.jpg" alt="Product Image"></a><p>Apple Barrel Acrylic Paint in Assorted Colors (2 oz), 20513, Bright Yellow</p><p>$0.58 ($0.29 / Fl Oz)</p><a href="https://www.amazon.com/dp/B005U7BNPE?tag=eloabder-20&linkCode=osi&th=1&psc=1">View Product</a></div><div class="product"><a href="https://www.amazon.com/dp/B099DWCRZ5?tag=eloabder-20&linkCode=osi&th=1&psc=1"><img src="https://m.media-amazon.com/images/I/41rr5hT-8TL._SL500_.jpg" alt="Product Image"></a><p>milo Fluorescent Acrylic Paint Set of 6 Colors | 4 oz Bottles | Student Neon Colors Acrylics Painting Pack | Made in the USA | Non-Toxic Art & Craft Paints for Artists, Kids, & Hobby Painters</p><p>$22.90 ($0.95 / Fl Oz)</p><a href="https://www.amazon.com/dp/B099DWCRZ5?tag=eloabder-20&linkCode=osi&th=1&psc=1">View Product</a></div><div class="product"><a href="https://www.amazon.com/dp/B07ZPPPWPL?tag=eloabder-20&linkCode=osi&th=1&psc=1"><img src="https://m.media-amazon.com/images/I/51Vqk2rrZwL._SL500_.jpg" alt="Product Image"></a><p>Apple Barrel, Pastel Dreams & Vivid Wonders Collection Acrylic Craft Paint, PROMOTCK, 2 fl oz each, 18 assorted matte colors, 18 count</p><p>$22.66 ($0.63 / Fl Oz)</p><a href="https://www.amazon.com/dp/B07ZPPPWPL?tag=eloabder-20&linkCode=osi&th=1&psc=1">View Product</a></div><div class="product"><a href="https://www.amazon.com/dp/B0CKQR52XC?tag=eloabder-20&linkCode=osi&th=1&psc=1"><img src="https://m.media-amazon.com/images/I/51WTPlhN2WL._SL500_.jpg" alt="Product Image"></a><p>ARTME Glow in The Dark Paint, 10 Bright Colors 60ml/2oz Blacklight Paint Set, Neon Craft Paint, Acrylic Glow Fluorescent Paint Perfect for Art Painting, DIY projects, Halloween and Christmas</p><p>$23.99 ($1.20 / Fl Oz)</p><a href="https://www.amazon.com/dp/B0CKQR52XC?tag=eloabder-20&linkCode=osi&th=1&psc=1">View Product</a></div><div class="product"><a href="https://www.amazon.com/dp/B09XXHBL3Y?tag=eloabder-20&linkCode=osi&th=1&psc=1"><img src="https://m.media-amazon.com/images/I/51taBeDdeIL._SL500_.jpg" alt="Product Image"></a><p>Fantastory Glow in the Dark Acrylic Paint, 10 Extra Bright Colors, 30ml/1oz Waterproof Glow in Dark Paint,Indoor Outdoor Blacklight Paint for Kids,Adults, Rocks,Walls,Halloween,Craft &Fabric</p><p>$9.99 ($1.00 / Fl Oz)</p><a href="https://www.amazon.com/dp/B09XXHBL3Y?tag=eloabder-20&linkCode=osi&th=1&psc=1">View Product</a></div><div class="product"><a href="https://www.amazon.com/dp/B0BS3JM8ZR?tag=eloabder-20&linkCode=osi&th=1&psc=1"><img src="https://m.media-amazon.com/images/I/51S8FteGgPL._SL500_.jpg" alt="Product Image"></a><p>Acrylic Paint, Shuttle Art 24 Colors Acrylic Paint Bottle Set, 250ml/8.45oz Each, Rich Pigments, High Viscosity, Bulk Paint for Artists, Beginners and Kids Painting on Rocks Crafts Canvas Wood Ceramic</p><p>$49.99 ($0.25 / Fl Oz)</p><a href="https://www.amazon.com/dp/B0BS3JM8ZR?tag=eloabder-20&linkCode=osi&th=1&psc=1">View Product</a></div><div class="product"><a href="https://www.amazon.com/dp/B00CIW3EDI?tag=eloabder-20&linkCode=osi&th=1&psc=1"><img src="https://m.media-amazon.com/images/I/41PMnxyBo5L._SL500_.jpg" alt="Product Image"></a><p>FolkArt Multi-Surface Acrylic Paint in Assorted Colors (2 oz), 2896, Bright Pink</p><p>$1.47 ($0.74 / Fl Oz)</p><a href="https://www.amazon.com/dp/B00CIW3EDI?tag=eloabder-20&linkCode=osi&th=1&psc=1">View Product</a></div><div class="product"><a href="https://www.amazon.com/dp/B085ZB5ZK9?tag=eloabder-20&linkCode=osi&th=1&psc=1"><img src="https://m.media-amazon.com/images/I/51nmRq1eicL._SL500_.jpg" alt="Product Image"></a><p>FolkArt 4 Bottle Multi-Surface Acrylic Paint Set, 2oz, Neon Blacklight Colors</p><p>$8.12 ($1.02 / Fl Oz)</p><a href="https://www.amazon.com/dp/B085ZB5ZK9?tag=eloabder-20&linkCode=osi&th=1&psc=1">View Product</a></div><div class="product"><a href="https://www.amazon.com/dp/B08N585VN5?tag=eloabder-20&linkCode=osi&th=1&psc=1"><img src="https://m.media-amazon.com/images/I/51nwFBdxwVL._SL500_.jpg" alt="Product Image"></a><p>Acrylic Paint Set Value Pack of 12 Colors | Craft Painting Kit with 2 oz Squeeze Bottles for Beginners, Artists, Professionals | Non-Toxic Water Based Paints for Canvas, Paper, Wood | Bright Hues</p><p>$11.99 ($0.50 / Fl Oz)</p><a href="https://www.amazon.com/dp/B08N585VN5?tag=eloabder-20&linkCode=osi&th=1&psc=1">View Product</a></div>
<div class="product"><a href="https://www.amazon.com/dp/B0009RRT9Y?tag=eloabder-20&linkCode=osi&th=1&psc=1"><img src="https://m.media-amazon.com/images/I/51ZhyYPOB5L._SL500_.jpg" alt="Product Image"></a><p>General Pencil Company The Masters Brush Cleaner & Preserver 2.5 0z.</p><p>$12.00</p><a href="https://www.amazon.com/dp/B0009RRT9Y?tag=eloabder-20&linkCode=osi&th=1&psc=1">View Product</a></div><div class="product"><a href="https://www.amazon.com/dp/B00F38YVQS?tag=eloabder-20&linkCode=osi&th=1&psc=1"><img src="https://m.media-amazon.com/images/I/51yjmSTzzML._SL500_.jpg" alt="Product Image"></a><p>B & J Original Brush Cleaner - 2.5 Oz/12ct Display</p><p>$12.77</p><a href="https://www.amazon.com/dp/B00F38YVQS?tag=eloabder-20&linkCode=osi&th=1&psc=1">View Product</a></div><div class="product"><a href="https://www.amazon.com/dp/B004BN7QQ8?tag=eloabder-20&linkCode=osi&th=1&psc=1"><img src="https://m.media-amazon.com/images/I/31fEWB-h4VL._SL500_.jpg" alt="Product Image"></a><p>Winsor & Newton Brush Cleaner & Restorer, 16.0-oz Bottle</p><p>$21.87 ($1.37 / Fl Oz)</p><a href="https://www.amazon.com/dp/B004BN7QQ8?tag=eloabder-20&linkCode=osi&th=1&psc=1">View Product</a></div><div class="product"><a href="https://www.amazon.com/dp/B09NCHL2LM?tag=eloabder-20&linkCode=osi&th=1&psc=1"><img src="https://m.media-amazon.com/images/I/31UzwasdL6L._SL500_.jpg" alt="Product Image"></a><p>U.S. Art Supply Brush Cleaner and Restorer, 4 Ounce Bottle - Quickly Cleans Paint Brushes, Airbrushes, Art Tools - Cleaning Solution to Remove Dried On Acrylic, Oil and Water-Based Paint Colors</p><p>$8.99 ($2.25 / Fl Oz)</p><a href="https://www.amazon.com/dp/B09NCHL2LM?tag=eloabder-20&linkCode=osi&th=1&psc=1">View Product</a></div><div class="product"><a href="https://www.amazon.com/dp/B09J8L55SK?tag=eloabder-20&linkCode=osi&th=1&psc=1"><img src="https://m.media-amazon.com/images/I/41qgWS2nSsL._SL500_.jpg" alt="Product Image"></a><p>Green Piece® Paint Brush Cleaner and Restorer for Art Paint Brushes - 100% Natural - Non-Toxic - Wet or Dry Paint - No Chemicals - Oil or Acrylic Paints, Wood and Metal - Amazing Power - 18 Oz</p><p>$19.88</p><a href="https://www.amazon.com/dp/B09J8L55SK?tag=eloabder-20&linkCode=osi&th=1&psc=1">View Product</a></div><div class="product"><a href="https://www.amazon.com/dp/B0027A79I2?tag=eloabder-20&linkCode=osi&th=1&psc=1"><img src="https://m.media-amazon.com/images/I/31J6S+mCjuL._SL500_.jpg" alt="Product Image"></a><p>Pink Soap 12-Ounce Paint Brush Cleaner and Conditioner, Solution Cleans and Restores, Removes Dried Paint on Airbrushes and Other Artist Tools & Supplies</p><p>$15.49 ($1.29 / Fl Oz)</p><a href="https://www.amazon.com/dp/B0027A79I2?tag=eloabder-20&linkCode=osi&th=1&psc=1">View Product</a></div><div class="product"><a href="https://www.amazon.com/dp/B0027AEANE?tag=eloabder-20&linkCode=osi&th=1&psc=1"><img src="https://m.media-amazon.com/images/I/51bHOLU1pVL._SL500_.jpg" alt="Product Image"></a><p>General Pencil General 105-BP Pencil Masters Brush Cleaner & Preserver, 1 Pack, Clear</p><p>$9.99 ($4.00 / Ounce)</p><a href="https://www.amazon.com/dp/B0027AEANE?tag=eloabder-20&linkCode=osi&th=1&psc=1">View Product</a></div>

<div class="product"><a href="https://www.amazon.com/dp/B00N9UUWLA?tag=eloabder-20&linkCode=osi&th=1&psc=1"><img src="https://m.media-amazon.com/images/I/41be4n09wZL._SL500_.jpg" alt="Product Image"></a><p>Pentel Arts Portable Pocket Brush Pen (Medium Point), 1Pen & 2Refills</p><p>$7.00</p><a href="https://www.amazon.com/dp/B00N9UUWLA?tag=eloabder-20&linkCode=osi&th=1&psc=1">View Product</a></div><div class="product"><a href="https://www.amazon.com/dp/B07DQ4292Y?tag=eloabder-20&linkCode=osi&th=1&psc=1"><img src="https://m.media-amazon.com/images/I/41-kgHpaPvL._SL500_.jpg" alt="Product Image"></a><p>Tombow 62039 Fudenosuke Brush Pens, 3-Pack. Soft, Hard, and Twin Tip Markers for Calligraphy and Art Drawings</p><p>$7.59 ($2.53 / Count)</p><a href="https://www.amazon.com/dp/B07DQ4292Y?tag=eloabder-20&linkCode=osi&th=1&psc=1">View Product</a></div><div class="product"><a href="https://www.amazon.com/dp/B0995FNMKW?tag=eloabder-20&linkCode=osi&th=1&psc=1"><img src="https://m.media-amazon.com/images/I/51kpGsTNvlL._SL500_.jpg" alt="Product Image"></a><p>WRITECH Arts Sign Brush Pen Brush Tip Marker Felt Tip Water Based Ink Color Pens 12 Assorted Vintage Colors Great for Lettering Journaling Calligraphy (Vintage)</p><p>$13.99 ($1.17 / Count)</p><a href="https://www.amazon.com/dp/B0995FNMKW?tag=eloabder-20&linkCode=osi&th=1&psc=1">View Product</a></div><div class="product"><a href="https://www.amazon.com/dp/B07H89R749?tag=eloabder-20&linkCode=osi&th=1&psc=1"><img src="https://m.media-amazon.com/images/I/51nTGZ-eAsL._SL500_.jpg" alt="Product Image"></a><p>Tombow Fudenosuke Brush Pen - Hard - 10 Colors Set (WS-BH10C)</p><p>$11.73</p><a href="https://www.amazon.com/dp/B07H89R749?tag=eloabder-20&linkCode=osi&th=1&psc=1">View Product</a></div><div class="product"><a href="https://www.amazon.com/dp/B002PIFTRE?tag=eloabder-20&linkCode=osi&th=1&psc=1"><img src="https://m.media-amazon.com/images/I/41IVnNPD1hL._SL500_.jpg" alt="Product Image"></a><p>Pentel Color Brush Pen, Black (GFLBP101)</p><p>$7.89</p><a href="https://www.amazon.com/dp/B002PIFTRE?tag=eloabder-20&linkCode=osi&th=1&psc=1">View Product</a></div>
<div class="product"><a href="https://www.amazon.com/dp/B0CLLSY2BT?tag=eloabder-20&linkCode=osi&th=1&psc=1"><img src="https://m.media-amazon.com/images/I/51sQM3lrN9L._SL500_.jpg" alt="Product Image"></a><p>CUGEBANNA Paint Brush Washer,Airtight Stainless Steel Brush Cleaner for Oil Painting Acrylic,Brush Washer with Cleaning Beads and Wringer</p><p>$22.99</p><a href="https://www.amazon.com/dp/B0CLLSY2BT?tag=eloabder-20&linkCode=osi&th=1&psc=1">View Product</a></div><div class="product"><a href="https://www.amazon.com/dp/B013PB35N4?tag=eloabder-20&linkCode=osi&th=1&psc=1"><img src="https://m.media-amazon.com/images/I/419miJHrhtL._SL500_.jpg" alt="Product Image"></a><p>US Art Supply Deluxe Brush Cleaner-Brush Washer with Wash Tank</p><p>$18.99</p><a href="https://www.amazon.com/dp/B013PB35N4?tag=eloabder-20&linkCode=osi&th=1&psc=1">View Product</a></div>
<div class="product"><a href="https://www.amazon.com/dp/B07GH7WGC3?tag=eloabder-20&linkCode=osi&th=1&psc=1"><img src="https://m.media-amazon.com/images/I/51vzX1OZI6L._SL500_.jpg" alt="Product Image"></a><p>BOSOBO Paint Brushes Set, 2 Pack 20 Pcs Round-Pointed Tip Paintbrushes Nylon Hair Artist Acrylic Paint Brushes for Acrylic Oil Watercolor, Face Nail Art, Miniature Detailing & Rock Painting, Blue</p><p>$7.49 ($0.37 / Count)</p><a href="https://www.amazon.com/dp/B07GH7WGC3?tag=eloabder-20&linkCode=osi&th=1&psc=1">View Product</a></div><div class="product"><a href="https://www.amazon.com/dp/B078XJ2DCJ?tag=eloabder-20&linkCode=osi&th=1&psc=1"><img src="https://m.media-amazon.com/images/I/616oHEXPN1S._SL500_.jpg" alt="Product Image"></a><p>Pro Grade - Chip Paint Brushes - 36-Pack - 2 Inch Chip Brush for Paints, Stains, Varnishes, Glues, & Gesso</p><p>$17.99</p><a href="https://www.amazon.com/dp/B078XJ2DCJ?tag=eloabder-20&linkCode=osi&th=1&psc=1">View Product</a></div>

<div class="product"><a href="https://www.amazon.com/dp/B000YQJVFA?tag=eloabder-20&linkCode=osi&th=1&psc=1"><img src="https://m.media-amazon.com/images/I/51so-OSRt+L._SL500_.jpg" alt="Product Image"></a><p>Winsor & Newton Calligraphy Ink, 30ml (1-oz) Bottle, Black</p><p>$10.07 ($10.07 / Count)</p><a href="https://www.amazon.com/dp/B000YQJVFA?tag=eloabder-20&linkCode=osi&th=1&psc=1">View Product</a></div><div class="product"><a href="https://www.amazon.com/dp/B0026SBYUE?tag=eloabder-20&linkCode=osi&th=1&psc=1"><img src="https://m.media-amazon.com/images/I/412Ga9k1q8L._SL500_.jpg" alt="Product Image"></a><p>Higgins Black Calligraphy Ink, 2.5 Ounce Bottle (44314)</p><p>$5.99</p><a href="https://www.amazon.com/dp/B0026SBYUE?tag=eloabder-20&linkCode=osi&th=1&psc=1">View Product</a></div><div class="product"><a href="https://www.amazon.com/dp/B0CXDBD77N?tag=eloabder-20&linkCode=osi&th=1&psc=1"><img src="https://m.media-amazon.com/images/I/41x1EZv3P3L._SL500_.jpg" alt="Product Image"></a><p>SEAMEW 250 ML/8.8 OZ Calligraphy and Sumi Liquid Ink - Versatile Elegance for Chinese Traditional Art Works and Japanese Brush Art</p><p>$11.49</p><a href="https://www.amazon.com/dp/B0CXDBD77N?tag=eloabder-20&linkCode=osi&th=1&psc=1">View Product</a></div><div class="product"><a href="https://www.amazon.com/dp/B0CR3ML8VS?tag=eloabder-20&linkCode=osi&th=1&psc=1"><img src="https://m.media-amazon.com/images/I/41fLIKySQZL._SL500_.jpg" alt="Product Image"></a><p>Hmayart Prepared Super Thick Liquid Black Ink for Japanese Brush Calligraphy & Chinese Traditional Artworks (MZ010 250g)</p><p>$11.99</p><a href="https://www.amazon.com/dp/B0CR3ML8VS?tag=eloabder-20&linkCode=osi&th=1&psc=1">View Product</a></div><div class="product"><a href="https://www.amazon.com/dp/B0039OQ0J4?tag=eloabder-20&linkCode=osi&th=1&psc=1"><img src="https://m.media-amazon.com/images/I/41RRlR55P9L._SL500_.jpg" alt="Product Image"></a><p>Daiso Sumi Calligraphy Liquid Ink in a 180ml Bottle (Japan Import)</p><p>$8.99</p><a href="https://www.amazon.com/dp/B0039OQ0J4?tag=eloabder-20&linkCode=osi&th=1&psc=1">View Product</a></div><div class="product"><a href="https://www.amazon.com/dp/B074KJ289G?tag=eloabder-20&linkCode=osi&th=1&psc=1"><img src="https://m.media-amazon.com/images/I/41FZT3aCChL._SL500_.jpg" alt="Product Image"></a><p>Easyou Redstar Liquid Ink for Professioanl Traditional Calligraphy and Brush Painting Chinese Ink Liquid (Black&1pcs*180ML)</p><p>$10.99</p><a href="https://www.amazon.com/dp/B074KJ289G?tag=eloabder-20&linkCode=osi&th=1&psc=1">View Product</a></div><div class="product"><a href="https://www.amazon.com/dp/B07JYJ6C1W?tag=eloabder-20&linkCode=osi&th=1&psc=1"><img src="https://m.media-amazon.com/images/I/51IAnrWkw6L._SL500_.jpg" alt="Product Image"></a><p>MZ001 HmayartBlack Sumi Liquid Ink for Japanese Brush Calligraphy & Chinese Traditional Artworks 250ml (black)</p><p>$13.99</p><a href="https://www.amazon.com/dp/B07JYJ6C1W?tag=eloabder-20&linkCode=osi&th=1&psc=1">View Product</a></div><div class="product"><a href="https://www.amazon.com/dp/B0894L9M2C?tag=eloabder-20&linkCode=osi&th=1&psc=1"><img src="https://m.media-amazon.com/images/I/51H5LBUAZcL._SL500_.jpg" alt="Product Image"></a><p>24 Colors Calligraphy Ink Set, Calligraphy Fountain Glass Dip Pen Color Ink Caligrapher Pen Ink Bottle Set, Gold Powder Drawing Writing Art Ink with Gift Box - 24 x 7ml</p><p>$21.98</p><a href="https://www.amazon.com/dp/B0894L9M2C?tag=eloabder-20&linkCode=osi&th=1&psc=1">View Product</a></div><div class="product"><a href="https://www.amazon.com/dp/B0C49WVM7L?tag=eloabder-20&linkCode=osi&th=1&psc=1"><img src="https://m.media-amazon.com/images/I/41zxtjGWS1L._SL500_.jpg" alt="Product Image"></a><p>AOKUY 24 Colors Calligraphy Ink Set,Calligraphy Inks,Colorful Dip Pen Ink Set,Gold Powder Drawing Writing Art Ink with Gift Box</p><p>$16.99</p><a href="https://www.amazon.com/dp/B0C49WVM7L?tag=eloabder-20&linkCode=osi&th=1&psc=1">View Product</a></div>
<div class="product"><a href="https://www.amazon.com/dp/B0007ZJ8QU?tag=eloabder-20&linkCode=osi&th=1&psc=1"><img src="https://m.media-amazon.com/images/I/41vTwN7L9NL._SL500_.jpg" alt="Product Image"></a><p>Speedball C-Series Lettering Pen Set - 1 Penholder w/ 6 Nibs</p><p>$11.99</p><a href="https://www.amazon.com/dp/B0007ZJ8QU?tag=eloabder-20&linkCode=osi&th=1&psc=1">View Product</a></div><div class="product"><a href="https://www.amazon.com/dp/B003IGNH30?tag=eloabder-20&linkCode=osi&th=1&psc=1"><img src="https://m.media-amazon.com/images/I/412WGB9WzGL._SL500_.jpg" alt="Product Image"></a><p>Speedball 30710 10 Pen Nib Assorted Set</p><p>$21.99</p><a href="https://www.amazon.com/dp/B003IGNH30?tag=eloabder-20&linkCode=osi&th=1&psc=1">View Product</a></div><div class="product"><a href="https://www.amazon.com/dp/B0CQTCZRYC?tag=eloabder-20&linkCode=osi&th=1&psc=1"><img src="https://m.media-amazon.com/images/I/41+d7oXaTvL._SL500_.jpg" alt="Product Image"></a><p>10PCS Oblique Calligraphy Dip Pen Set Comic Pen Nib Set Fluid Writer Pen, 2-in-1 Drawing Pen Holder with 8 Pieces Stainless Steel Pen Replacement Nibs Nib for Writing, Painting, Signing, Sketch</p><p>$6.49</p><a href="https://www.amazon.com/dp/B0CQTCZRYC?tag=eloabder-20&linkCode=osi&th=1&psc=1">View Product</a></div><div class="product"><a href="https://www.amazon.com/dp/B000BYQLT4?tag=eloabder-20&linkCode=osi&th=1&psc=1"><img src="https://m.media-amazon.com/images/I/41Tmn+y1-xL._SL500_.jpg" alt="Product Image"></a><p>Speedball Calligraphy Pen Set - 1 Penholder w/ 4 Nibs, 2 Pen Tips</p><p>$13.99</p><a href="https://www.amazon.com/dp/B000BYQLT4?tag=eloabder-20&linkCode=osi&th=1&psc=1">View Product</a></div><div class="product"><a href="https://www.amazon.com/dp/B0B3CVPWMF?tag=eloabder-20&linkCode=osi&th=1&psc=1"><img src="https://m.media-amazon.com/images/I/41Zw4tqW+HL._SL500_.jpg" alt="Product Image"></a><p>Mewutal 2Pcs/Set Comic Pen Nib Set Pen Nibs Replacements for Calligraphy Manga Writing Painting(Pumpkin Head Nib)</p><p>$7.99</p><a href="https://www.amazon.com/dp/B0B3CVPWMF?tag=eloabder-20&linkCode=osi&th=1&psc=1">View Product</a></div><div class="product"><a href="https://www.amazon.com/dp/B0BVR4M5X4?tag=eloabder-20&linkCode=osi&th=1&psc=1"><img src="https://m.media-amazon.com/images/I/515TyiGpQKL._SL500_.jpg" alt="Product Image"></a><p>Wonwood_direct Calligraphy set, 7 Calligraphy Pens with Different Nibs and 40 Ink Cartridges in 13 Colors for Beginner Writing Drawing for Greeting Card Signature Calligraphy (Type 1)</p><p>$15.99</p><a href="https://www.amazon.com/dp/B0BVR4M5X4?tag=eloabder-20&linkCode=osi&th=1&psc=1">View Product</a></div><div class="product"><a href="https://www.amazon.com/dp/B0BGRM97MF?tag=eloabder-20&linkCode=osi&th=1&psc=1"><img src="https://m.media-amazon.com/images/I/41vB7fs3VbL._SL500_.jpg" alt="Product Image"></a><p>Gullor A Bunch of Nibs for Comic Dip Pen, Assorted Calligraphy Dip Pen Nibs, Various Sizes and Shapes, 33 Nibs in Box</p><p>$9.99</p><a href="https://www.amazon.com/dp/B0BGRM97MF?tag=eloabder-20&linkCode=osi&th=1&psc=1">View Product</a></div>
<div class="product"><a href="https://www.amazon.com/dp/B000KNNVX0?tag=eloabder-20&linkCode=osi&th=1&psc=1"><img src="https://m.media-amazon.com/images/I/51RAGoN6UsL._SL500_.jpg" alt="Product Image"></a><p>Strathmore STR- 50 Sheet Tape Bound Calligraphy Pad, 8.5 by 11", White</p><p>$7.83</p><a href="https://www.amazon.com/dp/B000KNNVX0?tag=eloabder-20&linkCode=osi&th=1&psc=1">View Product</a></div><div class="product"><a href="https://www.amazon.com/dp/B00PGBVNM2?tag=eloabder-20&linkCode=osi&th=1&psc=1"><img src="https://m.media-amazon.com/images/I/51VvCXPD-QL._SL500_.jpg" alt="Product Image"></a><p>U.S. Art Supply (Pack of 2 Pads) - 9" x 12" Premium Calligraphic Practice Paper Pad, 19 Pound Bond (70gsm), Pad of 50-Sheets, Calligraphy Paper with Printed Practice Rule and Slanted Grid</p><p>$12.99</p><a href="https://www.amazon.com/dp/B00PGBVNM2?tag=eloabder-20&linkCode=osi&th=1&psc=1">View Product</a></div><div class="product"><a href="https://www.amazon.com/dp/B0CQ1VTM1R?tag=eloabder-20&linkCode=osi&th=1&psc=1"><img src="https://m.media-amazon.com/images/I/31pMzPI5pdL._SL500_.jpg" alt="Product Image"></a><p>50 Sheets Watercolor Paper 8 x 6inch Deckled Edge Paper 190 GSM Rough/Textured Handmade Paper Cotton Paper White Textured Paper for Watercolor, Writing Calligraphy, Invitations, Letters</p><p>$12.99 ($0.26 / Count)</p><a href="https://www.amazon.com/dp/B0CQ1VTM1R?tag=eloabder-20&linkCode=osi&th=1&psc=1">View Product</a></div><div class="product"><a href="https://www.amazon.com/dp/B0CGHVSX6W?tag=eloabder-20&linkCode=osi&th=1&psc=1"><img src="https://m.media-amazon.com/images/I/41pAexcoWlL._SL500_.jpg" alt="Product Image"></a><p>KYMY Chinese/Japanese Calligraphy Paper 100PCS, Sumi/Rice Paper for Writing Painting Drawing Practice, Chinese Brush Ink Xuan Paper, Half Sheng Shu (Half Raw Ripe) (34 x 34 cm (13.38 x 13.38 Inch))</p><p>$10.99 ($0.11 / Count)</p><a href="https://www.amazon.com/dp/B0CGHVSX6W?tag=eloabder-20&linkCode=osi&th=1&psc=1">View Product</a></div>
<div class="product"><a href="https://www.amazon.com/dp/B08FCZC2R3?tag=eloabder-20&linkCode=osi&th=1&psc=1"><img src="https://m.media-amazon.com/images/I/51TWqPlqpfL._SL500_.jpg" alt="Product Image"></a><p>Craft 'n' Beyond Calligraphy Brush Pens Pack of 3 Small, Medium and Large Markers for Hand Lettering, Art Drawing, Sketching, Scrapbooking, Journaling - Beginner Kit with Fadeproof Black Ink</p><p>$5.49</p><a href="https://www.amazon.com/dp/B08FCZC2R3?tag=eloabder-20&linkCode=osi&th=1&psc=1">View Product</a></div><div class="product"><a href="https://www.amazon.com/dp/B0B67TWWDG?tag=eloabder-20&linkCode=osi&th=1&psc=1"><img src="https://m.media-amazon.com/images/I/5188ARIL9sL._SL500_.jpg" alt="Product Image"></a><p>Brusarth Calligraphy Pens, 8 Size Calligraphy Pens for Writing, Brush Pens Calligraphy Set for Beginners, Hand Lettering Pens, Brush Markers Set, Black Ink Drawing Pens</p><p>$8.95</p><a href="https://www.amazon.com/dp/B0B67TWWDG?tag=eloabder-20&linkCode=osi&th=1&psc=1">View Product</a></div><div class="product"><a href="https://www.amazon.com/dp/B000SHQFEA?tag=eloabder-20&linkCode=osi&th=1&psc=1"><img src="https://m.media-amazon.com/images/I/41sx3qStImL._SL500_.jpg" alt="Product Image"></a><p>edding 1255 calligraphy pen - black - 3 pens - calligraphy nib 2 - 5 mm - fibre pens for paper, wood, terracotta, canvas - hand lettering, bullet journals, thank you cards, calligraphy books</p><p>$6.50</p><a href="https://www.amazon.com/dp/B000SHQFEA?tag=eloabder-20&linkCode=osi&th=1&psc=1">View Product</a></div><div class="product"><a href="https://www.amazon.com/dp/B001DKJLEC?tag=eloabder-20&linkCode=osi&th=1&psc=1"><img src="https://m.media-amazon.com/images/I/41x7A8wo7YL._SL500_.jpg" alt="Product Image"></a><p>Speedball Elegant Writer Calligraphy 4 Marker Set, Black, 2.0 mm, 2.5 mm & 3.0 mm Chisel Nib Tip Pens for Drawing, Journaling, and Scrapbooking</p><p>$9.99 ($2.50 / Count)</p><a href="https://www.amazon.com/dp/B001DKJLEC?tag=eloabder-20&linkCode=osi&th=1&psc=1">View Product</a></div><div class="product"><a href="https://www.amazon.com/dp/B08RYWH185?tag=eloabder-20&linkCode=osi&th=1&psc=1"><img src="https://m.media-amazon.com/images/I/51GFkyfC3iL._SL500_.jpg" alt="Product Image"></a><p>Piochoo Calligraphy Pens,8 Size Calligraphy Pens for Writing,Brush Pens Calligraphy Set for Beginners, Hand Lettering Pens</p><p>$12.99</p><a href="https://www.amazon.com/dp/B08RYWH185?tag=eloabder-20&linkCode=osi&th=1&psc=1">View Product</a></div>
<div class="product"><a href="https://www.amazon.com/dp/B0C66K9NHR?tag=eloabder-20&linkCode=osi&th=1&psc=1"><img src="https://m.media-amazon.com/images/I/51As2T+7gzL._SL500_.jpg" alt="Product Image"></a><p>Calligraphy Kit for Beginners - Calligraphy Pen Set with Calligraphy Workbook</p><p>$26.89</p><a href="https://www.amazon.com/dp/B0C66K9NHR?tag=eloabder-20&linkCode=osi&th=1&psc=1">View Product</a></div><div class="product"><a href="https://www.amazon.com/dp/B081J6QLZN?tag=eloabder-20&linkCode=osi&th=1&psc=1"><img src="https://m.media-amazon.com/images/I/41lK2Gw0JZL._SL500_.jpg" alt="Product Image"></a><p>Trustela Calligraphy Set for Beginners, Dip Pen Set with 19 Nibs, Oblique Pen Holder, Wooden Pen Set</p><p>$21.99</p><a href="https://www.amazon.com/dp/B081J6QLZN?tag=eloabder-20&linkCode=osi&th=1&psc=1">View Product</a></div><div class="product"><a href="https://www.amazon.com/dp/B0BCVDNPRJ?tag=eloabder-20&linkCode=osi&th=1&psc=1"><img src="https://m.media-amazon.com/images/I/51J-hFN4AeL._SL500_.jpg" alt="Product Image"></a><p>GC QUILL Calligraphy Pens Set 64pcs - Calligraphy Fountain Pen Set with 3 Fountain Pens, 7 Varied Nibs, 54 Ink Cartridges(10 Colors) - Writing, Drawing and Calligraphy Practice for beginner GC-F354</p><p>$23.99</p><a href="https://www.amazon.com/dp/B0BCVDNPRJ?tag=eloabder-20&linkCode=osi&th=1&psc=1">View Product</a></div>
<div class="product"><a href="https://www.amazon.com/dp/B092Q8BQC1?tag=eloabder-20&linkCode=osi&th=1&psc=1"><img src="https://m.media-amazon.com/images/I/51gdXkGIguS._SL500_.jpg" alt="Product Image"></a><p>AIYNC Feather Calligraphy Pen Ink Set, Includes Quill Pen and Wooden Dip Pen, Ink,17 Replacement Nib, Pen Base, 3 Wax Seal Sticks, Stamp, White Wax, Spoon, Envelope Letter Paper, Envelope Tool(Green)</p><p>$22.99</p><a href="https://www.amazon.com/dp/B092Q8BQC1?tag=eloabder-20&linkCode=osi&th=1&psc=1">View Product</a></div>
<div class="product"><a href="https://www.amazon.com/dp/B09J228BSF?tag=eloabder-20&linkCode=osi&th=1&psc=1"><img src="https://m.media-amazon.com/images/I/61MByvIyHGL._SL500_.jpg" alt="Product Image"></a><p>Candle dye - 18 Colors Liquid Oil-Based dye for Candle Wax, Vivid Candle Color for DIY Candle Making, Highly Concentrate Natural Candle Color</p><p>$15.59 ($2.47 / Fl Oz)</p><a href="https://www.amazon.com/dp/B09J228BSF?tag=eloabder-20&linkCode=osi&th=1&psc=1">View Product</a></div><div class="product"><a href="https://www.amazon.com/dp/B06Y3T5RV4?tag=eloabder-20&linkCode=osi&th=1&psc=1"><img src="https://m.media-amazon.com/images/I/61yZyP8eZTL._SL500_.jpg" alt="Product Image"></a><p>Candle Dyes for Soy Candle Making - Wax Сolor Dye Color Chips for Soy Wax - 16 Popular Colors Wax Dye Flakes</p><p>$16.99 ($10.62 / Ounce)</p><a href="https://www.amazon.com/dp/B06Y3T5RV4?tag=eloabder-20&linkCode=osi&th=1&psc=1">View Product</a></div><div class="product"><a href="https://www.amazon.com/dp/B0CMCPGLQZ?tag=eloabder-20&linkCode=osi&th=1&psc=1"><img src="https://m.media-amazon.com/images/I/51G9e-Epa0L._SL500_.jpg" alt="Product Image"></a><p>Candle Dye - 12 Colors Wax Melt Dye for Candle Making, Oil-Based Dye for Wax, Highly Concentrate Liquid Candle Color Dye</p><p>$8.99</p><a href="https://www.amazon.com/dp/B0CMCPGLQZ?tag=eloabder-20&linkCode=osi&th=1&psc=1">View Product</a></div><div class="product"><a href="https://www.amazon.com/dp/B09GLMZ5PS?tag=eloabder-20&linkCode=osi&th=1&psc=1"><img src="https://m.media-amazon.com/images/I/51SCG6n6Y4L._SL500_.jpg" alt="Product Image"></a><p>OSBANG Oil-Based Candle Color Dye Non-Toxic Non-Irritating 20 Colors for DIY Candle Making Supplies - Vibrant Concentrated Candle Coloring for Soy Wax Dyes, Beeswax, Gel Wax, Candle Making Kit</p><p>$14.99 ($2.22 / Fl Oz)</p><a href="https://www.amazon.com/dp/B09GLMZ5PS?tag=eloabder-20&linkCode=osi&th=1&psc=1">View Product</a></div><div class="product"><a href="https://www.amazon.com/dp/B0C8D2X4F1?tag=eloabder-20&linkCode=osi&th=1&psc=1"><img src="https://m.media-amazon.com/images/I/51e0mqPDEJL._SL500_.jpg" alt="Product Image"></a><p>Candle Dye - 14 Colors Highly Concentrate Oil-Based Liquid Candle Dye Kit, Candle Dyes for Candle Making, Beeswax, Gel Wax, Paraffin Wax - Each 0.35 fl oz</p><p>$9.99</p><a href="https://www.amazon.com/dp/B0C8D2X4F1?tag=eloabder-20&linkCode=osi&th=1&psc=1">View Product</a></div>

<div class="product"><a href="https://www.amazon.com/dp/B0C6FHSQR7?tag=eloabder-20&linkCode=osi&th=1&psc=1"><img src="https://m.media-amazon.com/images/I/41hBOCPELBL._SL500_.jpg" alt="Product Image"></a><p>Mold Release, Silicone Mold Release Spray (16.9 fl oz / 500ml) Mold Release for Epoxy Resin and Candle Mold Release Spray (1 Pack Mega Size)</p><p>$9.99 ($0.59 / Fl Oz)</p><a href="https://www.amazon.com/dp/B0C6FHSQR7?tag=eloabder-20&linkCode=osi&th=1&psc=1">View Product</a></div>
<div class="product"><a href="https://www.amazon.com/dp/B015W8DWUO?tag=eloabder-20&linkCode=osi&th=1&psc=1"><img src="https://m.media-amazon.com/images/I/41umHqV4zhL._SL500_.jpg" alt="Product Image"></a><p>EricX Light 100 Piece Cotton Candle Wick 6" Pre-Waxed for Candle Making,Candle DIY</p><p>$5.35</p><a href="https://www.amazon.com/dp/B015W8DWUO?tag=eloabder-20&linkCode=osi&th=1&psc=1">View Product</a></div><div class="product"><a href="https://www.amazon.com/dp/B08XZB43NZ?tag=eloabder-20&linkCode=osi&th=1&psc=1"><img src="https://m.media-amazon.com/images/I/51cyFvwhpJL._SL500_.jpg" alt="Product Image"></a><p>Candle Wicks 100 Pcs 6 inch with 30Pcs Candle Wick Stickers and 10 Pcs Wooden Candle Wick Centering Device for Soy Beeswax Candle Making and Candle DIY</p><p>$4.99</p><a href="https://www.amazon.com/dp/B08XZB43NZ?tag=eloabder-20&linkCode=osi&th=1&psc=1">View Product</a></div><div class="product"><a href="https://www.amazon.com/dp/B084ZSZQ4T?tag=eloabder-20&linkCode=osi&th=1&psc=1"><img src="https://m.media-amazon.com/images/I/41vLRbXIHhL._SL500_.jpg" alt="Product Image"></a><p>Candle Wick,100 Piece Candle Wicks for Candle Making DIY, 6 Inch Pre-Waxed Cotton Wick with Tabs</p><p>$4.79</p><a href="https://www.amazon.com/dp/B084ZSZQ4T?tag=eloabder-20&linkCode=osi&th=1&psc=1">View Product</a></div><div class="product"><a href="https://www.amazon.com/dp/B097D7S6KB?tag=eloabder-20&linkCode=osi&th=1&psc=1"><img src="https://m.media-amazon.com/images/I/41jpnnrDAjL._SL500_.jpg" alt="Product Image"></a><p>CandMak Candle Wick Kit, 60 Cotton Candle Wicks with Candle Making Tools for Candle Making (Thick 4"+6"+8")</p><p>$5.99</p><a href="https://www.amazon.com/dp/B097D7S6KB?tag=eloabder-20&linkCode=osi&th=1&psc=1">View Product</a></div><div class="product"><a href="https://www.amazon.com/dp/B08DLSG8NW?tag=eloabder-20&linkCode=osi&th=1&psc=1"><img src="https://m.media-amazon.com/images/I/41QkciWLWjL._SL500_.jpg" alt="Product Image"></a><p>Bulk 6inch Candle Wicks 100 Pcs with 60Pcs Candle Wick Stickers and 10 Pcs Wooden Candle Wick Centering Device for Soy Beeswax Candle Making (6inch)</p><p>$5.45</p><a href="https://www.amazon.com/dp/B08DLSG8NW?tag=eloabder-20&linkCode=osi&th=1&psc=1">View Product</a></div><div class="product"><a href="https://www.amazon.com/dp/B08Z334W66?tag=eloabder-20&linkCode=osi&th=1&psc=1"><img src="https://m.media-amazon.com/images/I/51nsfCzAwwL._SL500_.jpg" alt="Product Image"></a><p>DINGPAI 100pcs Cotton Candle Wicks, 6 inches Low Smoke Pre-Waxed Candle Wicks for Candle Making, Candle DIY</p><p>$4.99</p><a href="https://www.amazon.com/dp/B08Z334W66?tag=eloabder-20&linkCode=osi&th=1&psc=1">View Product</a></div><div class="product"><a href="https://www.amazon.com/dp/B0BV1NCQ28?tag=eloabder-20&linkCode=osi&th=1&psc=1"><img src="https://m.media-amazon.com/images/I/41lmQ4K9ccL._SL500_.jpg" alt="Product Image"></a><p>Ziosxin 100pcs Smokeless Cherry Wood Candle Wicks, Long Lasting Flame, Easily Burn, Natural Candle Cores with Stand and Glue Dot, Warning Label for DIY Candle Making</p><p>$9.99</p><a href="https://www.amazon.com/dp/B0BV1NCQ28?tag=eloabder-20&linkCode=osi&th=1&psc=1">View Product</a></div><div class="product"><a href="https://www.amazon.com/dp/B08LPKTVZW?tag=eloabder-20&linkCode=osi&th=1&psc=1"><img src="https://m.media-amazon.com/images/I/41AtaynrIqL._SL500_.jpg" alt="Product Image"></a><p>BEADNOVA Candle Cotton Wicks 4 Inch 150pcs Short Candle Making Wicks Cotton Wicks for Candle Making DIY</p><p>$4.99</p><a href="https://www.amazon.com/dp/B08LPKTVZW?tag=eloabder-20&linkCode=osi&th=1&psc=1">View Product</a></div><div class="product"><a href="https://www.amazon.com/dp/B0925G2VBY?tag=eloabder-20&linkCode=osi&th=1&psc=1"><img src="https://m.media-amazon.com/images/I/51EzgDRsxoL._SL500_.jpg" alt="Product Image"></a><p>CHEFBEE 200 FT Organic Hemp Wick, Hemp Wick Well Coated Natural Beeswax for Hemp Wick Lighter or Candle Making, Slow Burn, No Dripping, Standard Size(1.1mm)</p><p>$6.99</p><a href="https://www.amazon.com/dp/B0925G2VBY?tag=eloabder-20&linkCode=osi&th=1&psc=1">View Product</a></div>
<div class="product"><a href="https://www.amazon.com/dp/B0BJZYCQV3?tag=eloabder-20&linkCode=osi&th=1&psc=1"><img src="https://m.media-amazon.com/images/I/41dS7xm9bKL._SL500_.jpg" alt="Product Image"></a><p>Simetufy Canvas Boards for Painting 12 Pack,8 x 10 Inch Painting Canvas Panels, Blank Canvas for Painting- Gesso Primed Acid-Free 100% Cotton for Acrylics Oil Watercolor Tempera Paints</p><p>$12.99</p><a href="https://www.amazon.com/dp/B0BJZYCQV3?tag=eloabder-20&linkCode=osi&th=1&psc=1">View Product</a></div><div class="product"><a href="https://www.amazon.com/dp/B085F4JH1H?tag=eloabder-20&linkCode=osi&th=1&psc=1"><img src="https://m.media-amazon.com/images/I/41l7Efp7ILL._SL500_.jpg" alt="Product Image"></a><p>KEFF Canvas Boards for Painting - 24 Pack - Art Supplies Paint Canvas 5x7, 8x10, 9x12, 11x14 Canvas Panels, 100% Cotton Pre-Primed Large Canvas for Painting Supplies, Acrylic, Oil, Watercolor, Tempera</p><p>$24.99</p><a href="https://www.amazon.com/dp/B085F4JH1H?tag=eloabder-20&linkCode=osi&th=1&psc=1">View Product</a></div><div class="product"><a href="https://www.amazon.com/dp/B0CMXFTNDC?tag=eloabder-20&linkCode=osi&th=1&psc=1"><img src="https://m.media-amazon.com/images/I/41WZD2Y6GfL._SL500_.jpg" alt="Product Image"></a><p>ESRICH Canvas Boards for Painting, 5 Pack Canvases for Painting 8x10 Cotton Primed Acid Free Blank Canvas Panels for Oil Paint, Watercolor, Acrylic Paint, Gouache and Tempera.</p><p>$5.99</p><a href="https://www.amazon.com/dp/B0CMXFTNDC?tag=eloabder-20&linkCode=osi&th=1&psc=1">View Product</a></div><div class="product"><a href="https://www.amazon.com/dp/B0C6LMPMPJ?tag=eloabder-20&linkCode=osi&th=1&psc=1"><img src="https://m.media-amazon.com/images/I/51QF5c5qRiL._SL500_.jpg" alt="Product Image"></a><p>Simetufy Canvas Boards for Painting 32 Pack, Paint Canvas Panels Set - 5x7, 8x10, 9x12, 11x14 Inches, Pre-Primed 100% Cotton Blank Canvases for Oil Acrylic Watercolor Pouring Paint for Kids & Artists</p><p>$24.99</p><a href="https://www.amazon.com/dp/B0C6LMPMPJ?tag=eloabder-20&linkCode=osi&th=1&psc=1">View Product</a></div><div class="product"><a href="https://www.amazon.com/dp/B0CSD8VYYM?tag=eloabder-20&linkCode=osi&th=1&psc=1"><img src="https://m.media-amazon.com/images/I/41PeXd8MwvL._SL500_.jpg" alt="Product Image"></a><p>4 Pack 11x14 Inch Canvas Boards for Painting, Blank Canvases for Painting,Triple Primed for Oil & Acrylic Paints,100% Cotton Canvas Panels for Acrylics Oil Watercolor Tempera Paints,3mm Thickness</p><p>$8.49</p><a href="https://www.amazon.com/dp/B0CSD8VYYM?tag=eloabder-20&linkCode=osi&th=1&psc=1">View Product</a></div><div class="product"><a href="https://www.amazon.com/dp/B0D59RDVM5?tag=eloabder-20&linkCode=osi&th=1&psc=1"><img src="https://m.media-amazon.com/images/I/519TRFsibfL._SL500_.jpg" alt="Product Image"></a><p>Paroto Canvas Boards for Painting 12 Pack, Multi-Size Painting Canvas Set 5x7, 8x10, 10x12, 12x16 Inches, 100% Cotton Blank Canvas Oil Acrylic Watercolor Pouring Paint for Kids, Beginners, Artists</p><p>$23.99</p><a href="https://www.amazon.com/dp/B0D59RDVM5?tag=eloabder-20&linkCode=osi&th=1&psc=1">View Product</a></div><div class="product"><a href="https://www.amazon.com/dp/B0CSD8YM4L?tag=eloabder-20&linkCode=osi&th=1&psc=1"><img src="https://m.media-amazon.com/images/I/41ZgWqkIMFL._SL500_.jpg" alt="Product Image"></a><p>4 Pack 8x10 Inch Canvas Boards for Painting, Blank Canvases for Painting,Triple Primed for Oil & Acrylic Paints, 100% Cotton Canvas Panels, 3mm Thickness</p><p>$3.99</p><a href="https://www.amazon.com/dp/B0CSD8YM4L?tag=eloabder-20&linkCode=osi&th=1&psc=1">View Product</a></div><div class="product"><a href="https://www.amazon.com/dp/B0CQFTW7MH?tag=eloabder-20&linkCode=osi&th=1&psc=1"><img src="https://m.media-amazon.com/images/I/41PiitKvQTL._SL500_.jpg" alt="Product Image"></a><p>Simetufy 4 Pack Canvas Boards for Painting 12x16 inch, Canvases for Painting, Gesso Primed Acid-Free 100% Cotton Large Canvas Panels for Acrylics Oil Watercolor Tempera Paints</p><p>$11.99</p><a href="https://www.amazon.com/dp/B0CQFTW7MH?tag=eloabder-20&linkCode=osi&th=1&psc=1">View Product</a></div>
<div class="product"><a href="https://www.amazon.com/dp/B07D6V7H85?tag=eloabder-20&linkCode=osi&th=1&psc=1"><img src="https://m.media-amazon.com/images/I/41EEPf6prIL._SL500_.jpg" alt="Product Image"></a><p>U.S. Art Supply 36" Wide x 6 Yards (18 Feet) Long Unstretched Canvas Roll - 100% Cotton, 12-Ounce Triple Primed Gesso, Acid-Free - Pro Artist Quality, Oil & Acrylic Painting, Murals Backdrop, Cut Size</p><p>$49.99</p><a href="https://www.amazon.com/dp/B07D6V7H85?tag=eloabder-20&linkCode=osi&th=1&psc=1">View Product</a></div><div class="product"><a href="https://www.amazon.com/dp/B0C98L44GG?tag=eloabder-20&linkCode=osi&th=1&psc=1"><img src="https://m.media-amazon.com/images/I/31gEyNH9+sL._SL500_.jpg" alt="Product Image"></a><p>Kinlop Double Primed Cotton Canvas White Canvas Roll for Oil and Acrylic Paint (20 Feet x 48 Inch)</p><p>$38.99</p><a href="https://www.amazon.com/dp/B0C98L44GG?tag=eloabder-20&linkCode=osi&th=1&psc=1">View Product</a></div><div class="product"><a href="https://www.amazon.com/dp/B0CLSXCD1W?tag=eloabder-20&linkCode=osi&th=1&psc=1"><img src="https://m.media-amazon.com/images/I/414jbnjcrQL._SL500_.jpg" alt="Product Image"></a><p>U.S. Art Supply 10-Ounce Unprimed 63" Wide x 2 Yards (6 Feet) Long Heavyweight Unstretched Canvas Roll - 100% Cotton, Woven - Oil & Acrylic Painting, Murals, Backdrop - Cut To Stretcher Bar Frame Size</p><p>$24.99</p><a href="https://www.amazon.com/dp/B0CLSXCD1W?tag=eloabder-20&linkCode=osi&th=1&psc=1">View Product</a></div><div class="product"><a href="https://www.amazon.com/dp/B09MCHDSPR?tag=eloabder-20&linkCode=osi&th=1&psc=1"><img src="https://m.media-amazon.com/images/I/41S+37Lx2wL._SL500_.jpg" alt="Product Image"></a><p>100% Natural Cotton 7 oz Canvas Fabric (Duck), 63 Inches Wide X 3 Yards Long</p><p>$29.95</p><a href="https://www.amazon.com/dp/B09MCHDSPR?tag=eloabder-20&linkCode=osi&th=1&psc=1">View Product</a></div><div class="product"><a href="https://www.amazon.com/dp/B07VX9TLM1?tag=eloabder-20&linkCode=osi&th=1&psc=1"><img src="https://m.media-amazon.com/images/I/41-bqGVrblL._SL500_.jpg" alt="Product Image"></a><p>Premium Polyster Matte Canvas Roll, Quick Dry, Wide Format Inkjet Printer Compatible, Perfect for Fine Art, Photography, Giclée Printing, Archival Quality Prints. (24"x60' 290gsm Polyester)</p><p>$69.99</p><a href="https://www.amazon.com/dp/B07VX9TLM1?tag=eloabder-20&linkCode=osi&th=1&psc=1">View Product</a></div><div class="product"><a href="https://www.amazon.com/dp/B079VP3F1B?tag=eloabder-20&linkCode=osi&th=1&psc=1"><img src="https://m.media-amazon.com/images/I/31eaUH1-cWL._SL500_.jpg" alt="Product Image"></a><p>VViViD Double Primed Cotton Canvas 12" Wide Roll Choose Your Size! (10ft x 12" Roll)</p><p>$16.88</p><a href="https://www.amazon.com/dp/B079VP3F1B?tag=eloabder-20&linkCode=osi&th=1&psc=1">View Product</a></div><div class="product"><a href="https://www.amazon.com/dp/B09954KKH3?tag=eloabder-20&linkCode=osi&th=1&psc=1"><img src="https://m.media-amazon.com/images/I/41SwQCPSmAL._SL500_.jpg" alt="Product Image"></a><p>Polyester Canvas Roll Professional Matte Canvas Roll Wide format Inkjet Printing For Printing Drawing Oil Acrylic Or Water-Based Painting (200GSM Polyester 36"x100ft)</p><p>$123.99</p><a href="https://www.amazon.com/dp/B09954KKH3?tag=eloabder-20&linkCode=osi&th=1&psc=1">View Product</a></div>
<div class="product"><a href="https://www.amazon.com/dp/B003A2I5T8?tag=eloabder-20&linkCode=osi&th=1&psc=1"><img src="https://m.media-amazon.com/images/I/41LvtrGFjVL._SL500_.jpg" alt="Product Image"></a><p>Astrobrights/Neenah Bright White Cardstock, 8.5" x 11", 65 lb/176 gsm, White, 75 Sheets (90905-02) - Packaging May Vary</p><p>$6.99</p><a href="https://www.amazon.com/dp/B003A2I5T8?tag=eloabder-20&linkCode=osi&th=1&psc=1">View Product</a></div><div class="product"><a href="https://www.amazon.com/dp/B00006IDRW?tag=eloabder-20&linkCode=osi&th=1&psc=1"><img src="https://m.media-amazon.com/images/I/412xLv5ae7L._SL500_.jpg" alt="Product Image"></a><p>Neenah Premium Cardstock, 8.5" x 11", 65 lb/176 gsm, Bright White, 250 Sheets (91904)</p><p>$14.29</p><a href="https://www.amazon.com/dp/B00006IDRW?tag=eloabder-20&linkCode=osi&th=1&psc=1">View Product</a></div><div class="product"><a href="https://www.amazon.com/dp/B07FX5LCXK?tag=eloabder-20&linkCode=osi&th=1&psc=1"><img src="https://m.media-amazon.com/images/I/41n9D1rlKgL._SL500_.jpg" alt="Product Image"></a><p>Printworks White Cardstock, 67 lb, 92 Bright, FSC Certified, Perfect for School and Craft Projects, 8.5 x 11 Inch, 100 Sheets (00540)</p><p>$11.49</p><a href="https://www.amazon.com/dp/B07FX5LCXK?tag=eloabder-20&linkCode=osi&th=1&psc=1">View Product</a></div><div class="product"><a href="https://www.amazon.com/dp/B07QQ3L753?tag=eloabder-20&linkCode=osi&th=1&psc=1"><img src="https://m.media-amazon.com/images/I/41n0Ue3DLbL._SL500_.jpg" alt="Product Image"></a><p>Neenah White Index Paper, Mediumweight, 300 Sheets, 199 gsm, 94 Brightness, 8.5" x 11" - MORE SHEETS! (91635)</p><p>$15.99</p><a href="https://www.amazon.com/dp/B07QQ3L753?tag=eloabder-20&linkCode=osi&th=1&psc=1">View Product</a></div><div class="product"><a href="https://www.amazon.com/dp/B07D4YF3K4?tag=eloabder-20&linkCode=osi&th=1&psc=1"><img src="https://m.media-amazon.com/images/I/41ffykOOE7L._SL500_.jpg" alt="Product Image"></a><p>Neenah Index Cardstock, 8.5" x 11", 90 lb/163 gsm, White, Lightweight, 94 Brightness, 300 Sheets (91437)</p><p>$19.24</p><a href="https://www.amazon.com/dp/B07D4YF3K4?tag=eloabder-20&linkCode=osi&th=1&psc=1">View Product</a></div><div class="product"><a href="https://www.amazon.com/dp/B08DCF5B4P?tag=eloabder-20&linkCode=osi&th=1&psc=1"><img src="https://m.media-amazon.com/images/I/41GRzmuulDL._SL500_.jpg" alt="Product Image"></a><p>Hammermill White Cardstock, 110 Lb, 8.5 x 11 Colored Cardstock, 1 Pack (200 Sheets) - Thick Card Stock, Made in the USA, 168380R</p><p>$13.32</p><a href="https://www.amazon.com/dp/B08DCF5B4P?tag=eloabder-20&linkCode=osi&th=1&psc=1">View Product</a></div><div class="product"><a href="https://www.amazon.com/dp/B0CYPPHFV9?tag=eloabder-20&linkCode=osi&th=1&psc=1"><img src="https://m.media-amazon.com/images/I/51IQR4E5R1L._SL500_.jpg" alt="Product Image"></a><p>96 Sheets Colored Cardstock 24 Colors, 8.5x11 Color Cardstock Bulk, 200gsm/75lb Assorted Colors Construction Paper for Printing, Card Making, Die Cutting, Crafts, Scrapbooking, Party Decorations</p><p>$12.99</p><a href="https://www.amazon.com/dp/B0CYPPHFV9?tag=eloabder-20&linkCode=osi&th=1&psc=1">View Product</a></div><div class="product"><a href="https://www.amazon.com/dp/B07QNMF4ZP?tag=eloabder-20&linkCode=osi&th=1&psc=1"><img src="https://m.media-amazon.com/images/I/41mVi2qUcyL._SL500_.jpg" alt="Product Image"></a><p>Printworks White Cardstock, Standard, 67 lb. Vellum, 92 Bright, 250 sheets, 8.5 x 11, For Office, Home & School Printing, Craft Projects (00564)</p><p>$12.92</p><a href="https://www.amazon.com/dp/B07QNMF4ZP?tag=eloabder-20&linkCode=osi&th=1&psc=1">View Product</a></div><div class="product"><a href="https://www.amazon.com/dp/B09Y681BML?tag=eloabder-20&linkCode=osi&th=1&psc=1"><img src="https://m.media-amazon.com/images/I/41whFoq6OEL._SL500_.jpg" alt="Product Image"></a><p>Astrobrights Mega Collection, Colored Cardstock, Punchy Pastel 5-Color Assortment, 320 Sheets, 65 lb./176 gsm, 8.5" x 11" - MORE SHEETS! (91780)</p><p>$19.87</p><a href="https://www.amazon.com/dp/B09Y681BML?tag=eloabder-20&linkCode=osi&th=1&psc=1">View Product</a></div>


<div class="product"><a href="https://www.amazon.com/dp/B0B7DZ4YPN?tag=eloabder-20&linkCode=osi&th=1&psc=1"><img src="https://m.media-amazon.com/images/I/51NIBuS801L._SL500_.jpg" alt="Product Image"></a><p>Epoxy Resin 64OZ - Crystal Clear Epoxy Resin Kit - No Yellowing No Bubble Art Resin Casting Resin for Art Crafts, Jewelry Making, Wood & Resin Molds(32OZ x 2)</p><p>$34.99 ($0.55 / Ounce)</p><a href="https://www.amazon.com/dp/B0B7DZ4YPN?tag=eloabder-20&linkCode=osi&th=1&psc=1">View Product</a></div><div class="product"><a href="https://www.amazon.com/dp/B0CPVCRD93?tag=eloabder-20&linkCode=osi&th=1&psc=1"><img src="https://m.media-amazon.com/images/I/51mBmD2NCqL._SL500_.jpg" alt="Product Image"></a><p>Puduo Epoxy Resin Kit 72OZ，Newly Formulated Crystal Clear Epoxy Resin，Strong, Bubble-Free, Anti-Yellowing Art Resin That，Suitable for Casting, DIY, Resin Art, Molds, Jewelry, Easy to Mix 1:1 Ratio</p><p>$36.99 ($0.51 / Ounce)</p><a href="https://www.amazon.com/dp/B0CPVCRD93?tag=eloabder-20&linkCode=osi&th=1&psc=1">View Product</a></div><div class="product"><a href="https://www.amazon.com/dp/B0BY2PFY62?tag=eloabder-20&linkCode=osi&th=1&psc=1"><img src="https://m.media-amazon.com/images/I/51jY4DbLEVL._SL500_.jpg" alt="Product Image"></a><p>LET'S RESIN Polyurethane Resin, 60oz 2 Part Casting Resin, Fast Cured Resin within 10 Minutes, Ultra Low Viscosity & Low Odor Pourable Liquid Plastic for Casting Models, Prototypes & Other Resin Craft</p><p>$40.99 ($0.68 / Ounce)</p><a href="https://www.amazon.com/dp/B0BY2PFY62?tag=eloabder-20&linkCode=osi&th=1&psc=1">View Product</a></div><div class="product"><a href="https://www.amazon.com/dp/B0CXLX1BF1?tag=eloabder-20&linkCode=osi&th=1&psc=1"><img src="https://m.media-amazon.com/images/I/51B03piFSWL._SL500_.jpg" alt="Product Image"></a><p>Epoxy Resin,1 Gallon Crystal Clear Epoxy Resin Kit, High-Gloss & Bubbles Free Resin and Hardener Kit, Art Resin Casting Resin for Art Crafts, Jewelry Making, Wood & Resin Molds…</p><p>$49.99</p><a href="https://www.amazon.com/dp/B0CXLX1BF1?tag=eloabder-20&linkCode=osi&th=1&psc=1">View Product</a></div><div class="product"><a href="https://www.amazon.com/dp/B0B79JKMTN?tag=eloabder-20&linkCode=osi&th=1&psc=1"><img src="https://m.media-amazon.com/images/I/51awzY+fOoL._SL500_.jpg" alt="Product Image"></a><p>Teexpert Crystal Clear Epoxy Resin Kit 1 Gallon Self-Leveling Coating and Casting Resin, High-Gloss & Bubbles Free Resin and Hardener Kit for DIY Art, Jewelry, Table Top, Molds, Wood 1:1 Ratio</p><p>$49.49 ($0.39 / Fl Oz)</p><a href="https://www.amazon.com/dp/B0B79JKMTN?tag=eloabder-20&linkCode=osi&th=1&psc=1">View Product</a></div><div class="product"><a href="https://www.amazon.com/dp/B0CZDCWRDS?tag=eloabder-20&linkCode=osi&th=1&psc=1"><img src="https://m.media-amazon.com/images/I/51NoC3Siy8L._SL500_.jpg" alt="Product Image"></a><p>Puduo Epoxy Resin Kit 1.1Gallon，Newly Formulated Crystal Clear Epoxy Resin，Strong, Bubble-Free, Anti-Yellowing Art Resin That，Suitable for Casting, DIY, Resin Art, Molds, Easy to Mix 1:1 Ratio</p><p>$48.99 ($0.35 / Ounce)</p><a href="https://www.amazon.com/dp/B0CZDCWRDS?tag=eloabder-20&linkCode=osi&th=1&psc=1">View Product</a></div><div class="product"><a href="https://www.amazon.com/dp/B0C786S8ZW?tag=eloabder-20&linkCode=osi&th=1&psc=1"><img src="https://m.media-amazon.com/images/I/51PD1cgR+-L._SL500_.jpg" alt="Product Image"></a><p>LET'S RESIN EPOXY RESIN 2 Gallon Casting Resin with Pumps, Bubble Free & High-Gloss Resin Epoxy Kit, Crystal Clear Epoxy Resin and Hardener for DIY Art, Molds Casting,Craft</p><p>$87.00 ($0.34 / Fl Oz)</p><a href="https://www.amazon.com/dp/B0C786S8ZW?tag=eloabder-20&linkCode=osi&th=1&psc=1">View Product</a></div><div class="product"><a href="https://www.amazon.com/dp/B0BYV7YX2K?tag=eloabder-20&linkCode=osi&th=1&psc=1"><img src="https://m.media-amazon.com/images/I/41dTpbgWB+L._SL500_.jpg" alt="Product Image"></a><p>TAKIMO 1 Gallon Crystal Clear Resin Kit,No Bubble & Not Yellowing Epoxy Resin for Coating, Casting, Table Top,DIY, Bar Top, River Tables, Resin Art, Wood with High Gloss Finish</p><p>$39.99</p><a href="https://www.amazon.com/dp/B0BYV7YX2K?tag=eloabder-20&linkCode=osi&th=1&psc=1">View Product</a></div>
<div class="product"><a href="https://www.amazon.com/dp/B093D6Q4V2?tag=eloabder-20&linkCode=osi&th=1&psc=1"><img src="https://m.media-amazon.com/images/I/51GS6ht5RsS._SL500_.jpg" alt="Product Image"></a><p>Brusarth Professional Charcoal Pencils Drawing Set - 6 Pieces Soft Medium and Hard Charcoal Pencils for Drawing, Sketching, Shading</p><p>$5.57</p><a href="https://www.amazon.com/dp/B093D6Q4V2?tag=eloabder-20&linkCode=osi&th=1&psc=1">View Product</a></div><div class="product"><a href="https://www.amazon.com/dp/B000VXONF4?tag=eloabder-20&linkCode=osi&th=1&psc=1"><img src="https://m.media-amazon.com/images/I/51DxvUPz4nL._SL500_.jpg" alt="Product Image"></a><p>General Pencil 957ABP Compressed Charcoal Sticks 4/Pkg-Black - Soft Assorted</p><p>$6.09 ($1.52 / Count)</p><a href="https://www.amazon.com/dp/B000VXONF4?tag=eloabder-20&linkCode=osi&th=1&psc=1">View Product</a></div><div class="product"><a href="https://www.amazon.com/dp/B0BZSZ2W1B?tag=eloabder-20&linkCode=osi&th=1&psc=1"><img src="https://m.media-amazon.com/images/I/41aJEjrQ16L._SL500_.jpg" alt="Product Image"></a><p>ANNECOSK Willow Charcoal Sticks, 10PCS Willow Charcoal Pencils for Artists Drawing, Sketching</p><p>$7.99</p><a href="https://www.amazon.com/dp/B0BZSZ2W1B?tag=eloabder-20&linkCode=osi&th=1&psc=1">View Product</a></div><div class="product"><a href="https://www.amazon.com/dp/B088K31QB7?tag=eloabder-20&linkCode=osi&th=1&psc=1"><img src="https://m.media-amazon.com/images/I/51giSzQeUzL._SL500_.jpg" alt="Product Image"></a><p>MARKART Professional Charcoal Pencils Drawing Set - 10 Pieces Soft Medium and Hard Charcoal Pencils for Drawing, Sketching, Shading</p><p>$5.99</p><a href="https://www.amazon.com/dp/B088K31QB7?tag=eloabder-20&linkCode=osi&th=1&psc=1">View Product</a></div><div class="product"><a href="https://www.amazon.com/dp/B0CHM9YB18?tag=eloabder-20&linkCode=osi&th=1&psc=1"><img src="https://m.media-amazon.com/images/I/51-cFJewi5L._SL500_.jpg" alt="Product Image"></a><p>PANDAFLY Willow Charcoal Sticks, Soft, Black Artist Vine Charcoal for Artists, Beginners, Students, Great for Sketching, Drawing, Shading and Fine Art, 7-9mm, 25 Pack</p><p>$7.99</p><a href="https://www.amazon.com/dp/B0CHM9YB18?tag=eloabder-20&linkCode=osi&th=1&psc=1">View Product</a></div><div class="product"><a href="https://www.amazon.com/dp/B004O7FFR8?tag=eloabder-20&linkCode=osi&th=1&psc=1"><img src="https://m.media-amazon.com/images/I/51JJnYm-n2L._SL500_.jpg" alt="Product Image"></a><p>Strathmore 300 Series Charcoal Paper Pad, Top Wire Bound, 9x12 inches, 32 Sheets (64lb/95g) - Artist Paper for Adults and Students - Charcoal and Pastel</p><p>$8.86</p><a href="https://www.amazon.com/dp/B004O7FFR8?tag=eloabder-20&linkCode=osi&th=1&psc=1">View Product</a></div><div class="product"><a href="https://www.amazon.com/dp/B09KY8MT2T?tag=eloabder-20&linkCode=osi&th=1&psc=1"><img src="https://m.media-amazon.com/images/I/31buTPEV5IL._SL500_.jpg" alt="Product Image"></a><p>Raven Powders Premium Charcoal Powder for Drawing and Art</p><p>$9.99</p><a href="https://www.amazon.com/dp/B09KY8MT2T?tag=eloabder-20&linkCode=osi&th=1&psc=1">View Product</a></div><div class="product"><a href="https://www.amazon.com/dp/B0021IK626?tag=eloabder-20&linkCode=osi&th=1&psc=1"><img src="https://m.media-amazon.com/images/I/317wgA0GITL._SL500_.jpg" alt="Product Image"></a><p>Winsor & Newton Artist Vine Charcoal Sticks, Soft, Box of 12 Sticks</p><p>$10.56</p><a href="https://www.amazon.com/dp/B0021IK626?tag=eloabder-20&linkCode=osi&th=1&psc=1">View Product</a></div>
<div class="product"><a href="https://www.amazon.com/dp/B0CHF9KZSW?tag=eloabder-20&linkCode=osi&th=1&psc=1"><img src="https://m.media-amazon.com/images/I/61lm2iV1gGL._SL500_.jpg" alt="Product Image"></a><p>KALOUR Professional Charcoal Pencils Drawing Set -12 Pieces Soft, Medium and Hard Charcoal Pencils for Drawing, Sketching, Shading, Artist Pencils for Beginners & Artists</p><p>$5.99</p><a href="https://www.amazon.com/dp/B0CHF9KZSW?tag=eloabder-20&linkCode=osi&th=1&psc=1">View Product</a></div><div class="product"><a href="https://www.amazon.com/dp/B0D41JG73W?tag=eloabder-20&linkCode=osi&th=1&psc=1"><img src="https://m.media-amazon.com/images/I/41K5KaeEE0L._SL500_.jpg" alt="Product Image"></a><p>Aenir White Charcoal Pencils, Pack of 12 Charcoal Drawing Pencils, Charcoal Pencils for Artists, Art Supplies for Drawing and Highlighting, Charcoal Pencils for Drawing, Sketching, Shading & Coloring.</p><p>$7.99</p><a href="https://www.amazon.com/dp/B0D41JG73W?tag=eloabder-20&linkCode=osi&th=1&psc=1">View Product</a></div><div class="product"><a href="https://www.amazon.com/dp/B004BPNUMA?tag=eloabder-20&linkCode=osi&th=1&psc=1"><img src="https://m.media-amazon.com/images/I/41EWfMXntlL._SL500_.jpg" alt="Product Image"></a><p>Peel & Sketch Charcoal Pencils 3/Pkg-</p><p>$6.96</p><a href="https://www.amazon.com/dp/B004BPNUMA?tag=eloabder-20&linkCode=osi&th=1&psc=1">View Product</a></div><div class="product"><a href="https://www.amazon.com/dp/B0C5V1QWPJ?tag=eloabder-20&linkCode=osi&th=1&psc=1"><img src="https://m.media-amazon.com/images/I/51bZBOoKtoL._SL500_.jpg" alt="Product Image"></a><p>Brusarth Charcoal Drawing Set -12 pc Black charcoal pencils, White Charcoal Pencils, Eraser Pencils, Blending Stumps for Drawing, Sketching, Shading, Artist Pencils for Beginners & Artists</p><p>$7.99</p><a href="https://www.amazon.com/dp/B0C5V1QWPJ?tag=eloabder-20&linkCode=osi&th=1&psc=1">View Product</a></div>
<div class="product"><a href="https://www.amazon.com/dp/B001BYK7RA?tag=eloabder-20&linkCode=osi&th=1&psc=1"><img src="https://m.media-amazon.com/images/I/316EZYjc1XL._SL500_.jpg" alt="Product Image"></a><p>Winsor & Newton Artist Vine Charcoal Sticks, Soft, Box of 3 Sticks</p><p>$4.09 ($1.36 / Count)</p><a href="https://www.amazon.com/dp/B001BYK7RA?tag=eloabder-20&linkCode=osi&th=1&psc=1">View Product</a></div>
<div class="product"><a href="https://www.amazon.com/dp/B08LR2TBPG?tag=eloabder-20&linkCode=osi&th=1&psc=1"><img src="https://m.media-amazon.com/images/I/31VBhMwmhTL._SL500_.jpg" alt="Product Image"></a><p>Chipboard Sheets 8.5" x 11" - 100 Sheets of 22 Point Chip Board for Crafts - This Kraft Board is a Great Alternative to MDF Board and Cardboard Sheets</p><p>$19.97</p><a href="https://www.amazon.com/dp/B08LR2TBPG?tag=eloabder-20&linkCode=osi&th=1&psc=1">View Product</a></div><div class="product"><a href="https://www.amazon.com/dp/B079F1FYG3?tag=eloabder-20&linkCode=osi&th=1&psc=1"><img src="https://m.media-amazon.com/images/I/41-kpBNtjSL._SL500_.jpg" alt="Product Image"></a><p>100 Thick Kraft Chipboard (30pt) - 8 1/2" x 11" - Perfect for Scrapbooking, Crafts & Product Backing…</p><p>$19.95</p><a href="https://www.amazon.com/dp/B079F1FYG3?tag=eloabder-20&linkCode=osi&th=1&psc=1">View Product</a></div><div class="product"><a href="https://www.amazon.com/dp/B07BYPGP5H?tag=eloabder-20&linkCode=osi&th=1&psc=1"><img src="https://m.media-amazon.com/images/I/31rUtsWIN5L._SL500_.jpg" alt="Product Image"></a><p>100 Chipboard Sheets 8 x 10 inch - 22pt (point) Light Weight Brown Kraft Cardboard for Scrapbooking & Picture Frame Backing (.022 Caliper Thick) Paper Board | MagicWater Supply</p><p>$21.99</p><a href="https://www.amazon.com/dp/B07BYPGP5H?tag=eloabder-20&linkCode=osi&th=1&psc=1">View Product</a></div><div class="product"><a href="https://www.amazon.com/dp/B07BYP99DJ?tag=eloabder-20&linkCode=osi&th=1&psc=1"><img src="https://m.media-amazon.com/images/I/31EMxvnjGrL._SL500_.jpg" alt="Product Image"></a><p>25 Chipboard Sheets 11 x 17 inch - 50pt (point) Heavy Weight Brown Kraft Cardboard for Scrapbooking & Picture Frame Backing (.050 Caliper Thick) Paper Board | MagicWater Supply</p><p>$26.99</p><a href="https://www.amazon.com/dp/B07BYP99DJ?tag=eloabder-20&linkCode=osi&th=1&psc=1">View Product</a></div><div class="product"><a href="https://www.amazon.com/dp/B07BYFXJDL?tag=eloabder-20&linkCode=osi&th=1&psc=1"><img src="https://m.media-amazon.com/images/I/310RbtxO26L._SL500_.jpg" alt="Product Image"></a><p>100 Chipboard Sheets 5 x 7 inch - 22pt (point) Light Weight Brown Kraft Cardboard for Scrapbooking & Picture Frame Backing (.022 Caliper Thick) Paper Board | MagicWater Supply</p><p>$14.99</p><a href="https://www.amazon.com/dp/B07BYFXJDL?tag=eloabder-20&linkCode=osi&th=1&psc=1">View Product</a></div><div class="product"><a href="https://www.amazon.com/dp/B0B6GK2MFD?tag=eloabder-20&linkCode=osi&th=1&psc=1"><img src="https://m.media-amazon.com/images/I/31-IEV+iYgL._SL500_.jpg" alt="Product Image"></a><p>10 EcoSwift 8.5x11 Chipboard Cardboard Craft Scrapbook Material Scrapbooking Packaging Sheets Shipping Pads Inserts 8 1/2 inch x 11 inch Chip Board</p><p>$4.99</p><a href="https://www.amazon.com/dp/B0B6GK2MFD?tag=eloabder-20&linkCode=osi&th=1&psc=1">View Product</a></div><div class="product"><a href="https://www.amazon.com/dp/B07BYKB2ZL?tag=eloabder-20&linkCode=osi&th=1&psc=1"><img src="https://m.media-amazon.com/images/I/31WIwma4xfL._SL500_.jpg" alt="Product Image"></a><p>Chipboard Sheets 8.5 x 11 inch - 50pt (Point) Heavy Weight Brown Kraft Cardboard for Scrapbooking & Picture Frame Backing (.050 Caliper Thick) Paper Board | MagicWater Supply (Kraft 100 Pack)</p><p>$38.99</p><a href="https://www.amazon.com/dp/B07BYKB2ZL?tag=eloabder-20&linkCode=osi&th=1&psc=1">View Product</a></div><div class="product"><a href="https://www.amazon.com/dp/B00161W6L8?tag=eloabder-20&linkCode=osi&th=1&psc=1"><img src="https://m.media-amazon.com/images/I/41MflHlo3JL._SL500_.jpg" alt="Product Image"></a><p>GRAFIX Natural Medium Weight Chipboard Sheets 8.5"X11" 25/Pkg, 8.5"x11"x0.057", Count</p><p>$15.14 ($0.61 / Count)</p><a href="https://www.amazon.com/dp/B00161W6L8?tag=eloabder-20&linkCode=osi&th=1&psc=1">View Product</a></div><div class="product"><a href="https://www.amazon.com/dp/B0013JRFUA?tag=eloabder-20&linkCode=osi&th=1&psc=1"><img src="https://m.media-amazon.com/images/I/41JzQAJkDoL._SL500_.jpg" alt="Product Image"></a><p>Grafix Medium Weight Acid-Free 0.057” Chipboard Sheets, Create Three-Dimensional Embellishments for Cards, Papercrafts, Mixed Media, Home Décor, and More, 12 x 12, Natural, 25 Count</p><p>$14.51 ($0.58 / Count)</p><a href="https://www.amazon.com/dp/B0013JRFUA?tag=eloabder-20&linkCode=osi&th=1&psc=1">View Product</a></div>








<div class="product"><a href="https://www.amazon.com/dp/B0C2YPJDFL?tag=eloabder-20&linkCode=osi&th=1&psc=1"><img src="https://m.media-amazon.com/images/I/51WB6B3vguL._SL500_.jpg" alt="Product Image"></a><p>Yagol Colored Pencils for Adult Coloring Books, 72 Colored Professional Drawing Pencils, Coloring Pencils for Adults Beginners kids & Pro.</p><p>$9.99</p><a href="https://www.amazon.com/dp/B0C2YPJDFL?tag=eloabder-20&linkCode=osi&th=1&psc=1">View Product</a></div><div class="product"><a href="https://www.amazon.com/dp/B01N09ZDEI?tag=eloabder-20&linkCode=osi&th=1&psc=1"><img src="https://m.media-amazon.com/images/I/51awfumPEiL._SL500_.jpg" alt="Product Image"></a><p>Soucolor 72-Color Colored Pencils for Adult Coloring Books, Back to School Supplies, Soft Core Artist Sketching Drawing Pencils Drawing Supplies, Art Supplies Kit for Adults Kids, Coloring Pencils Set</p><p>$9.99</p><a href="https://www.amazon.com/dp/B01N09ZDEI?tag=eloabder-20&linkCode=osi&th=1&psc=1">View Product</a></div><div class="product"><a href="https://www.amazon.com/dp/B0B772BZ4G?tag=eloabder-20&linkCode=osi&th=1&psc=1"><img src="https://m.media-amazon.com/images/I/41VSyVENyTL._SL500_.jpg" alt="Product Image"></a><p>FUNLAVIE Colored Pencils 48 Coloring Pencils Premium Professional Art Drawing Pencil for Adults Coloring Book</p><p>$9.99</p><a href="https://www.amazon.com/dp/B0B772BZ4G?tag=eloabder-20&linkCode=osi&th=1&psc=1">View Product</a></div><div class="product"><a href="https://www.amazon.com/dp/B0B8MFGW36?tag=eloabder-20&linkCode=osi&th=1&psc=1"><img src="https://m.media-amazon.com/images/I/51umBJsfZDL._SL500_.jpg" alt="Product Image"></a><p>KALOUR Premium Colored Pencils,Set of 120 Colors,Artists Soft Core with Vibrant Color,Ideal for Drawing Sketching Shading,Coloring Pencils for Adults Beginners kids</p><p>$24.99</p><a href="https://www.amazon.com/dp/B0B8MFGW36?tag=eloabder-20&linkCode=osi&th=1&psc=1">View Product</a></div><div class="product"><a href="https://www.amazon.com/dp/B0D5GSMGMG?tag=eloabder-20&linkCode=osi&th=1&psc=1"><img src="https://m.media-amazon.com/images/I/41aprDliB4L._SL500_.jpg" alt="Product Image"></a><p>Colored Pencils for Adult Coloring Books, Set of 72 Color Pencils, Oil-Based Core Drawing Pencils, 3.8mm Soft Leads with Adult Coloring Pencils, Professional Art Supplies for Adults, Beginner and Kids</p><p>$9.99</p><a href="https://www.amazon.com/dp/B0D5GSMGMG?tag=eloabder-20&linkCode=osi&th=1&psc=1">View Product</a></div><div class="product"><a href="https://www.amazon.com/dp/B0CZBPK6L5?tag=eloabder-20&linkCode=osi&th=1&psc=1"><img src="https://m.media-amazon.com/images/I/31Q1khczz5L._SL500_.jpg" alt="Product Image"></a><p>Colored Pencils for Adult Coloring Books, 72 Colors Drawing Pencils with Oil-Based Cores, Professional Art Supplies for Artists, Coloring Pencils for Adults, Color Pencils Set for Beginners and Teens.</p><p>$9.49</p><a href="https://www.amazon.com/dp/B0CZBPK6L5?tag=eloabder-20&linkCode=osi&th=1&psc=1">View Product</a></div>
<div class="product"><a href="https://www.amazon.com/dp/B0BTJRPJHJ?tag=eloabder-20&linkCode=osi&th=1&psc=1"><img src="https://m.media-amazon.com/images/I/61eh6iSlGRL._SL500_.jpg" alt="Product Image"></a><p>READY 2 LEARN Colored Sand - Turquoise - 2.2 lbs - Play Sand for Kids - Perfect for Arts and Crafts, Sensory Bins, Wedding Decorations and Vase Filler</p><p>$9.32</p><a href="https://www.amazon.com/dp/B0BTJRPJHJ?tag=eloabder-20&linkCode=osi&th=1&psc=1">View Product</a></div><div class="product"><a href="https://www.amazon.com/dp/B0BTJWH6L3?tag=eloabder-20&linkCode=osi&th=1&psc=1"><img src="https://m.media-amazon.com/images/I/61OHaobOoGL._SL500_.jpg" alt="Product Image"></a><p>READY 2 LEARN Colored Sand - Light Blue - 2.2 lbs - Play Sand for Kids - Perfect for Wedding Unity Ceremonies, Crafts, Sensory Bins and Vase Filler</p><p>$9.99</p><a href="https://www.amazon.com/dp/B0BTJWH6L3?tag=eloabder-20&linkCode=osi&th=1&psc=1">View Product</a></div><div class="product"><a href="https://www.amazon.com/dp/B00DZS4AA0?tag=eloabder-20&linkCode=osi&th=1&psc=1"><img src="https://m.media-amazon.com/images/I/41htpdoeWSL._SL500_.jpg" alt="Product Image"></a><p>Activa Pink Decorative Colored Sand in Resealable Bag, 5lb (2.27kg) | Fine Grain & Fade-Proof Sand For Arts & Crafts</p><p>$8.99</p><a href="https://www.amazon.com/dp/B00DZS4AA0?tag=eloabder-20&linkCode=osi&th=1&psc=1">View Product</a></div><div class="product"><a href="https://www.amazon.com/dp/B00GNED6YE?tag=eloabder-20&linkCode=osi&th=1&psc=1"><img src="https://m.media-amazon.com/images/I/41T-AKVqV5L._SL500_.jpg" alt="Product Image"></a><p>Sandsational Sparkle Champagne Unity Sand - 1.5 LB (22oz), Beige Colored Sand for Weddings, Vase Filler, Home Décor, Craft Sand, Aquarium Sand, and More</p><p>$15.99</p><a href="https://www.amazon.com/dp/B00GNED6YE?tag=eloabder-20&linkCode=osi&th=1&psc=1">View Product</a></div><div class="product"><a href="https://www.amazon.com/dp/B007VC4F6A?tag=eloabder-20&linkCode=osi&th=1&psc=1"><img src="https://m.media-amazon.com/images/I/51EtMIBeueL._SL500_.jpg" alt="Product Image"></a><p>Sandsational Sparkle Tropic Blue Unity Sand, 1 LB (16 oz), Colored Sand for Weddings, Vase Filler, Home Décor, Craft Sand, Aquarium Sand, and More</p><p>$9.99</p><a href="https://www.amazon.com/dp/B007VC4F6A?tag=eloabder-20&linkCode=osi&th=1&psc=1">View Product</a></div><div class="product"><a href="https://www.amazon.com/dp/B007VC497K?tag=eloabder-20&linkCode=osi&th=1&psc=1"><img src="https://m.media-amazon.com/images/I/51oZOs1VRDL._SL500_.jpg" alt="Product Image"></a><p>Sandsational Sparkle Burnt Orange Unity Sand, 1 LB (16 oz), Colored Sand for Weddings, Vase Filler, Home Décor, Craft Sand, Aquarium Sand, and More</p><p>$9.99</p><a href="https://www.amazon.com/dp/B007VC497K?tag=eloabder-20&linkCode=osi&th=1&psc=1">View Product</a></div><div class="product"><a href="https://www.amazon.com/dp/B004BN9WWY?tag=eloabder-20&linkCode=osi&th=1&psc=1"><img src="https://m.media-amazon.com/images/I/41Hehnr6HkL._SL500_.jpg" alt="Product Image"></a><p>Activa Turquoise Decorative Colored Sand in Resealable Bag, 5lb (2.27kg) | Fine Grain & Fade-Proof Sand For Arts & Crafts</p><p>$17.99 ($0.22 / Ounce)</p><a href="https://www.amazon.com/dp/B004BN9WWY?tag=eloabder-20&linkCode=osi&th=1&psc=1">View Product</a></div><div class="product"><a href="https://www.amazon.com/dp/B007VC4CMM?tag=eloabder-20&linkCode=osi&th=1&psc=1"><img src="https://m.media-amazon.com/images/I/51MDELk9-bL._SL500_.jpg" alt="Product Image"></a><p>Sandsational Sparkle Hazelnut Unity Sand, 1 LB (16 oz), Colored Sand for Weddings, Vase Filler, Home Décor, Craft Sand, Aquarium Sand, and More</p><p>$9.99</p><a href="https://www.amazon.com/dp/B007VC4CMM?tag=eloabder-20&linkCode=osi&th=1&psc=1">View Product</a></div>

<div class="product"><a href="https://www.amazon.com/dp/B0868M9MFP?tag=eloabder-20&linkCode=osi&th=1&psc=1"><img src="https://m.media-amazon.com/images/I/41MathwPKuL._SL500_.jpg" alt="Product Image"></a><p>SIMETUFY 360 Sheets 36 Multicolor Tissue Paper Bulk Gift Wrapping Tissue Paper Decorative Art Rainbow Tissue Paper 11.5in x 8in for Art Craft Floral Birthday Party Festival Tissue Paper Pom Pom</p><p>$6.98 ($0.02 / Count)</p><a href="https://www.amazon.com/dp/B0868M9MFP?tag=eloabder-20&linkCode=osi&th=1&psc=1">View Product</a></div><div class="product"><a href="https://www.amazon.com/dp/B0CZNYNJL3?tag=eloabder-20&linkCode=osi&th=1&psc=1"><img src="https://m.media-amazon.com/images/I/41ZspqqmKpL._SL500_.jpg" alt="Product Image"></a><p>160 Sheets Colored Tissue Paper, Tissue Paper Bulk 14 X 20 Inches Tissue Paper for Gift Bags Wrapping DIY Crafts Wedding Birthday</p><p>$7.99 ($0.03 / Sq Ft)</p><a href="https://www.amazon.com/dp/B0CZNYNJL3?tag=eloabder-20&linkCode=osi&th=1&psc=1">View Product</a></div><div class="product"><a href="https://www.amazon.com/dp/B07QY9FQN2?tag=eloabder-20&linkCode=osi&th=1&psc=1"><img src="https://m.media-amazon.com/images/I/51DR9nknn7L._SL500_.jpg" alt="Product Image"></a><p>120 Sheets Colored Tissue Paper Bulk Wrapping Craft Paper 20 x 26" for Art Gift Tissue Decoration (24 Colors)</p><p>$15.59 ($0.13 / Count)</p><a href="https://www.amazon.com/dp/B07QY9FQN2?tag=eloabder-20&linkCode=osi&th=1&psc=1">View Product</a></div><div class="product"><a href="https://www.amazon.com/dp/B0CWR5FKGQ?tag=eloabder-20&linkCode=osi&th=1&psc=1"><img src="https://m.media-amazon.com/images/I/31iRzSH4cbL._SL500_.jpg" alt="Product Image"></a><p>Hlonon 100 Sheets Colored Tissue Paper 12×20 Inch Tissue Paper Bulk Gift Wrapping for Gift Bags DIY Crafts Birthday Wedding Holidays Decor 10 Colors</p><p>$4.59</p><a href="https://www.amazon.com/dp/B0CWR5FKGQ?tag=eloabder-20&linkCode=osi&th=1&psc=1">View Product</a></div><div class="product"><a href="https://www.amazon.com/dp/B09RXR9SXB?tag=eloabder-20&linkCode=osi&th=1&psc=1"><img src="https://m.media-amazon.com/images/I/51xWE-5f2lL._SL500_.jpg" alt="Product Image"></a><p>120 Sheets Colored Tissue Paper for Gift Bags - 25 Assorted Colors Tissue Paper for Packaging Bulk Colored Tissue Paper for Gift Wrapping -Tissue Paper Bulk for Crafts Large 20 X 26 Sheets</p><p>$13.99 ($0.12 / Count)</p><a href="https://www.amazon.com/dp/B09RXR9SXB?tag=eloabder-20&linkCode=osi&th=1&psc=1">View Product</a></div><div class="product"><a href="https://www.amazon.com/dp/B0BWPNFLXM?tag=eloabder-20&linkCode=osi&th=1&psc=1"><img src="https://m.media-amazon.com/images/I/51KYkgeBLCL._SL500_.jpg" alt="Product Image"></a><p>Colored Tissue Paper for Gift Bags, Colored Tissue Paper for Crafts, Gift Wrapping Tissue Paper Bulk - 375 Sheets in 36 Assorted Colors (12 in x 8.4 in)</p><p>$12.99 ($0.03 / Count)</p><a href="https://www.amazon.com/dp/B0BWPNFLXM?tag=eloabder-20&linkCode=osi&th=1&psc=1">View Product</a></div><div class="product"><a href="https://www.amazon.com/dp/B0D1JYM64F?tag=eloabder-20&linkCode=osi&th=1&psc=1"><img src="https://m.media-amazon.com/images/I/41wvUKH9PbL._SL500_.jpg" alt="Product Image"></a><p>Phinus 6300 Pcs 1 Inch Tissue Paper Squares, Tissue Paper for Crafts, 42 Assorted Colored Tissue Paper, Colors Art Rainbow Tissue Paper Bulk for Crafts, Art Projects, Birthday Party</p><p>$5.99</p><a href="https://www.amazon.com/dp/B0D1JYM64F?tag=eloabder-20&linkCode=osi&th=1&psc=1">View Product</a></div>
<div class="product"><a href="https://www.amazon.com/dp/B085DP36VF?tag=eloabder-20&linkCode=osi&th=1&psc=1"><img src="https://m.media-amazon.com/images/I/516vaNkg0iL._SL500_.jpg" alt="Product Image"></a><p>Soucolor Art Brush Markers Pens for Adult Coloring Books, 34 Colors Numbered Dual Tip (Brush and Fine Point) Marker Pen for Kids Note taking Planner Lettering Calligraphy Drawing Preppy School Stuff</p><p>$9.99</p><a href="https://www.amazon.com/dp/B085DP36VF?tag=eloabder-20&linkCode=osi&th=1&psc=1">View Product</a></div><div class="product"><a href="https://www.amazon.com/dp/B075WQPKNK?tag=eloabder-20&linkCode=osi&th=1&psc=1"><img src="https://m.media-amazon.com/images/I/51EOXvmdwnL._SL500_.jpg" alt="Product Image"></a><p>Dual Brush Marker Pens for Coloring Books, Tanmit Fine Tip Coloring Marker & Brush Pen Set for Journaling Note Taking Writing Planning Art Project</p><p>$7.97</p><a href="https://www.amazon.com/dp/B075WQPKNK?tag=eloabder-20&linkCode=osi&th=1&psc=1">View Product</a></div>
<div class="product"><a href="https://www.amazon.com/dp/B0BWH7CWFW?tag=eloabder-20&linkCode=osi&th=1&psc=1"><img src="https://m.media-amazon.com/images/I/51jUg2AkDyL._SL500_.jpg" alt="Product Image"></a><p>AnyMark 60 Colors Alcohol Markers, Markers Set, Dual Tip Alcohol Based Art Markers for Kids Adults Coloring Drawing, Chisel & Fine</p><p>$19.99 ($0.33 / Count)</p><a href="https://www.amazon.com/dp/B0BWH7CWFW?tag=eloabder-20&linkCode=osi&th=1&psc=1">View Product</a></div><div class="product"><a href="https://www.amazon.com/dp/B07CJ8QXF8?tag=eloabder-20&linkCode=osi&th=1&psc=1"><img src="https://m.media-amazon.com/images/I/51bChi4-H4L._SL500_.jpg" alt="Product Image"></a><p>Dual Markers Brush Pens, 36 Fine Point Art Marker, Double Tip Colored Pen for Adult Coloring Hand Lettering, School Classroom Art Suppliers</p><p>$9.99</p><a href="https://www.amazon.com/dp/B07CJ8QXF8?tag=eloabder-20&linkCode=osi&th=1&psc=1">View Product</a></div><div class="product"><a href="https://www.amazon.com/dp/B0CMLFSJ32?tag=eloabder-20&linkCode=osi&th=1&psc=1"><img src="https://m.media-amazon.com/images/I/51tOlopoSsL._SL500_.jpg" alt="Product Image"></a><p>TOSHARE Double Brush Marker Pens, 72 Colors Art Markers Set with Fine Tip and Brush Tip for Kids Adult Coloring Book Hand Lettering Calligraphy Drawing Art Supplies Kit</p><p>$29.99</p><a href="https://www.amazon.com/dp/B0CMLFSJ32?tag=eloabder-20&linkCode=osi&th=1&psc=1">View Product</a></div><div class="product"><a href="https://www.amazon.com/dp/B0BYD5M7LQ?tag=eloabder-20&linkCode=osi&th=1&psc=1"><img src="https://m.media-amazon.com/images/I/51sfVuA2MJL._SL500_.jpg" alt="Product Image"></a><p>AnyMark 48 Colors Alcohol Markers, Markers Set, Dual Tip Alcohol Based Art Markers for Kids Adults Coloring Drawing, Chisel & Fine</p><p>$12.99 ($0.27 / Count)</p><a href="https://www.amazon.com/dp/B0BYD5M7LQ?tag=eloabder-20&linkCode=osi&th=1&psc=1">View Product</a></div><div class="product"><a href="https://www.amazon.com/dp/B078N2RFJ9?tag=eloabder-20&linkCode=osi&th=1&psc=1"><img src="https://m.media-amazon.com/images/I/415IZ1EQzEL._SL500_.jpg" alt="Product Image"></a><p>MemOffice 80 Colors Dual Tip Artist Alcohol Markers Set with Carrying Case - Perfect for Coloring, Drawing, Sketching, Card Making and Illustration - Perfect for Adults and Kids</p><p>$22.99</p><a href="https://www.amazon.com/dp/B078N2RFJ9?tag=eloabder-20&linkCode=osi&th=1&psc=1">View Product</a></div><div class="product"><a href="https://www.amazon.com/dp/B0891WKPN3?tag=eloabder-20&linkCode=osi&th=1&psc=1"><img src="https://m.media-amazon.com/images/I/51qPnBJt4QL._SL500_.jpg" alt="Product Image"></a><p>Caliart 34 Double Tip Brush Pens Art Markers, Aesthetic Cute Preppy Stuff School Supplies, Artist Fine & Brush Pen Coloring Markers for Kids Adult Book Cards Drawing Craft Kit Teacher Office Supplies</p><p>$9.99</p><a href="https://www.amazon.com/dp/B0891WKPN3?tag=eloabder-20&linkCode=osi&th=1&psc=1">View Product</a></div><div class="product"><a href="https://www.amazon.com/dp/B08GX1FXG5?tag=eloabder-20&linkCode=osi&th=1&psc=1"><img src="https://m.media-amazon.com/images/I/61VK97q6UUL._SL500_.jpg" alt="Product Image"></a><p>Mogyann Markers for Adult 100 Colors Dual Tip Pens with Fine and Brush Tip for Coloring and Calligraphy Drawing</p><p>$26.99</p><a href="https://www.amazon.com/dp/B08GX1FXG5?tag=eloabder-20&linkCode=osi&th=1&psc=1">View Product</a></div>
<div class="product"><a href="https://www.amazon.com/dp/B002LARR8A?tag=eloabder-20&linkCode=osi&th=1&psc=1"><img src="https://m.media-amazon.com/images/I/41G5vXNB91L._SL500_.jpg" alt="Product Image"></a><p>Prang (Formerly SunWorks) Construction Paper, 10 Assorted Colors, 12" x 18", 100 Sheets</p><p>$13.09</p><a href="https://www.amazon.com/dp/B002LARR8A?tag=eloabder-20&linkCode=osi&th=1&psc=1">View Product</a></div><div class="product"><a href="https://www.amazon.com/dp/B001AZ9S6G?tag=eloabder-20&linkCode=osi&th=1&psc=1"><img src="https://m.media-amazon.com/images/I/41kI6AxAEvL._SL500_.jpg" alt="Product Image"></a><p>Prang (Formerly SunWorks) Construction Paper, White, 12" x 18", 50 Sheets</p><p>$6.86</p><a href="https://www.amazon.com/dp/B001AZ9S6G?tag=eloabder-20&linkCode=osi&th=1&psc=1">View Product</a></div>

<div class="product"><a href="https://www.amazon.com/dp/B003JJIEKC?tag=eloabder-20&linkCode=osi&th=1&psc=1"><img src="https://m.media-amazon.com/images/I/51CnC6280iL._SL500_.jpg" alt="Product Image"></a><p>2 Rolls/Pack 7/32 Copper Foil (Copper Backed)</p><p>$24.21</p><a href="https://www.amazon.com/dp/B003JJIEKC?tag=eloabder-20&linkCode=osi&th=1&psc=1">View Product</a></div><div class="product"><a href="https://www.amazon.com/dp/B0CXXD14QS?tag=eloabder-20&linkCode=osi&th=1&psc=1"><img src="https://m.media-amazon.com/images/I/31MLEFbqdaL._SL500_.jpg" alt="Product Image"></a><p>YEZHET 7/32 Inch Black Backed Copper foil for Stained Glass (2Roll)</p><p>$16.99</p><a href="https://www.amazon.com/dp/B0CXXD14QS?tag=eloabder-20&linkCode=osi&th=1&psc=1">View Product</a></div><div class="product"><a href="https://www.amazon.com/dp/B00359QVPG?tag=eloabder-20&linkCode=osi&th=1&psc=1"><img src="https://m.media-amazon.com/images/I/41hRCFiP1dL._SL500_.jpg" alt="Product Image"></a><p>Edco 3/16 Black Backed Copper Foil</p><p>$14.75</p><a href="https://www.amazon.com/dp/B00359QVPG?tag=eloabder-20&linkCode=osi&th=1&psc=1">View Product</a></div><div class="product"><a href="https://www.amazon.com/dp/B004BNDZSG?tag=eloabder-20&linkCode=osi&th=1&psc=1"><img src="https://m.media-amazon.com/images/I/519NZ7L73gL._SL500_.jpg" alt="Product Image"></a><p>Studio Pro 1/4-Inch Black Lined Copper Foil</p><p>$10.90</p><a href="https://www.amazon.com/dp/B004BNDZSG?tag=eloabder-20&linkCode=osi&th=1&psc=1">View Product</a></div><div class="product"><a href="https://www.amazon.com/dp/B0C3Z37LZK?tag=eloabder-20&linkCode=osi&th=1&psc=1"><img src="https://m.media-amazon.com/images/I/41bhh73eatL._SL500_.jpg" alt="Product Image"></a><p>YEZHET Copper Foil Tape 2 Pack (7/32Inch) with Double-Sided Conductive, for Stained Glass, Electrical Repairs, DIY Handicrafts, Paper Circuits, Crafting</p><p>$7.99 ($0.53 / Foot)</p><a href="https://www.amazon.com/dp/B0C3Z37LZK?tag=eloabder-20&linkCode=osi&th=1&psc=1">View Product</a></div><div class="product"><a href="https://www.amazon.com/dp/B00WVKO1LG?tag=eloabder-20&linkCode=osi&th=1&psc=1"><img src="https://m.media-amazon.com/images/I/31J15yH0QGL._SL500_.jpg" alt="Product Image"></a><p>K&S 6020 Metallic Copper Crafting Foil, 0.005" Thick x 12" Width x 30" Long, 1 Piece, Made in The USA</p><p>$14.89</p><a href="https://www.amazon.com/dp/B00WVKO1LG?tag=eloabder-20&linkCode=osi&th=1&psc=1">View Product</a></div>
<div class="product"><a href="https://www.amazon.com/dp/B08YJBQ7WZ?tag=eloabder-20&linkCode=osi&th=1&psc=1"><img src="https://m.media-amazon.com/images/I/51MPyR+wDWL._SL500_.jpg" alt="Product Image"></a><p>45 Color Options Macrame Cord 2mm/3mm/4mm/5mm/6mmx109 Yards Cotton Cord, 4 Ply Twisted Yarn, Natural Perfect Supplies DIY Crafts (Natural White)</p><p>$4.98 ($0.02 / Foot)</p><a href="https://www.amazon.com/dp/B08YJBQ7WZ?tag=eloabder-20&linkCode=osi&th=1&psc=1">View Product</a></div><div class="product"><a href="https://www.amazon.com/dp/B07ZGD2G6B?tag=eloabder-20&linkCode=osi&th=1&psc=1"><img src="https://m.media-amazon.com/images/I/51pexzF494L._SL500_.jpg" alt="Product Image"></a><p>Tenn Well Leather String, 100 Yards 2.6mm Flat Suede Cord, Faux Leather Cord for Jewelry Making, Necklaces, Bracelets, Dream Catchers and DIY Crafts (Brown)</p><p>$9.99 ($0.03 / Foot)</p><a href="https://www.amazon.com/dp/B07ZGD2G6B?tag=eloabder-20&linkCode=osi&th=1&psc=1">View Product</a></div><div class="product"><a href="https://www.amazon.com/dp/B0CQF1LC2R?tag=eloabder-20&linkCode=osi&th=1&psc=1"><img src="https://m.media-amazon.com/images/I/51O0PgsjtpL._SL500_.jpg" alt="Product Image"></a><p>Anezus Rainbow Color Nylon Cord, Nylon Craft String, Silky Satin Rattail Cord Beading String for Braided Bracelets, Pendants Necklace, Macrame Keychains, Lanyards, Drawstring Bags, DIY Crafts, Sewing</p><p>$6.99 ($0.02 / Foot)</p><a href="https://www.amazon.com/dp/B0CQF1LC2R?tag=eloabder-20&linkCode=osi&th=1&psc=1">View Product</a></div><div class="product"><a href="https://www.amazon.com/dp/B0B7J9BZSN?tag=eloabder-20&linkCode=osi&th=1&psc=1"><img src="https://m.media-amazon.com/images/I/41Orf+Dg9FL._SL500_.jpg" alt="Product Image"></a><p>2 mm 330 Feet Satin Nylon Cord String for Jewelry Making Bracelet Necklaces Beading Thread Rattail Macrame Kumihimo Chinese Knot Craft</p><p>$7.99 ($0.02 / Foot)</p><a href="https://www.amazon.com/dp/B0B7J9BZSN?tag=eloabder-20&linkCode=osi&th=1&psc=1">View Product</a></div><div class="product"><a href="https://www.amazon.com/dp/B08PZ2VDPM?tag=eloabder-20&linkCode=osi&th=1&psc=1"><img src="https://m.media-amazon.com/images/I/51DQgq3cfXL._SL500_.jpg" alt="Product Image"></a><p>Tenn Well Nylon Satin Cord, 295 Feet 2mm Black Nylon String for Jewelry Making, Silky Rattail Cord for Bracelets, Necklaces, Macrame Keychains, Lanyards, Beading</p><p>$7.99 ($0.03 / Foot)</p><a href="https://www.amazon.com/dp/B08PZ2VDPM?tag=eloabder-20&linkCode=osi&th=1&psc=1">View Product</a></div><div class="product"><a href="https://www.amazon.com/dp/B07TW9PGGB?tag=eloabder-20&linkCode=osi&th=1&psc=1"><img src="https://m.media-amazon.com/images/I/41C73YuzTWL._SL500_.jpg" alt="Product Image"></a><p>Macrame Cord,3mm x109 Yards 100% Natural Macrame Cords Colored Cotton Macrame Rope Craft Cord for DIY Crafts Knitting Plant Hangers Christmas Wedding Decor(Natural Color/Beige)</p><p>$4.98 ($0.02 / Foot)</p><a href="https://www.amazon.com/dp/B07TW9PGGB?tag=eloabder-20&linkCode=osi&th=1&psc=1">View Product</a></div><div class="product"><a href="https://www.amazon.com/dp/B0CS27R34B?tag=eloabder-20&linkCode=osi&th=1&psc=1"><img src="https://m.media-amazon.com/images/I/31hxjVrOTnL._SL500_.jpg" alt="Product Image"></a><p>2 mm x 330 Feet Satin Nylon Cord, Silky Smooth Nylon String for Jewelry Making Bracelet Necklaces Beading Thread Rattail Macrame Kumihimo Chinese Knot Craft</p><p>$7.99 ($0.02 / Foot)</p><a href="https://www.amazon.com/dp/B0CS27R34B?tag=eloabder-20&linkCode=osi&th=1&psc=1">View Product</a></div><div class="product"><a href="https://www.amazon.com/dp/B07GX8B3PC?tag=eloabder-20&linkCode=osi&th=1&psc=1"><img src="https://m.media-amazon.com/images/I/416oClGC4ZL._SL500_.jpg" alt="Product Image"></a><p>Tenn Well 5mm Macrame Cord, 165Feet Braided Cotton Rope Thick Craft Twine for Macrame Plant Hangers, Wall Hangings, Drawstrings, Clothes Lines, DIY Crafts (Beige)</p><p>$8.99 ($0.05 / Foot)</p><a href="https://www.amazon.com/dp/B07GX8B3PC?tag=eloabder-20&linkCode=osi&th=1&psc=1">View Product</a></div>
<div class="product"><a href="https://www.amazon.com/dp/B08LV18F93?tag=eloabder-20&linkCode=osi&th=1&psc=1"><img src="https://m.media-amazon.com/images/I/51XMGht9fSL._SL500_.jpg" alt="Product Image"></a><p>uxcell 20pcs Corrugated Cardboard Paper Sheets,Colorful,7.87-inch x 11.82-inch,for Craft and DIY Projects</p><p>$12.49 ($0.62 / Count)</p><a href="https://www.amazon.com/dp/B08LV18F93?tag=eloabder-20&linkCode=osi&th=1&psc=1">View Product</a></div><div class="product"><a href="https://www.amazon.com/dp/B009MRH3R0?tag=eloabder-20&linkCode=osi&th=1&psc=1"><img src="https://m.media-amazon.com/images/I/51KvHbQ47aL._SL500_.jpg" alt="Product Image"></a><p>Hygloss Corrugated Cardboard Sheets, 8-Pack, 8 Pieces</p><p>$10.13 ($1.27 / Count)</p><a href="https://www.amazon.com/dp/B009MRH3R0?tag=eloabder-20&linkCode=osi&th=1&psc=1">View Product</a></div><div class="product"><a href="https://www.amazon.com/dp/B08LV1DHM7?tag=eloabder-20&linkCode=osi&th=1&psc=1"><img src="https://m.media-amazon.com/images/I/41CqXQkVMyL._SL500_.jpg" alt="Product Image"></a><p>uxcell 10pcs Corrugated Cardboard Paper Sheets,Black,7.87-inch x 11.84-inch,for Craft and DIY Projects</p><p>$8.09 ($0.81 / Count)</p><a href="https://www.amazon.com/dp/B08LV1DHM7?tag=eloabder-20&linkCode=osi&th=1&psc=1">View Product</a></div><div class="product"><a href="https://www.amazon.com/dp/B07RNHX8GZ?tag=eloabder-20&linkCode=osi&th=1&psc=1"><img src="https://m.media-amazon.com/images/I/51LdlT0J20L._SL500_.jpg" alt="Product Image"></a><p>Bright Creations Corrugated Cardboard Paper Sheets (8.5 x 11 in, Black, 48-Pack)</p><p>$16.99 ($0.35 / Count)</p><a href="https://www.amazon.com/dp/B07RNHX8GZ?tag=eloabder-20&linkCode=osi&th=1&psc=1">View Product</a></div><div class="product"><a href="https://www.amazon.com/dp/B07GZHK7KC?tag=eloabder-20&linkCode=osi&th=1&psc=1"><img src="https://m.media-amazon.com/images/I/51LbINh9qtL._SL500_.jpg" alt="Product Image"></a><p>64 Pack Colored Corrugated Cardboard Sheets for Crafts, Art Projects, DIY Signs, 8 Bright Colors (8.3 x 11.8 in)</p><p>$19.99 ($0.31 / Count)</p><a href="https://www.amazon.com/dp/B07GZHK7KC?tag=eloabder-20&linkCode=osi&th=1&psc=1">View Product</a></div><div class="product"><a href="https://www.amazon.com/dp/B08LV1FW8M?tag=eloabder-20&linkCode=osi&th=1&psc=1"><img src="https://m.media-amazon.com/images/I/41glvw8zT3L._SL500_.jpg" alt="Product Image"></a><p>uxcell 10pcs Corrugated Cardboard Paper Sheets,White,7.87-inch x 11.86-inch,for Craft and DIY Projects</p><p>$9.49 ($0.95 / Count)</p><a href="https://www.amazon.com/dp/B08LV1FW8M?tag=eloabder-20&linkCode=osi&th=1&psc=1">View Product</a></div><div class="product"><a href="https://www.amazon.com/dp/B071KP3K72?tag=eloabder-20&linkCode=osi&th=1&psc=1"><img src="https://m.media-amazon.com/images/I/41Dr9t+PB8L._SL500_.jpg" alt="Product Image"></a><p>Corobuff Corrugated Paper, Brite Blue, 48" x 25', 1 Roll</p><p>$38.52</p><a href="https://www.amazon.com/dp/B071KP3K72?tag=eloabder-20&linkCode=osi&th=1&psc=1">View Product</a></div><div class="product"><a href="https://www.amazon.com/dp/B09TB1LKLG?tag=eloabder-20&linkCode=osi&th=1&psc=1"><img src="https://m.media-amazon.com/images/I/31ttSeubU9L._SL500_.jpg" alt="Product Image"></a><p>MECCANIXITY Corrugated Paper Sheets 25pcs 11.8-inch x 7.87-inch White Cardboard for DIY Craft</p><p>$13.99</p><a href="https://www.amazon.com/dp/B09TB1LKLG?tag=eloabder-20&linkCode=osi&th=1&psc=1">View Product</a></div><div class="product"><a href="https://www.amazon.com/dp/B0C372CGHG?tag=eloabder-20&linkCode=osi&th=1&psc=1"><img src="https://m.media-amazon.com/images/I/41EDnL7EWDL._SL500_.jpg" alt="Product Image"></a><p>DMiotech 5 Pack 7.87x11.81 Inch Corrugated Cardboard Paper Sheets DIY Projects Black for Box Making, Cards, Scrapbooks</p><p>$6.99 ($1.40 / Count)</p><a href="https://www.amazon.com/dp/B0C372CGHG?tag=eloabder-20&linkCode=osi&th=1&psc=1">View Product</a></div>
<div class="product"><a href="https://www.amazon.com/dp/B08PBJSDSH?tag=eloabder-20&linkCode=osi&th=1&psc=1"><img src="https://m.media-amazon.com/images/I/41pj8xbkfyL._SL500_.jpg" alt="Product Image"></a><p>100 Pieces Cotton Spun Paper Balls White Natural Spun Cotton Paper Balls Coloring Paper Balls for Making Paper Flowers DIY Crafts Decorations</p><p>$9.49</p><a href="https://www.amazon.com/dp/B08PBJSDSH?tag=eloabder-20&linkCode=osi&th=1&psc=1">View Product</a></div><div class="product"><a href="https://www.amazon.com/dp/B083W75XRT?tag=eloabder-20&linkCode=osi&th=1&psc=1"><img src="https://m.media-amazon.com/images/I/41C8TlFRJvL._SL500_.jpg" alt="Product Image"></a><p>Lia Griffith Cotton Spun Paper Balls, White, 20mm, 24 Count</p><p>$11.30 ($0.47 / Count)</p><a href="https://www.amazon.com/dp/B083W75XRT?tag=eloabder-20&linkCode=osi&th=1&psc=1">View Product</a></div>
<div class="product"><a href="https://www.amazon.com/dp/B0B1J8TYT1?tag=eloabder-20&linkCode=osi&th=1&psc=1"><img src="https://m.media-amazon.com/images/I/41NdyrANVlL._SL500_.jpg" alt="Product Image"></a><p>HOTGODEN Medium Weight 100% Cotton Muslin Fabric: 63 inch x 2,5,10 Yards Unbleached Muslin Linen Fabric Material for Sewing Material Apparel Cloth</p><p>$12.99</p><a href="https://www.amazon.com/dp/B0B1J8TYT1?tag=eloabder-20&linkCode=osi&th=1&psc=1">View Product</a></div><div class="product"><a href="https://www.amazon.com/dp/B0B9HHD1QM?tag=eloabder-20&linkCode=osi&th=1&psc=1"><img src="https://m.media-amazon.com/images/I/313O1FHX2vL._SL500_.jpg" alt="Product Image"></a><p>Craftido-19 Options-100% Cotton Fabric by The yard in Solid Color 44”Wide by 3yd (9 ft) -Medium Weight 5.2 oz- for Quilting, Sewing, Crafts, Binding, Backing and Lining - White</p><p>$22.99</p><a href="https://www.amazon.com/dp/B0B9HHD1QM?tag=eloabder-20&linkCode=osi&th=1&psc=1">View Product</a></div><div class="product"><a href="https://www.amazon.com/dp/B0BHVMLTWV?tag=eloabder-20&linkCode=osi&th=1&psc=1"><img src="https://m.media-amazon.com/images/I/21vOg9h0nXL._SL500_.jpg" alt="Product Image"></a><p>HOTGODEN Light Weight 100% Cotton Muslin Fabric: 63 inch x 2,5,10 Yards Unbleached Muslin Linen Fabric Material for Sewing Material Apparel Cloth</p><p>$12.99</p><a href="https://www.amazon.com/dp/B0BHVMLTWV?tag=eloabder-20&linkCode=osi&th=1&psc=1">View Product</a></div><div class="product"><a href="https://www.amazon.com/dp/B093BQ3GMM?tag=eloabder-20&linkCode=osi&th=1&psc=1"><img src="https://m.media-amazon.com/images/I/61UmpTb+DVS._SL500_.jpg" alt="Product Image"></a><p>42Pcs 10"x10" Quilting Cotton Fabric Squares Sheets Pre-Cut Multi-Color Design Printed Floral Craft Fabric for DIY Sewing Scrapbooking Quilting Craft Patchwork (Red/Pink/Yellow/Green/Blue/Purple)</p><p>$12.88</p><a href="https://www.amazon.com/dp/B093BQ3GMM?tag=eloabder-20&linkCode=osi&th=1&psc=1">View Product</a></div><div class="product"><a href="https://www.amazon.com/dp/B08DTBZTFC?tag=eloabder-20&linkCode=osi&th=1&psc=1"><img src="https://m.media-amazon.com/images/I/41NKhg34TpL._SL500_.jpg" alt="Product Image"></a><p>Master FAB -Black 100% Cotton Fabric by The Yard for Sewing DIY Crafting Fashion Design Washable Cloth Bundles Voile;Full Width cuttable39 x 55inches (100x140cm) (Black Solid)</p><p>$9.99</p><a href="https://www.amazon.com/dp/B08DTBZTFC?tag=eloabder-20&linkCode=osi&th=1&psc=1">View Product</a></div>
<div class="product"><a href="https://www.amazon.com/dp/B08TZZ7F3P?tag=eloabder-20&linkCode=osi&th=1&psc=1"><img src="https://m.media-amazon.com/images/I/41J8e8Zfz1S._SL500_.jpg" alt="Product Image"></a><p>Hdviai Macrame Cord - Natural Unbleached Macrame Rope - 4 Strand Twisted Cotton Rope for Wall Hanging，DIY Craft Making，Plant Hangers，Knotting Decorative Projects (White, 8mm x 20 Yards)</p><p>$9.99 ($0.17 / Foot)</p><a href="https://www.amazon.com/dp/B08TZZ7F3P?tag=eloabder-20&linkCode=osi&th=1&psc=1">View Product</a></div><div class="product"><a href="https://www.amazon.com/dp/B094Y2M3G5?tag=eloabder-20&linkCode=osi&th=1&psc=1"><img src="https://m.media-amazon.com/images/I/51C-4p5OSsS._SL500_.jpg" alt="Product Image"></a><p>SEMINI 100% Natural Cotton Cord,5mm x40 Yard Mixed Color Twine String Cord Colored Cotton Rope Craft Cord for DIY Crafts Knitting Plant Hangers Christmas Wedding Decorate (Mix Color)</p><p>$12.99</p><a href="https://www.amazon.com/dp/B094Y2M3G5?tag=eloabder-20&linkCode=osi&th=1&psc=1">View Product</a></div><div class="product"><a href="https://www.amazon.com/dp/B07NTT82FH?tag=eloabder-20&linkCode=osi&th=1&psc=1"><img src="https://m.media-amazon.com/images/I/41aw9F3nkmL._SL500_.jpg" alt="Product Image"></a><p>Feelmate 6mm x 164 Feet Cotton Rope Macrame Cord for Crafts Jewelry Making Home Decoration Gift Wrapping</p><p>$14.99 ($0.09 / Foot)</p><a href="https://www.amazon.com/dp/B07NTT82FH?tag=eloabder-20&linkCode=osi&th=1&psc=1">View Product</a></div><div class="product"><a href="https://www.amazon.com/dp/B09KRYCT3B?tag=eloabder-20&linkCode=osi&th=1&psc=1"><img src="https://m.media-amazon.com/images/I/41H918apC-L._SL500_.jpg" alt="Product Image"></a><p>Natural Cotton Rope, JEUIHAU 328 Feet 1/4 Inch Cotton Clothesline Rope, All-Purpose Braided Cotton Rope Utility Cord for Clothes Hanging, Crafting, Macrame, Basket Making, and DIY Art Projects</p><p>$25.99 ($0.08 / Foot)</p><a href="https://www.amazon.com/dp/B09KRYCT3B?tag=eloabder-20&linkCode=osi&th=1&psc=1">View Product</a></div>
<div class="product"><a href="https://www.amazon.com/dp/B07RRD6TBN?tag=eloabder-20&linkCode=osi&th=1&psc=1"><img src="https://m.media-amazon.com/images/I/31YqtfxjDuL._SL500_.jpg" alt="Product Image"></a><p>Connecting Threads 100% Cotton Thread - 1200 Yard Spool (White)</p><p>$8.99</p><a href="https://www.amazon.com/dp/B07RRD6TBN?tag=eloabder-20&linkCode=osi&th=1&psc=1">View Product</a></div><div class="product"><a href="https://www.amazon.com/dp/B07G4N3HCZ?tag=eloabder-20&linkCode=osi&th=1&psc=1"><img src="https://m.media-amazon.com/images/I/413UnNketKL._SL500_.jpg" alt="Product Image"></a><p>2-Pack - Gutermann Natural Cotton Thread Solids 876 Yards Each - White (800C 5709)</p><p>$16.17 ($8.08 / Count)</p><a href="https://www.amazon.com/dp/B07G4N3HCZ?tag=eloabder-20&linkCode=osi&th=1&psc=1">View Product</a></div><div class="product"><a href="https://www.amazon.com/dp/B07RSFSYLY?tag=eloabder-20&linkCode=osi&th=1&psc=1"><img src="https://m.media-amazon.com/images/I/31dM1Mx2uIL._SL500_.jpg" alt="Product Image"></a><p>Connecting Threads 100% Cotton Essential Thread 5000 Yard Cone (White)</p><p>$16.99</p><a href="https://www.amazon.com/dp/B07RSFSYLY?tag=eloabder-20&linkCode=osi&th=1&psc=1">View Product</a></div><div class="product"><a href="https://www.amazon.com/dp/B074H1JTPK?tag=eloabder-20&linkCode=osi&th=1&psc=1"><img src="https://m.media-amazon.com/images/I/41tOL4rkfFL._SL500_.jpg" alt="Product Image"></a><p>Simthread 12 Multi Colors 100% Cotton Sewing Thread 50s/3 Thread for Quilting etc - 550 Yards Each 12C02</p><p>$21.99 ($0.00 / Foot)</p><a href="https://www.amazon.com/dp/B074H1JTPK?tag=eloabder-20&linkCode=osi&th=1&psc=1">View Product</a></div><div class="product"><a href="https://www.amazon.com/dp/B07RPCNYXW?tag=eloabder-20&linkCode=osi&th=1&psc=1"><img src="https://m.media-amazon.com/images/I/41iUqMPb-gL._SL500_.jpg" alt="Product Image"></a><p>Connecting Threads 100% Cotton Thread - 1200 Yard Spool (Red)</p><p>$8.99</p><a href="https://www.amazon.com/dp/B07RPCNYXW?tag=eloabder-20&linkCode=osi&th=1&psc=1">View Product</a></div>
<div class="product"><a href="https://www.amazon.com/dp/B09SL5LT8W?tag=eloabder-20&linkCode=osi&th=1&psc=1"><img src="https://m.media-amazon.com/images/I/512Dhz0oTrL._SL500_.jpg" alt="Product Image"></a><p>B-7000 Glue Clear for Rhinestone Crafts, Jewelry and Bead Adhesive B7000 Semi Fluid High Viscosity Glues for Clothes Shoes Fabric Cell Phones Screen Repair Metal Stone Nail Art Glass (4x15 ml/0.5 oz)</p><p>$5.45</p><a href="https://www.amazon.com/dp/B09SL5LT8W?tag=eloabder-20&linkCode=osi&th=1&psc=1">View Product</a></div><div class="product"><a href="https://www.amazon.com/dp/B00178KLEY?tag=eloabder-20&linkCode=osi&th=1&psc=1"><img src="https://m.media-amazon.com/images/I/31wcgL5xRkL._SL500_.jpg" alt="Product Image"></a><p>Aleene's All Purpose Tacky Glue, 8-Ounce</p><p>$2.44 ($0.30 / Fl Oz)</p><a href="https://www.amazon.com/dp/B00178KLEY?tag=eloabder-20&linkCode=osi&th=1&psc=1">View Product</a></div><div class="product"><a href="https://www.amazon.com/dp/B088NN5GD8?tag=eloabder-20&linkCode=osi&th=1&psc=1"><img src="https://m.media-amazon.com/images/I/417dgxV3dfL._SL500_.jpg" alt="Product Image"></a><p>Bearly Art Precision Craft Glue - The Mini - 2fl oz with Tip Kit - Acid Free Archival - Strong Hold Adhesive - Ideal for Fine Paper Crafting Scrapbooking and Card Making - Made in USA</p><p>$12.99</p><a href="https://www.amazon.com/dp/B088NN5GD8?tag=eloabder-20&linkCode=osi&th=1&psc=1">View Product</a></div><div class="product"><a href="https://www.amazon.com/dp/B000BY6THS?tag=eloabder-20&linkCode=osi&th=1&psc=1"><img src="https://m.media-amazon.com/images/I/41WhjtET6sL._SL500_.jpg" alt="Product Image"></a><p>Aleene's Clear Gel Tacky Glue 4oz</p><p>$2.33</p><a href="https://www.amazon.com/dp/B000BY6THS?tag=eloabder-20&linkCode=osi&th=1&psc=1">View Product</a></div><div class="product"><a href="https://www.amazon.com/dp/B00KD6ZHA4?tag=eloabder-20&linkCode=osi&th=1&psc=1"><img src="https://m.media-amazon.com/images/I/31oecXt0Q+L._SL500_.jpg" alt="Product Image"></a><p>Aleene's Gel Glue, 8-Ounce, Clear</p><p>$4.44 ($0.56 / Fl Oz)</p><a href="https://www.amazon.com/dp/B00KD6ZHA4?tag=eloabder-20&linkCode=osi&th=1&psc=1">View Product</a></div><div class="product"><a href="https://www.amazon.com/dp/B07Y6RWHP1?tag=eloabder-20&linkCode=osi&th=1&psc=1"><img src="https://m.media-amazon.com/images/I/41B6C8VaOWL._SL500_.jpg" alt="Product Image"></a><p>Bearly Art Precision Craft Glue - The Original - 4fl oz - Tip Kit Included - Dries Clear - Metal Tip - Wrinkle Resistant - Flexible and Crack Resistant - Strong Hold Adhesive - Made in USA</p><p>$19.99 ($5.00 / Fl Oz)</p><a href="https://www.amazon.com/dp/B07Y6RWHP1?tag=eloabder-20&linkCode=osi&th=1&psc=1">View Product</a></div><div class="product"><a href="https://www.amazon.com/dp/B0D1BYTYWD?tag=eloabder-20&linkCode=osi&th=1&psc=1"><img src="https://m.media-amazon.com/images/I/41P6pr3DnTL._SL500_.jpg" alt="Product Image"></a><p>Joez Wonderful 6 Sheets Foam Adhesive Squares, 990pcs Total Double Sided Self Adhesive Dots, Precut Squares Strips Foam Tape for DIY Arts & Crafts, 2 Sizes (0.47in/12mm, 0.24in/6mm)</p><p>$5.59</p><a href="https://www.amazon.com/dp/B0D1BYTYWD?tag=eloabder-20&linkCode=osi&th=1&psc=1">View Product</a></div><div class="product"><a href="https://www.amazon.com/dp/B001683NAO?tag=eloabder-20&linkCode=osi&th=1&psc=1"><img src="https://m.media-amazon.com/images/I/31cwr-m138L._SL500_.jpg" alt="Product Image"></a><p>BEACON 3-in-1 Advanced Craft Glue - Fast-Drying, Crystal Clear Adhesive for Wood, Ceramics, Fabrics, and More, 4-Ounce</p><p>$8.99 ($2.25 / Fl Oz)</p><a href="https://www.amazon.com/dp/B001683NAO?tag=eloabder-20&linkCode=osi&th=1&psc=1">View Product</a></div><div class="product"><a href="https://www.amazon.com/dp/B0C5CB2KCT?tag=eloabder-20&linkCode=osi&th=1&psc=1"><img src="https://m.media-amazon.com/images/I/51GvFpuq9BL._SL500_.jpg" alt="Product Image"></a><p>B-7000 Craft Glue for Jewelry Making - 15ml/0.5oz (2 Pack) - Multi-Function B-7000 Super Adhesive Glues Liquid Fusion Glue for Rhinestones Crafts, Clothes Shoes, Fabric, Jewelry Making, Cell Phones</p><p>$5.99</p><a href="https://www.amazon.com/dp/B0C5CB2KCT?tag=eloabder-20&linkCode=osi&th=1&psc=1">View Product</a></div><div class="product"><a href="https://www.amazon.com/dp/B0011N832C?tag=eloabder-20&linkCode=osi&th=1&psc=1"><img src="https://m.media-amazon.com/images/I/41VYA3-u1QL._SL500_.jpg" alt="Product Image"></a><p>Glue Dots, Craft Dots, Double-Sided, 1/2", .5 Inch, 200 Dots, DIY Craft Glue Tape, Sticky Adhesive Glue Points, Liquid Hot Glue Alternative, Clear</p><p>$4.88 ($0.02 / Count)</p><a href="https://www.amazon.com/dp/B0011N832C?tag=eloabder-20&linkCode=osi&th=1&psc=1">View Product</a></div>
<div class="product"><a href="https://www.amazon.com/dp/B07V3HLBVF?tag=eloabder-20&linkCode=osi&th=1&psc=1"><img src="https://m.media-amazon.com/images/I/41siDRjPEoL._SL500_.jpg" alt="Product Image"></a><p>bagmad 100 Pack 8x4.75x10 inch Plain Medium Paper Bags with Handles Bulk, Brown Kraft Bags, Craft Gift Bags, Grocery Shopping Retail Bags, Birthday Party Favors Wedding Bags Sacks (Brown, 100pcs)</p><p>$26.46 ($0.26 / Count)</p><a href="https://www.amazon.com/dp/B07V3HLBVF?tag=eloabder-20&linkCode=osi&th=1&psc=1">View Product</a></div><div class="product"><a href="https://www.amazon.com/dp/B07MLM81VG?tag=eloabder-20&linkCode=osi&th=1&psc=1"><img src="https://m.media-amazon.com/images/I/31j9z9qZ3mL._SL500_.jpg" alt="Product Image"></a><p>Qutuus Kraft Paper Bags with Handles Bulk 8x4.5x10 100 pcs Brown Paper Gift Bags Bulk Medium Size Kraft Bags, Brown Bags, Shopping Bags, Retail Bags, Craft Bags for Small Business</p><p>$25.99</p><a href="https://www.amazon.com/dp/B07MLM81VG?tag=eloabder-20&linkCode=osi&th=1&psc=1">View Product</a></div><div class="product"><a href="https://www.amazon.com/dp/B0CJ8PHN2Z?tag=eloabder-20&linkCode=osi&th=1&psc=1"><img src="https://m.media-amazon.com/images/I/41e7VEiBNIL._SL500_.jpg" alt="Product Image"></a><p>100 Pack 5.8x3.2x8.25 Inch Brown Kraft Paper Gift Bags with Handles - Bulk Small Plain Natural Bags for Birthday Party Favors, Grocery, Retail Shopping, Wedding, Craft, Goody, Takeouts, and Business</p><p>$18.99</p><a href="https://www.amazon.com/dp/B0CJ8PHN2Z?tag=eloabder-20&linkCode=osi&th=1&psc=1">View Product</a></div><div class="product"><a href="https://www.amazon.com/dp/B0BWMY43TD?tag=eloabder-20&linkCode=osi&th=1&psc=1"><img src="https://m.media-amazon.com/images/I/41FVul0hWRL._SL500_.jpg" alt="Product Image"></a><p>Brothersbox Brown Paper Bags with Handles Bulk 100PCS Kraft Paper Bags, 8 * 4.76 * 10 Inch Medium Craft Paper Gift Bags for Birthday Party Grocery Retail Shopping Business</p><p>$24.99</p><a href="https://www.amazon.com/dp/B0BWMY43TD?tag=eloabder-20&linkCode=osi&th=1&psc=1">View Product</a></div><div class="product"><a href="https://www.amazon.com/dp/B0C13GRG4D?tag=eloabder-20&linkCode=osi&th=1&psc=1"><img src="https://m.media-amazon.com/images/I/41L33B24HtL._SL500_.jpg" alt="Product Image"></a><p>Toovip 90 Pack Plain Brown Kraft Paper Bags with Handles Bulk, Multiple 3 Assorted Sizes Gift Bags for Favors Grocery Retail Party Birthday Shopping Business Goody Craft Merchandise Take Out Sacks</p><p>$26.99 ($0.30 / Count)</p><a href="https://www.amazon.com/dp/B0C13GRG4D?tag=eloabder-20&linkCode=osi&th=1&psc=1">View Product</a></div><div class="product"><a href="https://www.amazon.com/dp/B09Z2N3QKT?tag=eloabder-20&linkCode=osi&th=1&psc=1"><img src="https://m.media-amazon.com/images/I/416VQ3Ke3PL._SL500_.jpg" alt="Product Image"></a><p>Moretoes 40pcs Brown Paper Bags with Handles Assorted Size Gift Bags, Kraft Paper Bags, Paper Shopping Bags, Craft Bags, Merchandise Bags</p><p>$20.99</p><a href="https://www.amazon.com/dp/B09Z2N3QKT?tag=eloabder-20&linkCode=osi&th=1&psc=1">View Product</a></div><div class="product"><a href="https://www.amazon.com/dp/B0CHMTKBWS?tag=eloabder-20&linkCode=osi&th=1&psc=1"><img src="https://m.media-amazon.com/images/I/31QBYQW7LOL._SL500_.jpg" alt="Product Image"></a><p>Oikss 100 Pack 10x5x13 Plain Natural Brown Kraft Paper Bags with Handles Bulk for Birthday Party Favors Grocery Retail Shopping Business Goody Recycled Craft Gift Bags (Large Size, 100 Count)</p><p>$30.99</p><a href="https://www.amazon.com/dp/B0CHMTKBWS?tag=eloabder-20&linkCode=osi&th=1&psc=1">View Product</a></div><div class="product"><a href="https://www.amazon.com/dp/B0CRD6RXP3?tag=eloabder-20&linkCode=osi&th=1&psc=1"><img src="https://m.media-amazon.com/images/I/51lEnA2mgNL._SL500_.jpg" alt="Product Image"></a><p>XPCARE 100Pack Brown Paper Bags 8x4.5x10 Inch, Plain Medium Paper Bags with Handles Bulk, Kraft Paper Gift Bags, Retail Bags, Party Bags, Shopping Bags, Favor Bags</p><p>$19.99</p><a href="https://www.amazon.com/dp/B0CRD6RXP3?tag=eloabder-20&linkCode=osi&th=1&psc=1">View Product</a></div><div class="product"><a href="https://www.amazon.com/dp/B07V3J3Y5V?tag=eloabder-20&linkCode=osi&th=1&psc=1"><img src="https://m.media-amazon.com/images/I/41wn1f3QStL._SL500_.jpg" alt="Product Image"></a><p>bagmad 100 Pack 5.25x3.25x8 inch Brown Small Paper Bags with Handles Bulk, Gift Paper Bags, Kraft Birthday Party Favors Grocery Retail Shopping Craft Bags Takeouts Business (Plain Natural 100pcs)</p><p>$20.99 ($0.21 / Count)</p><a href="https://www.amazon.com/dp/B07V3J3Y5V?tag=eloabder-20&linkCode=osi&th=1&psc=1">View Product</a></div><div class="product"><a href="https://www.amazon.com/dp/B09HBN5248?tag=eloabder-20&linkCode=osi&th=1&psc=1"><img src="https://m.media-amazon.com/images/I/41iWymlepRL._SL500_.jpg" alt="Product Image"></a><p>Oikss 100 Pack 5.25x3.25x8.25 Inch Small Plain Natural Paper Kraft Gift Bags with Handles Bulk for Birthday Party Favors Grocery Retail Shopping Business Goody Craft Bags Cub (Brown 100 Count)</p><p>$20.99 ($0.21 / Count)</p><a href="https://www.amazon.com/dp/B09HBN5248?tag=eloabder-20&linkCode=osi&th=1&psc=1">View Product</a></div>
<div class="product"><a href="https://www.amazon.com/dp/B09C1YL7RQ?tag=eloabder-20&linkCode=osi&th=1&psc=1"><img src="https://m.media-amazon.com/images/I/615lFU8obCL._SL500_.jpg" alt="Product Image"></a><p>1000+ pcs Pony Beads, Multi-Colored Bracelet Beads for Hair Braids, Crafts, Plastic Beads (Medium Pack, Classic)…</p><p>$6.99 ($0.01 / Count)</p><a href="https://www.amazon.com/dp/B09C1YL7RQ?tag=eloabder-20&linkCode=osi&th=1&psc=1">View Product</a></div>
<div class="product"><a href="https://www.amazon.com/dp/B0C1RC5Y7F?tag=eloabder-20&linkCode=osi&th=1&psc=1"><img src="https://m.media-amazon.com/images/I/41Sf-YEnE+L._SL500_.jpg" alt="Product Image"></a><p>PerkHomy Brown Kraft Paper Roll 17.5" x 1,200" (100') for Gift Wrapping Bulletin Board Kids Craft Art Bouquet Flower Packing Moving Shipping Floor Covering Table 70GSM 50LB (Brown, 17.5" x 100')</p><p>$5.98</p><a href="https://www.amazon.com/dp/B0C1RC5Y7F?tag=eloabder-20&linkCode=osi&th=1&psc=1">View Product</a></div>
<div class="product"><a href="https://www.amazon.com/dp/B0044SA67G?tag=eloabder-20&linkCode=osi&th=1&psc=1"><img src="https://m.media-amazon.com/images/I/51UEqn6-w3L._SL500_.jpg" alt="Product Image"></a><p>Hygloss Products - 77640 Colorful Blank Books – Books for Journaling, Sketching, Writing & More – Great for Arts & Crafts - 10 Assorted Bright, Fun Colors - Pocket-Size - 4.25 x 5.5 Inches - 10 Pack</p><p>$8.18 ($0.82 / Count)</p><a href="https://www.amazon.com/dp/B0044SA67G?tag=eloabder-20&linkCode=osi&th=1&psc=1">View Product</a></div><div class="product"><a href="https://www.amazon.com/dp/B09WQCHK3M?tag=eloabder-20&linkCode=osi&th=1&psc=1"><img src="https://m.media-amazon.com/images/I/61JMYPiYGRL._SL500_.jpg" alt="Product Image"></a><p>Aigybobo Origami Paper Set, 308PCS Kids Craft Paper Kit with Instructional Book for Girls Age 6,7,8,9,10,11,12, Art Projects Supplies for School Class Craft Lessons- Christmas Gifts for Boys&Girls</p><p>$12.99</p><a href="https://www.amazon.com/dp/B09WQCHK3M?tag=eloabder-20&linkCode=osi&th=1&psc=1">View Product</a></div><div class="product"><a href="https://www.amazon.com/dp/B00I7E56NC?tag=eloabder-20&linkCode=osi&th=1&psc=1"><img src="https://m.media-amazon.com/images/I/21cxSReF5yL._SL500_.jpg" alt="Product Image"></a><p>Hygloss Products White Blank Books – Great Books for Journaling, Sketching, Writing & More – Fun for Arts & Crafts - Pocket-size - 4.25 x 5.5 Inches - 10 Pack</p><p>$13.00</p><a href="https://www.amazon.com/dp/B00I7E56NC?tag=eloabder-20&linkCode=osi&th=1&psc=1">View Product</a></div><div class="product"><a href="https://www.amazon.com/dp/B07YGRCXVT?tag=eloabder-20&linkCode=osi&th=1&psc=1"><img src="https://m.media-amazon.com/images/I/51Oxy0SqbES._SL500_.jpg" alt="Product Image"></a><p>Origami Paper | 350 Origami Paper Kit | Set Includes - 300 Sheets 20 Colors 6x6 | 50 Traditional Japanese Patterns | Origami Book 25 Easy Colored Projects | Kids Crafts | Christmas Gifts for boys 8-12</p><p>$17.99</p><a href="https://www.amazon.com/dp/B07YGRCXVT?tag=eloabder-20&linkCode=osi&th=1&psc=1">View Product</a></div><div class="product"><a href="https://www.amazon.com/dp/B07VDCVN3T?tag=eloabder-20&linkCode=osi&th=1&psc=1"><img src="https://m.media-amazon.com/images/I/516u8vopNML._SL500_.jpg" alt="Product Image"></a><p>Gamenote Colorful Origami Kit for Kids 54 Projects 120 Double Sided Origami Paper 12 Sheets Practice Papers Instructional Origami Book Origami Gift for 4+ Girls Boys Adult Beginners Training Craft</p><p>$11.99</p><a href="https://www.amazon.com/dp/B07VDCVN3T?tag=eloabder-20&linkCode=osi&th=1&psc=1">View Product</a></div>



<div class="product"><a href="https://www.amazon.com/dp/B01GCLS32M?tag=eloabder-20&linkCode=osi&th=1&psc=1"><img src="https://m.media-amazon.com/images/I/51xf1ALKGyL._SL500_.jpg" alt="Product Image"></a><p>42pcs Felt Fabric Sheet 4"x4" Assorted Color DIY Craft Squares Nonwoven 1mm Thick</p><p>$6.68</p><a href="https://www.amazon.com/dp/B01GCLS32M?tag=eloabder-20&linkCode=osi&th=1&psc=1">View Product</a></div><div class="product"><a href="https://www.amazon.com/dp/B0CY56NFL7?tag=eloabder-20&linkCode=osi&th=1&psc=1"><img src="https://m.media-amazon.com/images/I/51jZtTDxNCL._SL500_.jpg" alt="Product Image"></a><p>XSEINO 12 Rolls 8"x35"(20.5x90cm) 1.4mm Thick Soft Felt Fabric Sheet 12 Assorted Colors Felt Pack for DIY Craft Sewing Squares Nonwoven Patchwork</p><p>$11.99</p><a href="https://www.amazon.com/dp/B0CY56NFL7?tag=eloabder-20&linkCode=osi&th=1&psc=1">View Product</a></div><div class="product"><a href="https://www.amazon.com/dp/B07VHMT14L?tag=eloabder-20&linkCode=osi&th=1&psc=1"><img src="https://m.media-amazon.com/images/I/61DSrnEAvjL._SL500_.jpg" alt="Product Image"></a><p>150Pcs 4" x 4" (10cm x 10cm) Cotton Craft Fabric Bundle Squares,Squares Sheets Patchwork,Pre-Cut Quilt Squares,DIY Sewing Quarters Bundle,Quilting Fabric Bundles</p><p>$9.99</p><a href="https://www.amazon.com/dp/B07VHMT14L?tag=eloabder-20&linkCode=osi&th=1&psc=1">View Product</a></div><div class="product"><a href="https://www.amazon.com/dp/B08GJHYMGN?tag=eloabder-20&linkCode=osi&th=1&psc=1"><img src="https://m.media-amazon.com/images/I/51wD1FT1eeL._SL500_.jpg" alt="Product Image"></a><p>50pcs 8 x 8 inches Multicolor Cotton Fabric Bundle Squares for Quilting Sewing, Precut Fabric Squares for Craft Patchwork</p><p>$13.77</p><a href="https://www.amazon.com/dp/B08GJHYMGN?tag=eloabder-20&linkCode=osi&th=1&psc=1">View Product</a></div><div class="product"><a href="https://www.amazon.com/dp/B0C6K98T96?tag=eloabder-20&linkCode=osi&th=1&psc=1"><img src="https://m.media-amazon.com/images/I/51M-+hitpAL._SL500_.jpg" alt="Product Image"></a><p>42pcs 6 x 6 inches Felt Fabric Sheets - Fabrics DIY Craftwork Sewing Patchwork, Felt Crafts Assorted Colour Polyester Felt Sheet for Art and Craft</p><p>$4.99</p><a href="https://www.amazon.com/dp/B0C6K98T96?tag=eloabder-20&linkCode=osi&th=1&psc=1">View Product</a></div><div class="product"><a href="https://www.amazon.com/dp/B0C9BYD9ND?tag=eloabder-20&linkCode=osi&th=1&psc=1"><img src="https://m.media-amazon.com/images/I/418r7XqmEKL._SL500_.jpg" alt="Product Image"></a><p>40Pcs Felt Fabric Sheets - 4x4 inch DIY Craft Felt, 1mm Thick Non-Woven Patchwork Material for School Projects & Decoration - 40 Assorted Colors (10 x 10cm)</p><p>$4.99</p><a href="https://www.amazon.com/dp/B0C9BYD9ND?tag=eloabder-20&linkCode=osi&th=1&psc=1">View Product</a></div><div class="product"><a href="https://www.amazon.com/dp/B0BWRN4RHP?tag=eloabder-20&linkCode=osi&th=1&psc=1"><img src="https://m.media-amazon.com/images/I/51HHQcV3njL._SL500_.jpg" alt="Product Image"></a><p>Large Stiff Felt Sheets Bundle: LOTOFUN 10pcs 8x35Inch Assorted Rainbow Color Felts Sheet for Kids Crafts Squares Nonwoven Patchwork DIY Sewing</p><p>$11.99</p><a href="https://www.amazon.com/dp/B0BWRN4RHP?tag=eloabder-20&linkCode=osi&th=1&psc=1">View Product</a></div>
<div class="product"><a href="https://www.amazon.com/dp/B003U6QIUC?tag=eloabder-20&linkCode=osi&th=1&psc=1"><img src="https://m.media-amazon.com/images/I/51PyPJgIPlL._SL500_.jpg" alt="Product Image"></a><p>School Smart 85836 Maribu Feathers - 1/2 Ounce - Set of 150 - Assorted Colors</p><p>$3.52</p><a href="https://www.amazon.com/dp/B003U6QIUC?tag=eloabder-20&linkCode=osi&th=1&psc=1">View Product</a></div>
<div class="product"><a href="https://www.amazon.com/dp/B089DPDYKV?tag=eloabder-20&linkCode=osi&th=1&psc=1"><img src="https://m.media-amazon.com/images/I/51L58by1dXL._SL500_.jpg" alt="Product Image"></a><p>Better Office Products 100 Pack EVA Foam Sheets, 5.5 x 8.5 Inch, Assorted Colors (20 Colors), 2mm Thick, for Arts and Crafts, 100 Sheets</p><p>$13.99 ($0.14 / Count)</p><a href="https://www.amazon.com/dp/B089DPDYKV?tag=eloabder-20&linkCode=osi&th=1&psc=1">View Product</a></div><div class="product"><a href="https://www.amazon.com/dp/B08YXYN327?tag=eloabder-20&linkCode=osi&th=1&psc=1"><img src="https://m.media-amazon.com/images/I/41VfV+-ZFTL._SL500_.jpg" alt="Product Image"></a><p>EVA Foam Cosplay - 2mm (1mm to 10mm) - Black or White - 14" x 39" Sheet - Ultra High Density Craft Foam 85 kg/m3 - by The Foamory</p><p>$14.99</p><a href="https://www.amazon.com/dp/B08YXYN327?tag=eloabder-20&linkCode=osi&th=1&psc=1">View Product</a></div><div class="product"><a href="https://www.amazon.com/dp/B0CMTJDYRN?tag=eloabder-20&linkCode=osi&th=1&psc=1"><img src="https://m.media-amazon.com/images/I/310JuSzt+mL._SL500_.jpg" alt="Product Image"></a><p>Do²ping White Foam Sheets Crafts, 8.5x5.5 Inch Eva Craft Foam Paper for Crafts Project Classroom Scrapbook DIY Cosplay (White-10 Sheets)</p><p>$4.89 ($0.49 / Count)</p><a href="https://www.amazon.com/dp/B0CMTJDYRN?tag=eloabder-20&linkCode=osi&th=1&psc=1">View Product</a></div><div class="product"><a href="https://www.amazon.com/dp/B0C8B6N9TG?tag=eloabder-20&linkCode=osi&th=1&psc=1"><img src="https://m.media-amazon.com/images/I/51j0TiXHCTL._SL500_.jpg" alt="Product Image"></a><p>120 Pack EVA Foam Sheets, 8 x 6 Inch, 1mm Thick, Assorted 15 Colors Craft Foam Paper for School Supply and DIY Handcraft Projects</p><p>$15.99 ($0.13 / Count)</p><a href="https://www.amazon.com/dp/B0C8B6N9TG?tag=eloabder-20&linkCode=osi&th=1&psc=1">View Product</a></div>
<div class="product"><a href="https://www.amazon.com/dp/B01EK7LGH4?tag=eloabder-20&linkCode=osi&th=1&psc=1"><img src="https://m.media-amazon.com/images/I/41Xx+D+j6XL._SL500_.jpg" alt="Product Image"></a><p>Aleene's 3 Pack, 8 oz Tacky Glue, 8 FL OZ, Original Version 3 Count</p><p>$11.17 ($0.47 / Fl Oz)</p><a href="https://www.amazon.com/dp/B01EK7LGH4?tag=eloabder-20&linkCode=osi&th=1&psc=1">View Product</a></div><div class="product"><a href="https://www.amazon.com/dp/B0D59G56SG?tag=eloabder-20&linkCode=osi&th=1&psc=1"><img src="https://m.media-amazon.com/images/I/41BsDwUSwdL._SL500_.jpg" alt="Product Image"></a><p>4oz Craft Glue & Precision Tips, Strong Tacky Glue, Craft Glue Bottles with Fine Tip, Craft Glue Dry Clear, Fabric Glue Permanent for Paper Crafting Scrapbooking/Card Making/Etc</p><p>$8.58</p><a href="https://www.amazon.com/dp/B0D59G56SG?tag=eloabder-20&linkCode=osi&th=1&psc=1">View Product</a></div><div class="product"><a href="https://www.amazon.com/dp/B004DNX6EW?tag=eloabder-20&linkCode=osi&th=1&psc=1"><img src="https://m.media-amazon.com/images/I/51RkAeJv5hL._SL500_.jpg" alt="Product Image"></a><p>ELMERS CraftBond Extra Strength Glue Sticks, 6 Grams, 4 Count</p><p>$9.89 ($2.47 / Count)</p><a href="https://www.amazon.com/dp/B004DNX6EW?tag=eloabder-20&linkCode=osi&th=1&psc=1">View Product</a></div>
<div class="product"><a href="https://www.amazon.com/dp/B01ELWWX98?tag=eloabder-20&linkCode=osi&th=1&psc=1"><img src="https://m.media-amazon.com/images/I/51g67GhksOL._SL500_.jpg" alt="Product Image"></a><p>Maybe Swearing Will Help Adult Coloring Book Set - for Adults Relaxation with Markers in a Case - Motivational Swear Word Anxiety Relief - Color Cuss & Laugh Your Way to Less Stress</p><p>$24.99</p><a href="https://www.amazon.com/dp/B01ELWWX98?tag=eloabder-20&linkCode=osi&th=1&psc=1">View Product</a></div><div class="product"><a href="https://www.amazon.com/dp/B09X1YX59W?tag=eloabder-20&linkCode=osi&th=1&psc=1"><img src="https://m.media-amazon.com/images/I/61Cr68venIL._SL500_.jpg" alt="Product Image"></a><p>Hula Home Stained Glass Mandala Art Kit - DIY Window Clings with Markers, 10 Suncatchers - Perfect Hobby for Adults, Kids, Teens & Seniors - Ideal Gift for Beginners, Women & Elderly</p><p>$15.99</p><a href="https://www.amazon.com/dp/B09X1YX59W?tag=eloabder-20&linkCode=osi&th=1&psc=1">View Product</a></div><div class="product"><a href="https://www.amazon.com/dp/B0CGD74KX7?tag=eloabder-20&linkCode=osi&th=1&psc=1"><img src="https://m.media-amazon.com/images/I/51rNpMlv3wL._SL500_.jpg" alt="Product Image"></a><p>Shimmer Markers Outline Double Line: 12 Colors Metallic Glitter Pens Set Sparkle Kid Age 4 8 10 14 16 Year Old Gift Doodle Drawing Supplies Art Craft Teen Girl Cute Stuff Mother's Day Basket Ideas</p><p>$9.99</p><a href="https://www.amazon.com/dp/B0CGD74KX7?tag=eloabder-20&linkCode=osi&th=1&psc=1">View Product</a></div>

<div class="product"><a href="https://www.amazon.com/dp/B08395C5GC?tag=eloabder-20&linkCode=osi&th=1&psc=1"><img src="https://m.media-amazon.com/images/I/61OgJOjMgQL._SL500_.jpg" alt="Product Image"></a><p>hapray Origami Kit 144 sheets Origami Paper for Kids 72 Patterns with Craft Guiding Book</p><p>$13.97</p><a href="https://www.amazon.com/dp/B08395C5GC?tag=eloabder-20&linkCode=osi&th=1&psc=1">View Product</a></div><div class="product"><a href="https://www.amazon.com/dp/B098WP659T?tag=eloabder-20&linkCode=osi&th=1&psc=1"><img src="https://m.media-amazon.com/images/I/61D4gTo+S1L._SL500_.jpg" alt="Product Image"></a><p>pigipigi Craft Origami Paper for Kids - 208 Sheets Vivid Colorful Folding Papers 54 Patterns Art Projects Kit for 5 6 7 8 9 10 11 12 Years Old Girl Boy Teen Birthday Gift Preschool Educational Toy</p><p>$11.99</p><a href="https://www.amazon.com/dp/B098WP659T?tag=eloabder-20&linkCode=osi&th=1&psc=1">View Product</a></div>
<div class="product"><a href="https://www.amazon.com/dp/B08TWGWRG4?tag=eloabder-20&linkCode=osi&th=1&psc=1"><img src="https://m.media-amazon.com/images/I/51KMwCTx2eL._SL500_.jpg" alt="Product Image"></a><p>Homum 200pcs Premium Gift Tags with 200 Root Natural Jute Twine, Double-Sided Available Kraft Paper Price Tags, Craft Tags Labels Jewelry Tags with String for Wedding Christmas Day Thanksgiving</p><p>$5.99</p><a href="https://www.amazon.com/dp/B08TWGWRG4?tag=eloabder-20&linkCode=osi&th=1&psc=1">View Product</a></div><div class="product"><a href="https://www.amazon.com/dp/B0BNG993ZV?tag=eloabder-20&linkCode=osi&th=1&psc=1"><img src="https://m.media-amazon.com/images/I/51xRPDQUVHL._SL500_.jpg" alt="Product Image"></a><p>200 Pack 2.2 Inch Wood Tags with Hole and Twine, Clipped Corner Rectangle Wooden Gifts Tag for Crafts Unfinished Labels (1.2x2.2 in)</p><p>$9.99 ($0.05 / Count)</p><a href="https://www.amazon.com/dp/B0BNG993ZV?tag=eloabder-20&linkCode=osi&th=1&psc=1">View Product</a></div><div class="product"><a href="https://www.amazon.com/dp/B07N1T58K9?tag=eloabder-20&linkCode=osi&th=1&psc=1"><img src="https://m.media-amazon.com/images/I/41dUfeOE8BL._SL500_.jpg" alt="Product Image"></a><p>2.5" x 3" Vintage Frame Brown Kraft Present Tag Sticker / 250 Present Labels/Canning Packaging Organization Label/Made in The USA</p><p>$15.99</p><a href="https://www.amazon.com/dp/B07N1T58K9?tag=eloabder-20&linkCode=osi&th=1&psc=1">View Product</a></div>
<div class="product"><a href="https://www.amazon.com/dp/B08Y8YRXVQ?tag=eloabder-20&linkCode=osi&th=1&psc=1"><img src="https://m.media-amazon.com/images/I/51DyT7Dd1BL._SL500_.jpg" alt="Product Image"></a><p>72 Pieces Craft Magnets Glass Ceramic Ferrite Magnet with Adhesive Backing and Transparent Clear Glass Cabochons for DIY Craft Fridge Refrigerator Magnets Pendants(Round,1 Inch)</p><p>$12.99 ($0.18 / Count)</p><a href="https://www.amazon.com/dp/B08Y8YRXVQ?tag=eloabder-20&linkCode=osi&th=1&psc=1">View Product</a></div><div class="product"><a href="https://www.amazon.com/dp/B07XDC7FP9?tag=eloabder-20&linkCode=osi&th=1&psc=1"><img src="https://m.media-amazon.com/images/I/41JKgogWT9L._SL500_.jpg" alt="Product Image"></a><p>Magnetic Dots - Self Adhesive Magnet Dots (0.8" x 0.8") - Classroom Must Have Peel & Stick Magnetic Circles - Flexible Sticky Magnets - Sheets is Alternative, Stickers, Strip, Magnetic Tape (120 Pcs)</p><p>$17.99</p><a href="https://www.amazon.com/dp/B07XDC7FP9?tag=eloabder-20&linkCode=osi&th=1&psc=1">View Product</a></div><div class="product"><a href="https://www.amazon.com/dp/B0CSS92G7H?tag=eloabder-20&linkCode=osi&th=1&psc=1"><img src="https://m.media-amazon.com/images/I/51HRyW91ivL._SL500_.jpg" alt="Product Image"></a><p>116pcs Craft Magnets Glass Ceramic Ferrite Magnet with Adhesive Backing and Clear Glass Cabochons for DIY Craft Fridge Refrigerator Magnets (Round,1 Inch,58 Sets)</p><p>$11.96</p><a href="https://www.amazon.com/dp/B0CSS92G7H?tag=eloabder-20&linkCode=osi&th=1&psc=1">View Product</a></div><div class="product"><a href="https://www.amazon.com/dp/B09WCXS3NV?tag=eloabder-20&linkCode=osi&th=1&psc=1"><img src="https://m.media-amazon.com/images/I/51jUQGCcMPL._SL500_.jpg" alt="Product Image"></a><p>DIYMAG Magnetic Adhesive Sheets, |4" x 6"|, 10 Pack Cuttable, Flexible magnet sheets with adhesive for Crafts, Photos, Easy Peel and Stick</p><p>$5.99 ($0.60 / Count)</p><a href="https://www.amazon.com/dp/B09WCXS3NV?tag=eloabder-20&linkCode=osi&th=1&psc=1">View Product</a></div><div class="product"><a href="https://www.amazon.com/dp/B08MVRBN2C?tag=eloabder-20&linkCode=osi&th=1&psc=1"><img src="https://m.media-amazon.com/images/I/51YQW8Hbf3S._SL500_.jpg" alt="Product Image"></a><p>Round Magnets with Adhesive Backing, 120 Pieces Magnet Circles (Diameter 0.8’” x 0.08”) on 4 Tape Sheets, with 3M Strong Adhesive Backing. Perfect for DIY, Art Projects, whiteboards & Fridge</p><p>$10.95</p><a href="https://www.amazon.com/dp/B08MVRBN2C?tag=eloabder-20&linkCode=osi&th=1&psc=1">View Product</a></div><div class="product"><a href="https://www.amazon.com/dp/B0CJHYN7K2?tag=eloabder-20&linkCode=osi&th=1&psc=1"><img src="https://m.media-amazon.com/images/I/51ZowdEZwbL._SL500_.jpg" alt="Product Image"></a><p>124pcs Craft Magnets Glass w Adhesive Backing and Transparent Clear Glass Cabochons DIY Craft Fridge Magnets Sticker for Refrigerator(62 Sets,1 Inch)</p><p>$13.99 ($0.23 / Count)</p><a href="https://www.amazon.com/dp/B0CJHYN7K2?tag=eloabder-20&linkCode=osi&th=1&psc=1">View Product</a></div><div class="product"><a href="https://www.amazon.com/dp/B09BBHBZMG?tag=eloabder-20&linkCode=osi&th=1&psc=1"><img src="https://m.media-amazon.com/images/I/51kT5DaZIPL._SL500_.jpg" alt="Product Image"></a><p>Mr. Pen- Adhesive Magnetic Sheets, 4" x 6", 10 Pack, with Adhesive Backing, Flexible Picture Magnets, Cuttable Magnetic Sheets.</p><p>$5.85</p><a href="https://www.amazon.com/dp/B09BBHBZMG?tag=eloabder-20&linkCode=osi&th=1&psc=1">View Product</a></div><div class="product"><a href="https://www.amazon.com/dp/B07V4STWPV?tag=eloabder-20&linkCode=osi&th=1&psc=1"><img src="https://m.media-amazon.com/images/I/51g56RBuH8L._SL500_.jpg" alt="Product Image"></a><p>Magnetic Sheets with Adhesive Backing - Each 4" x 6" - Flexible Magnetic Paper with Strong Self Adhesive - Sticky Magnet Sheets for Photo and Picture Magnets, Stickers and Other Craft Magnets</p><p>$5.99 ($0.60 / Count)</p><a href="https://www.amazon.com/dp/B07V4STWPV?tag=eloabder-20&linkCode=osi&th=1&psc=1">View Product</a></div>
<div class="product"><a href="https://www.amazon.com/dp/B09VCYS41G?tag=eloabder-20&linkCode=osi&th=1&psc=1"><img src="https://m.media-amazon.com/images/I/61bdWXYPddL._SL500_.jpg" alt="Product Image"></a><p>Betem 24 Colors Dual Tip Acrylic Paint Pens Markers, Premium Acrylic Paint Pens for Wood, Canvas, Stone, Rock Painting, Glass, Ceramic Surfaces, DIY Crafts Making Art Supplies</p><p>$11.99</p><a href="https://www.amazon.com/dp/B09VCYS41G?tag=eloabder-20&linkCode=osi&th=1&psc=1">View Product</a></div><div class="product"><a href="https://www.amazon.com/dp/B0BN7WJFPR?tag=eloabder-20&linkCode=osi&th=1&psc=1"><img src="https://m.media-amazon.com/images/I/51vvJ6c6MPL._SL500_.jpg" alt="Product Image"></a><p>24 Colors Acrylic Paint Pens, Dual Tip Acrylic Paint Markers with Brush Tip and Fine Tip, Acrylic Pens for Rock Painting, Wood, Canvas, Stone, Glass, Ceramic,DIY Crafts Making Art Supplies</p><p>$9.99</p><a href="https://www.amazon.com/dp/B0BN7WJFPR?tag=eloabder-20&linkCode=osi&th=1&psc=1">View Product</a></div><div class="product"><a href="https://www.amazon.com/dp/B0CX1BD86P?tag=eloabder-20&linkCode=osi&th=1&psc=1"><img src="https://m.media-amazon.com/images/I/51w2YBDoYfL._SL500_.jpg" alt="Product Image"></a><p>TBC The Best Crafts 24 Colors Dual Tip Acrylic Paint Markers,Waterproof, Non-Toxic, odorless, Suitable for Paper, Pottery, Stones, Backpacks, Glass</p><p>$9.99</p><a href="https://www.amazon.com/dp/B0CX1BD86P?tag=eloabder-20&linkCode=osi&th=1&psc=1">View Product</a></div><div class="product"><a href="https://www.amazon.com/dp/B09SWJRSSX?tag=eloabder-20&linkCode=osi&th=1&psc=1"><img src="https://m.media-amazon.com/images/I/61OthBr2r9L._SL500_.jpg" alt="Product Image"></a><p>Acrylic Paint Pens Paint Markers Set of 18: Fine Point for Rock Painting Glass Wood Ceramic Fabric Metal Canvas Easter Eggs Pumpkin Kit, Drawing Art Crafts for Adults Scrapbooking Supplies</p><p>$10.99</p><a href="https://www.amazon.com/dp/B09SWJRSSX?tag=eloabder-20&linkCode=osi&th=1&psc=1">View Product</a></div><div class="product"><a href="https://www.amazon.com/dp/B09H2JRV1Y?tag=eloabder-20&linkCode=osi&th=1&psc=1"><img src="https://m.media-amazon.com/images/I/511FMxcdCzL._SL500_.jpg" alt="Product Image"></a><p>IVSUN 24 Colors Premium Extra Fine Point Acrylic Paint Marker Pens for Wood, Canvas, Stone, Rock Painting, Glass, Ceramic Surfaces, DIY Crafts Making Art Supplies (24PCS (0.7mm))</p><p>$8.99</p><a href="https://www.amazon.com/dp/B09H2JRV1Y?tag=eloabder-20&linkCode=osi&th=1&psc=1">View Product</a></div><div class="product"><a href="https://www.amazon.com/dp/B0BN8CW9ZY?tag=eloabder-20&linkCode=osi&th=1&psc=1"><img src="https://m.media-amazon.com/images/I/51n2byYcjqL._SL500_.jpg" alt="Product Image"></a><p>Acrylic Paint Pens Markers, 24 Colors Dual Tip Acrylic Paint Pens for Rock Painting, Wood, Canvas, Stone, Glass, Ceramic Surfaces, DIY Crafts Making Art Supplies (Round Tip and Fine Tip)</p><p>$9.99</p><a href="https://www.amazon.com/dp/B0BN8CW9ZY?tag=eloabder-20&linkCode=osi&th=1&psc=1">View Product</a></div><div class="product"><a href="https://www.amazon.com/dp/B07DB1TVND?tag=eloabder-20&linkCode=osi&th=1&psc=1"><img src="https://m.media-amazon.com/images/I/51KvMUBvqRL._SL500_.jpg" alt="Product Image"></a><p>JR.WHITE Acrylic Paint Pens Paint Markers for Rock Painting, Canvas, Wood, Glass, Fabric, Metal, Plastic, Arts Crafts Easter Eggs, Pumpkin, Scrapbooking Supplies, Graffiti Markers for Adults Kids</p><p>$11.19 ($0.93 / Count )</p><a href="https://www.amazon.com/dp/B07DB1TVND?tag=eloabder-20&linkCode=osi&th=1&psc=1">View Product</a></div><div class="product"><a href="https://www.amazon.com/dp/B07M6Y4FXZ?tag=eloabder-20&linkCode=osi&th=1&psc=1"><img src="https://m.media-amazon.com/images/I/61wQ1qJutWL._SL500_.jpg" alt="Product Image"></a><p>AROIC Paint Pens Paint Markers, 16 colors Oil-Based Waterproof Paint Marker Pen Set On Rock, Wood, Fabric, Metal, Plastic, Glass, Canvas, Mugs, Waterproof, DIY Craft and More</p><p>$11.99</p><a href="https://www.amazon.com/dp/B07M6Y4FXZ?tag=eloabder-20&linkCode=osi&th=1&psc=1">View Product</a></div>

<div class="product"><a href="https://www.amazon.com/dp/B0BQTYYVZH?tag=eloabder-20&linkCode=osi&th=1&psc=1"><img src="https://m.media-amazon.com/images/I/31i9+BVpDCL._SL500_.jpg" alt="Product Image"></a><p>Vanhench Brown Wrapping Paper, Craft Paper, Kraft Paper 17.5"x 1200"(100'), Gift Wrapping Bulletin Board Arts & Crafts, Bouquet Flower Table Covering Poster Packing Shipping Moving Supplies 65GSM 45LB</p><p>$5.98</p><a href="https://www.amazon.com/dp/B0BQTYYVZH?tag=eloabder-20&linkCode=osi&th=1&psc=1">View Product</a></div><div class="product"><a href="https://www.amazon.com/dp/B0CQZ1TYX9?tag=eloabder-20&linkCode=osi&th=1&psc=1"><img src="https://m.media-amazon.com/images/I/41RknmvlWSL._SL500_.jpg" alt="Product Image"></a><p>PerkHomy 36" x 2,400" (200') Brown Kraft Paper Roll for Gift Wrapping Bulletin Board Bouquet Flower Kids Wall Art Craft Packing Moving Shipping Parcel Postal Floor Covering Table Runner 70GSM 50LB</p><p>$30.99 ($0.05 / Sq Ft)</p><a href="https://www.amazon.com/dp/B0CQZ1TYX9?tag=eloabder-20&linkCode=osi&th=1&psc=1">View Product</a></div><div class="product"><a href="https://www.amazon.com/dp/B0C743LQ3M?tag=eloabder-20&linkCode=osi&th=1&psc=1"><img src="https://m.media-amazon.com/images/I/21HvZSNwJML._SL500_.jpg" alt="Product Image"></a><p>White Wrapping Paper Craft Paper Kraft Paper Roll 15" x 450", Bulletin Board Paper Roll, Arts & Crafts, Gift Wrapping Moving Packing Painting Drawing Paint Easel Poster Chart Paper, Kids Art Supplies</p><p>$4.99 ($0.11 / Sq Ft)</p><a href="https://www.amazon.com/dp/B0C743LQ3M?tag=eloabder-20&linkCode=osi&th=1&psc=1">View Product</a></div><div class="product"><a href="https://www.amazon.com/dp/B0D14FL3DF?tag=eloabder-20&linkCode=osi&th=1&psc=1"><img src="https://m.media-amazon.com/images/I/31IQZPHBHfL._SL500_.jpg" alt="Product Image"></a><p>SMART&CASUAL 15" x 450" (37.5') Kraft Paper Roll for Art Craft Supplies Gift Wrapping Moving Packing Kids Painting Drawing Paint Easel Poster Chart Paper (White, 15"W x 450"L (37.5'))</p><p>$4.98</p><a href="https://www.amazon.com/dp/B0D14FL3DF?tag=eloabder-20&linkCode=osi&th=1&psc=1">View Product</a></div><div class="product"><a href="https://www.amazon.com/dp/B0CX5D7W62?tag=eloabder-20&linkCode=osi&th=1&psc=1"><img src="https://m.media-amazon.com/images/I/31+skUeyllL._SL500_.jpg" alt="Product Image"></a><p>SMART&CASUAL 17.8"×1,200"(100') Brown Kraft Wrapping Paper for Craft Gift Bulletin Board Bouquet Flower Table Covering Packing Shipping Moving 70GSM 50LB</p><p>$7.98</p><a href="https://www.amazon.com/dp/B0CX5D7W62?tag=eloabder-20&linkCode=osi&th=1&psc=1">View Product</a></div><div class="product"><a href="https://www.amazon.com/dp/B0C2P7FGFM?tag=eloabder-20&linkCode=osi&th=1&psc=1"><img src="https://m.media-amazon.com/images/I/31Mnush+a-L._SL500_.jpg" alt="Product Image"></a><p>Brown Packing Paper 15"×450"(38'), Brown Paper Roll, Art Craft Paper, Kraft Paper Roll for Moving Boxes Supplies, Gift Wrapping Bouquet Flower Paper, Poster Bulletin Board Paper, Arts and Crafts</p><p>$4.99</p><a href="https://www.amazon.com/dp/B0C2P7FGFM?tag=eloabder-20&linkCode=osi&th=1&psc=1">View Product</a></div><div class="product"><a href="https://www.amazon.com/dp/B0BNCBSZRR?tag=eloabder-20&linkCode=osi&th=1&psc=1"><img src="https://m.media-amazon.com/images/I/31NTgModxdL._SL500_.jpg" alt="Product Image"></a><p>Kraft Paper Sheets - 15 x 15 in. - 240 Sheets of Brown Wrapping Paper – Heavy Duty Craft Paper for Shipping - Light Brown Construction Paper - 80 GSM - 375 Square feet</p><p>$23.89 ($0.10 / Count)</p><a href="https://www.amazon.com/dp/B0BNCBSZRR?tag=eloabder-20&linkCode=osi&th=1&psc=1">View Product</a></div><div class="product"><a href="https://www.amazon.com/dp/B09J9ZGX8S?tag=eloabder-20&linkCode=osi&th=1&psc=1"><img src="https://m.media-amazon.com/images/I/31R819QZXxL._SL500_.jpg" alt="Product Image"></a><p>IDL Packaging 36" x 2160" (180 ft) Brown Kraft Paper Roll, 30 lbs - Quality Paper for Packing, Moving, Shipping, Crafts - 100% Recyclable Natural Kraft Wrapping Paper</p><p>$33.95 ($0.06 / Sq Ft)</p><a href="https://www.amazon.com/dp/B09J9ZGX8S?tag=eloabder-20&linkCode=osi&th=1&psc=1">View Product</a></div>
<div class="product"><a href="https://www.amazon.com/dp/B0BR9M5GT6?tag=eloabder-20&linkCode=osi&th=1&psc=1"><img src="https://m.media-amazon.com/images/I/61jKQSVpNKL._SL500_.jpg" alt="Product Image"></a><p>Drawdart 47 Pack Acrylic Paint Set, 36 Colors Art Painting Supplies for Canvas Wood Fabric Ceramic Crafts, Non Toxic & Rich Pigments for Artists & Hobby Painters, 2 fl oz / 60 ml Bottles</p><p>$24.99 ($0.35 / Fl Oz)</p><a href="https://www.amazon.com/dp/B0BR9M5GT6?tag=eloabder-20&linkCode=osi&th=1&psc=1">View Product</a></div><div class="product"><a href="https://www.amazon.com/dp/B006AT7P6M?tag=eloabder-20&linkCode=osi&th=1&psc=1"><img src="https://m.media-amazon.com/images/I/415ZwGErxOL._SL500_.jpg" alt="Product Image"></a><p>Apple Barrel Acrylic Paint in Assorted Colors (2 oz), 20501, Bright Red</p><p>$0.58 ($0.29 / Fl Oz)</p><a href="https://www.amazon.com/dp/B006AT7P6M?tag=eloabder-20&linkCode=osi&th=1&psc=1">View Product</a></div><div class="product"><a href="https://www.amazon.com/dp/B0BNV7BMN2?tag=eloabder-20&linkCode=osi&th=1&psc=1"><img src="https://m.media-amazon.com/images/I/51K4iYzckvL._SL500_.jpg" alt="Product Image"></a><p>Fantastory Acrylic Paint Set, 24 Classic Colors(2oz), Professional Craft Paint Kit,Canvas/Rock/Stone/Ceramic/Model/Wood Painting with 12 Brushes</p><p>$25.99 ($0.36 / Fl Oz)</p><a href="https://www.amazon.com/dp/B0BNV7BMN2?tag=eloabder-20&linkCode=osi&th=1&psc=1">View Product</a></div><div class="product"><a href="https://www.amazon.com/dp/B0728B4CLJ?tag=eloabder-20&linkCode=osi&th=1&psc=1"><img src="https://m.media-amazon.com/images/I/41aBzZtF9-L._SL500_.jpg" alt="Product Image"></a><p>FolkArt Acrylic Paint in Assorted Colors (2 oz), , Mossy Meadow</p><p>$1.17 ($0.58 / Fl Oz)</p><a href="https://www.amazon.com/dp/B0728B4CLJ?tag=eloabder-20&linkCode=osi&th=1&psc=1">View Product</a></div><div class="product"><a href="https://www.amazon.com/dp/B0BY3G2CXG?tag=eloabder-20&linkCode=osi&th=1&psc=1"><img src="https://m.media-amazon.com/images/I/51Cn6kY12wL._SL500_.jpg" alt="Product Image"></a><p>36 Assorted Acrylic Paint Set by Craft Smart - Non-Toxic Paint for Drawing, Painting, Art & Crafts Supplies - 1 Pack</p><p>$28.98</p><a href="https://www.amazon.com/dp/B0BY3G2CXG?tag=eloabder-20&linkCode=osi&th=1&psc=1">View Product</a></div>

<div class="product"><a href="https://www.amazon.com/dp/B08722TFPH?tag=eloabder-20&linkCode=osi&th=1&psc=1"><img src="https://m.media-amazon.com/images/I/51DqPIU5lcL._SL500_.jpg" alt="Product Image"></a><p>LIUYAXI 20 Colors 100 Yard Satin Ribbon Fabric Ribbon Silk Ribbon Assorted Colors Rolls, 2/5" Wide 5 Yard/Roll, Ribbons Perfect for Gift Wrapping,Crafts, Hair Bows, Wedding Party Decoration and More</p><p>$7.99 ($0.03 / Foot)</p><a href="https://www.amazon.com/dp/B08722TFPH?tag=eloabder-20&linkCode=osi&th=1&psc=1">View Product</a></div><div class="product"><a href="https://www.amazon.com/dp/B08M3BDRX3?tag=eloabder-20&linkCode=osi&th=1&psc=1"><img src="https://m.media-amazon.com/images/I/51qwMfv7kXL._SL500_.jpg" alt="Product Image"></a><p>Winlyn 36 Colors 900 Yards Fabric Ribbons Satin Ribbons Metallic Glitter Ribbons Rolls Craft Ribbons Embellish Decorative Ribbons 2/5" Wide for Floral Bouquet Gifts Crafts Bows Party Wedding</p><p>$13.99 ($0.01 / Foot)</p><a href="https://www.amazon.com/dp/B08M3BDRX3?tag=eloabder-20&linkCode=osi&th=1&psc=1">View Product</a></div><div class="product"><a href="https://www.amazon.com/dp/B08NXF43DB?tag=eloabder-20&linkCode=osi&th=1&psc=1"><img src="https://m.media-amazon.com/images/I/51fTtUVKi5L._SL500_.jpg" alt="Product Image"></a><p>MEEDEE Rainbow Ribbon Solid Color Assortment 10 Colors Double Face Satin Ribbon for Gift Wrapping Happy Birthday Party Decorations, 3/8" X 5 Yard Each Total 50 Yds Per Package</p><p>$7.99 ($0.05 / Foot)</p><a href="https://www.amazon.com/dp/B08NXF43DB?tag=eloabder-20&linkCode=osi&th=1&psc=1">View Product</a></div><div class="product"><a href="https://www.amazon.com/dp/B01N8W0Z45?tag=eloabder-20&linkCode=osi&th=1&psc=1"><img src="https://m.media-amazon.com/images/I/61OkEfd-1BL._SL500_.jpg" alt="Product Image"></a><p>QingHan Grosgrain Ribbons for Crafts Gifts Wrapping 3/8" Boutique Polka Dot Fabric Ribbon 40yd (20 x 2yd)</p><p>$5.99 ($0.05 / Foot)</p><a href="https://www.amazon.com/dp/B01N8W0Z45?tag=eloabder-20&linkCode=osi&th=1&psc=1">View Product</a></div><div class="product"><a href="https://www.amazon.com/dp/B0CS5G5PCX?tag=eloabder-20&linkCode=osi&th=1&psc=1"><img src="https://m.media-amazon.com/images/I/51xzSU+d8QL._SL500_.jpg" alt="Product Image"></a><p>Ribbli Rainbow Satin Ribbon 3/8 Inch x 12 Rolls Total 60 Yards- Colorful Ribbon for Gift Wrapping Craft Party Decoration Baby Shower Wedding</p><p>$7.99 ($0.04 / Foot)</p><a href="https://www.amazon.com/dp/B0CS5G5PCX?tag=eloabder-20&linkCode=osi&th=1&psc=1">View Product</a></div><div class="product"><a href="https://www.amazon.com/dp/B009V35YVC?tag=eloabder-20&linkCode=osi&th=1&psc=1"><img src="https://m.media-amazon.com/images/I/41OYxs2N6GL._SL500_.jpg" alt="Product Image"></a><p>LaRibbons 10 Color 50Yards Solid Satin Ribbon,3/8" X 5 Yard/Roll Colorful Double Face Rainbow Ribbon for Crafts,Flower Bouquet,Gift Wrapping,Hair Bows,Birthday,Wedding Party Decoration</p><p>$4.99</p><a href="https://www.amazon.com/dp/B009V35YVC?tag=eloabder-20&linkCode=osi&th=1&psc=1">View Product</a></div><div class="product"><a href="https://www.amazon.com/dp/B07BDG8KXB?tag=eloabder-20&linkCode=osi&th=1&psc=1"><img src="https://m.media-amazon.com/images/I/61zpTp+xLjL._SL500_.jpg" alt="Product Image"></a><p>Supla 16 Colors 400 Yard Fabric Ribbon Silk Satin Roll Satin Ribbon Rolls in 2/5" Wide, 25 Yard/roll,16 Rolls,Satin Ribbon Fabric Ribbon Embellish Ribbon Ribbon for Bows Crafts Gifts Party Wedding</p><p>$8.99 ($0.01 / Foot)</p><a href="https://www.amazon.com/dp/B07BDG8KXB?tag=eloabder-20&linkCode=osi&th=1&psc=1">View Product</a></div><div class="product"><a href="https://www.amazon.com/dp/B0CRD7S24X?tag=eloabder-20&linkCode=osi&th=1&psc=1"><img src="https://m.media-amazon.com/images/I/51Xe-SI-ZHL._SL500_.jpg" alt="Product Image"></a><p>LIUYAXI 100 Yards Solid Grosgrain Ribbon, 3/8" X 5 Yard/Roll, 20 Colors Rainbow Multicolor Fabric Ribbons Roll Perfect for Crafts Gifts Wrapping Flower Bouquet Hair Bows & Other Projects</p><p>$7.99 ($0.03 / Foot)</p><a href="https://www.amazon.com/dp/B0CRD7S24X?tag=eloabder-20&linkCode=osi&th=1&psc=1">View Product</a></div>


<div class="product"><a href="https://www.amazon.com/dp/B08MZ6MQZM?tag=eloabder-20&linkCode=osi&th=1&psc=1"><img src="https://m.media-amazon.com/images/I/51rVPzuNy4L._SL500_.jpg" alt="Product Image"></a><p>Basic Shapes 1: Circles, Triangles, Squares, Ovals, 676 Pieces US Made Card Stock Punch Out Geometric Shapes in 3 Sizes and 4 PRIMARY Colors for Math, Pattern Play and DIY Crafting</p><p>$11.99</p><a href="https://www.amazon.com/dp/B08MZ6MQZM?tag=eloabder-20&linkCode=osi&th=1&psc=1">View Product</a></div><div class="product"><a href="https://www.amazon.com/dp/B072JW6NQT?tag=eloabder-20&linkCode=osi&th=1&psc=1"><img src="https://m.media-amazon.com/images/I/61uY6781clL._SL500_.jpg" alt="Product Image"></a><p>260 Pieces Colorful Glitter Foam Stickers Self Adhesive Stars Mini Heart Shapes Glitter Stickers, Kid's Arts Craft Supplies Greeting Cards Home Decoration Stars&Heart Shapes</p><p>$6.74 ($0.03 / Count)</p><a href="https://www.amazon.com/dp/B072JW6NQT?tag=eloabder-20&linkCode=osi&th=1&psc=1">View Product</a></div>


<div class="product"><a href="https://www.amazon.com/dp/B07KD1WKXY?tag=eloabder-20&linkCode=osi&th=1&psc=1"><img src="https://m.media-amazon.com/images/I/51y9zQOd9XL._SL500_.jpg" alt="Product Image"></a><p>(109 Yards/1.5mm/35 Colors Optional) Cotton Baker Twine DIY Craft Macramé Natural Cotton Rope Craft Making Knitting String Rope DIY Wedding Decor Supply Christmas Wrapping(deep green)</p><p>$4.98 ($0.02 / Foot)</p><a href="https://www.amazon.com/dp/B07KD1WKXY?tag=eloabder-20&linkCode=osi&th=1&psc=1">View Product</a></div><div class="product"><a href="https://www.amazon.com/dp/B0C7G868WP?tag=eloabder-20&linkCode=osi&th=1&psc=1"><img src="https://m.media-amazon.com/images/I/51YFxbYrxGL._SL500_.jpg" alt="Product Image"></a><p>Ohtomber Bracelet String Elastic Cord - 2 Rolls 1MM Stretchy String for Bracelet Making, Rainbow Elastic Bracelets String Thread for Clay Beads, Bracelets, Jewelry Making, Necklaces, Sewing and Crafts</p><p>$5.99 ($0.01 / Foot)</p><a href="https://www.amazon.com/dp/B0C7G868WP?tag=eloabder-20&linkCode=osi&th=1&psc=1">View Product</a></div>
<div class="product"><a href="https://www.amazon.com/dp/B0CHTZD63Q?tag=eloabder-20&linkCode=osi&th=1&psc=1"><img src="https://m.media-amazon.com/images/I/511hgeOlnkL._SL500_.jpg" alt="Product Image"></a><p>Secopad Scrapbook Tape, 4 Pack Double Sided Tape Roller for Crafts, Sticky Glue Tape Runner Scrapbooking Supplies Journaling School Office for Kids and Adults, 0.3IN x 26FT</p><p>$6.63 ($1.66 / Count)</p><a href="https://www.amazon.com/dp/B0CHTZD63Q?tag=eloabder-20&linkCode=osi&th=1&psc=1">View Product</a></div><div class="product"><a href="https://www.amazon.com/dp/B0BKZ2WVFY?tag=eloabder-20&linkCode=osi&th=1&psc=1"><img src="https://m.media-amazon.com/images/I/519ga5fVbbL._SL500_.jpg" alt="Product Image"></a><p>Guirnd 12PCS Colored Masking Tape, Kids Art Supplies Colored Tape, DIY Craft Tape, Colored Tape Rolls, Colored Painters Tape 1.7cm x 12m (2/3In x 13Yards)</p><p>$5.99 ($0.50 / Count)</p><a href="https://www.amazon.com/dp/B0BKZ2WVFY?tag=eloabder-20&linkCode=osi&th=1&psc=1">View Product</a></div><div class="product"><a href="https://www.amazon.com/dp/B0B1ZYCJPG?tag=eloabder-20&linkCode=osi&th=1&psc=1"><img src="https://m.media-amazon.com/images/I/51zcGqodSPL._SL500_.jpg" alt="Product Image"></a><p>Simetufy 5400 Pcs 1 Inch Tissue Paper Squares, 36 Assorted Colored Tissue Paper for Crafts, Art Rainbow Tissue Paper Bulk for Art Projects, Collage, Suncatchers, Scrapbooking - Non Bleeding</p><p>$7.49</p><a href="https://www.amazon.com/dp/B0B1ZYCJPG?tag=eloabder-20&linkCode=osi&th=1&psc=1">View Product</a></div>

<div class="product"><a href="https://www.amazon.com/dp/B07RZFHS87?tag=eloabder-20&linkCode=osi&th=1&psc=1"><img src="https://m.media-amazon.com/images/I/418QZBtYWTL._SL500_.jpg" alt="Product Image"></a><p>Lazydrop Double-Sided Tape for Arts, Crafts, Photography, Scrapbooking, Tear-by-Hand, Paper Backing (6 Rolls) (Width: 6mm/ 9mm/ 12mm/ 15mm)</p><p>$7.99 ($0.01 / Foot)</p><a href="https://www.amazon.com/dp/B07RZFHS87?tag=eloabder-20&linkCode=osi&th=1&psc=1">View Product</a></div><div class="product"><a href="https://www.amazon.com/dp/B0BPS4V3TG?tag=eloabder-20&linkCode=osi&th=1&psc=1"><img src="https://m.media-amazon.com/images/I/41fTeS+RuRL._SL500_.jpg" alt="Product Image"></a><p>Double Sided Tape for Crafts, Double-Sided Tape for Arts, Scrapbook Supplies, Photography, Gifts Box, Scrapbooking, Card Making, Paper Backing, Tear-by-Hand, 6 Roll Heavy Duty Multi-Size Adhesive Tape</p><p>$6.29 ($0.02 / Foot)</p><a href="https://www.amazon.com/dp/B0BPS4V3TG?tag=eloabder-20&linkCode=osi&th=1&psc=1">View Product</a></div><div class="product"><a href="https://www.amazon.com/dp/B098FCBMQV?tag=eloabder-20&linkCode=osi&th=1&psc=1"><img src="https://m.media-amazon.com/images/I/41E1XYg1+gL._SL500_.jpg" alt="Product Image"></a><p>Craftzilla Colored Masking Tape – 7 Roll Multi Pack – 210 Feet x 1 Inch of Colorful Craft Tape – Vibrant Rainbow Masking Tape –Colored Tape Rolls for Arts & Crafts, Labeling and Color-Coding</p><p>$12.95 ($0.01 / Foot)</p><a href="https://www.amazon.com/dp/B098FCBMQV?tag=eloabder-20&linkCode=osi&th=1&psc=1">View Product</a></div><div class="product"><a href="https://www.amazon.com/dp/B0CBRTT4SY?tag=eloabder-20&linkCode=osi&th=1&psc=1"><img src="https://m.media-amazon.com/images/I/41Ne5OTMBHL._SL500_.jpg" alt="Product Image"></a><p>XEHAHOSH 3 Rolls Double Sided Tape for Crafts, Arts, Scrapbooking, Photography, Paper Backing, Tear-by-Hand. 0.6in by 43-FT</p><p>$5.29</p><a href="https://www.amazon.com/dp/B0CBRTT4SY?tag=eloabder-20&linkCode=osi&th=1&psc=1">View Product</a></div><div class="product"><a href="https://www.amazon.com/dp/B08ZJB4XBX?tag=eloabder-20&linkCode=osi&th=1&psc=1"><img src="https://m.media-amazon.com/images/I/41FzzlZNG0L._SL500_.jpg" alt="Product Image"></a><p>8 Rolls Colored Masking Tape Rainbow Colors Painters Tape Colorful Craft Art Paper Tape for Kids Labeling Arts Crafts DIY Decorative Coding Decoration Teaching Supplies, 0.6 Inch x 16 Yard, 8 Colors</p><p>$6.99 ($0.87 / Count)</p><a href="https://www.amazon.com/dp/B08ZJB4XBX?tag=eloabder-20&linkCode=osi&th=1&psc=1">View Product</a></div><div class="product"><a href="https://www.amazon.com/dp/B09GDZH5PV?tag=eloabder-20&linkCode=osi&th=1&psc=1"><img src="https://m.media-amazon.com/images/I/41cZAy06SiL._SL500_.jpg" alt="Product Image"></a><p>DGTANGYIN 1/4" 2 Rolls Double Sided Adhesive Sticky Tape for Arts, DIY, Crafts, Photography, Scrapbooking, Card Making, Gift Wrapping, Office School Stationery Supplies, Home Supplies(Width: 6mm)</p><p>$3.99 ($0.00 / Foot)</p><a href="https://www.amazon.com/dp/B09GDZH5PV?tag=eloabder-20&linkCode=osi&th=1&psc=1">View Product</a></div>
<div class="product"><a href="https://www.amazon.com/dp/B09XR1XBWG?tag=eloabder-20&linkCode=osi&th=1&psc=1"><img src="https://m.media-amazon.com/images/I/31h+RS-Nv6L._SL500_.jpg" alt="Product Image"></a><p>10PCS 7mil Blank Mylar Stencil Sheets,12X12 inch Milky Translucent PET Blank Stencils Sheets,Template Material for Cutting Machines, Laser Cutting, Food-Safe Craft Plastic</p><p>$8.99</p><a href="https://www.amazon.com/dp/B09XR1XBWG?tag=eloabder-20&linkCode=osi&th=1&psc=1">View Product</a></div>

<div class="product"><a href="https://www.amazon.com/dp/B09TSLYX33?tag=eloabder-20&linkCode=osi&th=1&psc=1"><img src="https://m.media-amazon.com/images/I/41xNrpMfOLL._SL500_.jpg" alt="Product Image"></a><p>18 Gauge Aluminum Craft Wire, 165 Feet 1mm Bendable Metal Wire for Jewelry Making, Sculpting, Floral Making, Wreath Making, Crafting, Wire Wrapping, Christmas Ornaments (Silver)</p><p>$6.99</p><a href="https://www.amazon.com/dp/B09TSLYX33?tag=eloabder-20&linkCode=osi&th=1&psc=1">View Product</a></div><div class="product"><a href="https://www.amazon.com/dp/B002HRAEOG?tag=eloabder-20&linkCode=osi&th=1&psc=1"><img src="https://m.media-amazon.com/images/I/41HimGENjYL._SL500_.jpg" alt="Product Image"></a><p>FloraCraft 26 Gauge Floral Wire 270 Feet Bright Silver</p><p>$4.29</p><a href="https://www.amazon.com/dp/B002HRAEOG?tag=eloabder-20&linkCode=osi&th=1&psc=1">View Product</a></div><div class="product"><a href="https://www.amazon.com/dp/B06ZXY1PXB?tag=eloabder-20&linkCode=osi&th=1&psc=1"><img src="https://m.media-amazon.com/images/I/41Nh+1dv7FL._SL500_.jpg" alt="Product Image"></a><p>Mandala Crafts Anodized Aluminum Wire for Sculpting, Armature, Jewelry Making, Gem Metal Wrap, Garden, Colored and Soft, 1 Roll(14 Gauge, Silver)</p><p>$10.19 ($0.17 / Foot)</p><a href="https://www.amazon.com/dp/B06ZXY1PXB?tag=eloabder-20&linkCode=osi&th=1&psc=1">View Product</a></div><div class="product"><a href="https://www.amazon.com/dp/B07ZYNTH7D?tag=eloabder-20&linkCode=osi&th=1&psc=1"><img src="https://m.media-amazon.com/images/I/51ku4vQDwXL._SL500_.jpg" alt="Product Image"></a><p>12 Gauge Aluminum Wire 100 Feet, Anezus Metal Armature Wire Bendable Sculpting Wire for Crafts Wreath Making Jewelry Making Beading Floral (Silver, 2mm)</p><p>$12.99 ($0.13 / Foot)</p><a href="https://www.amazon.com/dp/B07ZYNTH7D?tag=eloabder-20&linkCode=osi&th=1&psc=1">View Product</a></div><div class="product"><a href="https://www.amazon.com/dp/B07CQL7Y5B?tag=eloabder-20&linkCode=osi&th=1&psc=1"><img src="https://m.media-amazon.com/images/I/51mHjBYsT0L._SL500_.jpg" alt="Product Image"></a><p>TecUnite Aluminum Craft Wire for Sculpting Armature Bendable Craft Wire for DIY Jewelry Making (1 Roll,Silver,10 M X 3 mm)</p><p>$8.99 ($0.27 / Foot)</p><a href="https://www.amazon.com/dp/B07CQL7Y5B?tag=eloabder-20&linkCode=osi&th=1&psc=1">View Product</a></div><div class="product"><a href="https://www.amazon.com/dp/B095Y844QP?tag=eloabder-20&linkCode=osi&th=1&psc=1"><img src="https://m.media-amazon.com/images/I/51w+5umyhOS._SL500_.jpg" alt="Product Image"></a><p>Tenn Well 12 Gauge Aluminum Wire, 100 Feet 2mm Bendable Metal Craft Wire for Sculpting, Armature, Jewelry Making, Floral Making, Doll Making, Modelling, Crafting, Bonsai Training</p><p>$11.99 ($0.12 / Foot)</p><a href="https://www.amazon.com/dp/B095Y844QP?tag=eloabder-20&linkCode=osi&th=1&psc=1">View Product</a></div>
<div class="product"><a href="https://www.amazon.com/dp/B0CYPH4FLQ?tag=eloabder-20&linkCode=osi&th=1&psc=1"><img src="https://m.media-amazon.com/images/I/41u786i6oZL._SL500_.jpg" alt="Product Image"></a><p>DIYDEC 24 Pack Basswood Sheets 4 x 6 x 1/16 Inch Thin Plywood Wood Sheets Unfinished Wood Squares Boards Balsa Wood Sheets for Crafts Architectural Models Laser Cutting Wood Burning and Drawing</p><p>$6.99</p><a href="https://www.amazon.com/dp/B0CYPH4FLQ?tag=eloabder-20&linkCode=osi&th=1&psc=1">View Product</a></div><div class="product"><a href="https://www.amazon.com/dp/B082HR4RV3?tag=eloabder-20&linkCode=osi&th=1&psc=1"><img src="https://m.media-amazon.com/images/I/51kfms0w39L._SL500_.jpg" alt="Product Image"></a><p>5ARTH Natural Wood Slices - 30 Pcs 3.5-4 inches Craft Unfinished Wood kit Predrilled with Hole Wooden Circles for Arts Wood Slices Christmas Ornaments DIY Crafts</p><p>$21.99</p><a href="https://www.amazon.com/dp/B082HR4RV3?tag=eloabder-20&linkCode=osi&th=1&psc=1">View Product</a></div>
<div class="product"><a href="https://www.amazon.com/dp/B089T7PX27?tag=eloabder-20&linkCode=osi&th=1&psc=1"><img src="https://m.media-amazon.com/images/I/41aDJyks7kL._SL500_.jpg" alt="Product Image"></a><p>Crayola Air Dry Clay (5lbs), Natural White Modeling Clay for Kids, Sculpting Material, Bulk Craft Supplies for School Classrooms [Amazon Exclusive]</p><p>$17.41</p><a href="https://www.amazon.com/dp/B089T7PX27?tag=eloabder-20&linkCode=osi&th=1&psc=1">View Product</a></div><div class="product"><a href="https://www.amazon.com/dp/B0BDM5WLQX?tag=eloabder-20&linkCode=osi&th=1&psc=1"><img src="https://m.media-amazon.com/images/I/41oBPm5+PkL._SL500_.jpg" alt="Product Image"></a><p>ifergoo White Air Dry Clay, Modeling Clay for School Art & Craft Project. Refill White Clay for Kids Age 3-12, Boys and Girls Gift</p><p>$6.99 ($1.65 / Ounce)</p><a href="https://www.amazon.com/dp/B0BDM5WLQX?tag=eloabder-20&linkCode=osi&th=1&psc=1">View Product</a></div><div class="product"><a href="https://www.amazon.com/dp/B0B8TLRRKM?tag=eloabder-20&linkCode=osi&th=1&psc=1"><img src="https://m.media-amazon.com/images/I/418ijOdZBzL._SL500_.jpg" alt="Product Image"></a><p>Pepy Premium European Air Dry Modeling Clay White 2.2 lb Bar, Easy to Use Air-Hardening Clay for Classroom and Montessori Sculpting and Crafts Projects</p><p>$9.97 ($0.28 / Ounce)</p><a href="https://www.amazon.com/dp/B0B8TLRRKM?tag=eloabder-20&linkCode=osi&th=1&psc=1">View Product</a></div>

<div class="product"><a href="https://www.amazon.com/dp/B083TT4XVN?tag=eloabder-20&linkCode=osi&th=1&psc=1"><img src="https://m.media-amazon.com/images/I/41QMxzlQglL._SL500_.jpg" alt="Product Image"></a><p>6" Jumbo Wood Craft Sticks - Pack of 1,000</p><p>$15.21 ($0.02 / Count)</p><a href="https://www.amazon.com/dp/B083TT4XVN?tag=eloabder-20&linkCode=osi&th=1&psc=1">View Product</a></div><div class="product"><a href="https://www.amazon.com/dp/B0B9RRJ2BG?tag=eloabder-20&linkCode=osi&th=1&psc=1"><img src="https://m.media-amazon.com/images/I/31gmdN8H+PL._SL500_.jpg" alt="Product Image"></a><p>Perfect Stix Wooden Poplar Wood Craft Sticks. Jumbo Size, 6 x 3/4, Wood, Natural Poplar Wood, 500Ct. Multipurpose Craft, Popsicles, Waxing, Arts and Crafts.</p><p>$9.68</p><a href="https://www.amazon.com/dp/B0B9RRJ2BG?tag=eloabder-20&linkCode=osi&th=1&psc=1">View Product</a></div><div class="product"><a href="https://www.amazon.com/dp/B08R31MRJ9?tag=eloabder-20&linkCode=osi&th=1&psc=1"><img src="https://m.media-amazon.com/images/I/51fYWGLzOGL._SL500_.jpg" alt="Product Image"></a><p>Pandaspa 200 Pieces Jumbo Craft Sticks, Premium Natural Wood for Building, Mixing, and Creating Craft Projects, Size 6 x 3/4</p><p>$9.95</p><a href="https://www.amazon.com/dp/B08R31MRJ9?tag=eloabder-20&linkCode=osi&th=1&psc=1">View Product</a></div><div class="product"><a href="https://www.amazon.com/dp/B081R25K4S?tag=eloabder-20&linkCode=osi&th=1&psc=1"><img src="https://m.media-amazon.com/images/I/41vxFW4BIvL._SL500_.jpg" alt="Product Image"></a><p>Perfect Stix - PS-114st-1,000 4.5" Craft Sticks/ Ice Cream Sticks/ Natural Wood - Box of 1,000ct</p><p>$13.99</p><a href="https://www.amazon.com/dp/B081R25K4S?tag=eloabder-20&linkCode=osi&th=1&psc=1">View Product</a></div><div class="product"><a href="https://www.amazon.com/dp/B08NY4HWVH?tag=eloabder-20&linkCode=osi&th=1&psc=1"><img src="https://m.media-amazon.com/images/I/41qHSFWo+AL._SL500_.jpg" alt="Product Image"></a><p>Fansunta 100pcs 15.7x0.35 Inch Strong Natural Bamboo Sticks, Wooden Craft Sticks, Extra Long Sticks, Wood Strips for Craft Projects</p><p>$11.99</p><a href="https://www.amazon.com/dp/B08NY4HWVH?tag=eloabder-20&linkCode=osi&th=1&psc=1">View Product</a></div>
<div class="product"><a href="https://www.amazon.com/dp/B0CY84GCRZ?tag=eloabder-20&linkCode=osi&th=1&psc=1"><img src="https://m.media-amazon.com/images/I/315gdwLiZfL._SL500_.jpg" alt="Product Image"></a><p>14 Rolls Double Sided Tape for Crafts Scrapbooking Multi-Purpose and Multi-Size Tape for Arts, Photography, Gift Boxes, Card Making, Paper Backing, Office Supplies(3mm/5mm/8mm/10mm/12mm/15mm/18mm)</p><p>$4.99 ($0.36 / Count)</p><a href="https://www.amazon.com/dp/B0CY84GCRZ?tag=eloabder-20&linkCode=osi&th=1&psc=1">View Product</a></div>

<div class="product"><a href="https://www.amazon.com/dp/B0D14HHL9F?tag=eloabder-20&linkCode=osi&th=1&psc=1"><img src="https://m.media-amazon.com/images/I/31pj+acWaSL._SL500_.jpg" alt="Product Image"></a><p>Weeding Tools for Vinyl,Vinyl Weeding Tools for Permanent Vinyl/HTV Vinyl/Holographic Vinyl,Craft Vinyl Weeding Tools Kit with Hook and Pick with Tweezers</p><p>$4.99</p><a href="https://www.amazon.com/dp/B0D14HHL9F?tag=eloabder-20&linkCode=osi&th=1&psc=1">View Product</a></div>



<div class="product"><a href="https://www.amazon.com/dp/B0D3HPD7WP?tag=eloabder-20&linkCode=osi&th=1&psc=1"><img src="https://m.media-amazon.com/images/I/31KSmmAWUWL._SL500_.jpg" alt="Product Image"></a><p>50 Sheets Grey Cardstock Paper, Colored Printer Paper 8.5 x 11, Thick Construction Paper for Cards Making, Scrapbook，Office Printing, Invitations, Certificates，DIY Crafting 92 lb/250gsm</p><p>$9.99</p><a href="https://www.amazon.com/dp/B0D3HPD7WP?tag=eloabder-20&linkCode=osi&th=1&psc=1">View Product</a></div>
<div class="product"><a href="https://www.amazon.com/dp/B076CP6F36?tag=eloabder-20&linkCode=osi&th=1&psc=1"><img src="https://m.media-amazon.com/images/I/51rfEIvgI+L._SL500_.jpg" alt="Product Image"></a><p>Apple Barrel, Vibrant Spectrum Collection Acrylic Craft Paint, PROMOABIII, 2 fl oz each, 16 assorted matte colors, 16 count</p><p>$15.97 ($0.50 / Fl Oz)</p><a href="https://www.amazon.com/dp/B076CP6F36?tag=eloabder-20&linkCode=osi&th=1&psc=1">View Product</a></div><div class="product"><a href="https://www.amazon.com/dp/B0BKFLSYQF?tag=eloabder-20&linkCode=osi&th=1&psc=1"><img src="https://m.media-amazon.com/images/I/51a0PmPRknL._SL500_.jpg" alt="Product Image"></a><p>72 Pack Acrylic Paint Set, Shuttle Art 60 Colors Acrylic Paint Including Extra White Black & 12 Brushes, 2oz/60ml, Rich Pigmented, Water Proof, Ideal for Artists, Beginners on Canvas Rock Wood Ceramic</p><p>$45.99 ($23.00 / Fl Oz)</p><a href="https://www.amazon.com/dp/B0BKFLSYQF?tag=eloabder-20&linkCode=osi&th=1&psc=1">View Product</a></div><div class="product"><a href="https://www.amazon.com/dp/B08CB3JH79?tag=eloabder-20&linkCode=osi&th=1&psc=1"><img src="https://m.media-amazon.com/images/I/51OUZsFdnTL._SL500_.jpg" alt="Product Image"></a><p>Acrylic Paint Set of 36 Colors 2fl oz 60ml Bottles,Non Toxic 36 Colors Acrylic Paint No Fading Rich Pigment for Kids Adults Artists Canvas Crafts Wood Painting</p><p>$32.99 ($0.46 / Fl Oz)</p><a href="https://www.amazon.com/dp/B08CB3JH79?tag=eloabder-20&linkCode=osi&th=1&psc=1">View Product</a></div><div class="product"><a href="https://www.amazon.com/dp/B0018NBVKQ?tag=eloabder-20&linkCode=osi&th=1&psc=1"><img src="https://m.media-amazon.com/images/I/31YlSvZMTCL._SL500_.jpg" alt="Product Image"></a><p>Apple Barrel Acrylic Paint in Assorted Colors (8 Ounce), 20403 White</p><p>$2.67 ($0.33 / Fl Oz)</p><a href="https://www.amazon.com/dp/B0018NBVKQ?tag=eloabder-20&linkCode=osi&th=1&psc=1">View Product</a></div><div class="product"><a href="https://www.amazon.com/dp/B077WSBLZ1?tag=eloabder-20&linkCode=osi&th=1&psc=1"><img src="https://m.media-amazon.com/images/I/51KPkXpLn1L._SL500_.jpg" alt="Product Image"></a><p>Shuttle Art Acrylic Paint Set, 30 x12ml Tubes Artist Quality Non Toxic Rich Pigments Colors Great for Kids Adults Professional Painting on Rocks Canvas Wood Clay Fabric Ceramic Crafts</p><p>$12.99 ($1.08 / Fl Oz)</p><a href="https://www.amazon.com/dp/B077WSBLZ1?tag=eloabder-20&linkCode=osi&th=1&psc=1">View Product</a></div><div class="product"><a href="https://www.amazon.com/dp/B00889Z5Y6?tag=eloabder-20&linkCode=osi&th=1&psc=1"><img src="https://m.media-amazon.com/images/I/41MQjsyDbSL._SL500_.jpg" alt="Product Image"></a><p>Apple Barrel Acrylic Paint in Assorted Colors (2 oz), 20764, Apricot</p><p>$0.58 ($0.29 / Fl Oz)</p><a href="https://www.amazon.com/dp/B00889Z5Y6?tag=eloabder-20&linkCode=osi&th=1&psc=1">View Product</a></div><div class="product"><a href="https://www.amazon.com/dp/B09TWQD5ZL?tag=eloabder-20&linkCode=osi&th=1&psc=1"><img src="https://m.media-amazon.com/images/I/41B0L003QXL._SL500_.jpg" alt="Product Image"></a><p>Artkey Acrylic Paint Set - 24 colors 2 oz/59 ml Acrylic Paints Professional Artists Painting Kit for Canvases Fabric Rock Leather Easter Egg Wood Ceramic Glass Art Craft Painting</p><p>$19.99 ($0.42 / Fl Oz)</p><a href="https://www.amazon.com/dp/B09TWQD5ZL?tag=eloabder-20&linkCode=osi&th=1&psc=1">View Product</a></div><div class="product"><a href="https://www.amazon.com/dp/B07Z93LQDB?tag=eloabder-20&linkCode=osi&th=1&psc=1"><img src="https://m.media-amazon.com/images/I/51veoN6zK0L._SL500_.jpg" alt="Product Image"></a><p>Shuttle Art Acrylic Paint Set, 36 Colors Acrylic Paint with Brushes & Palette, 2oz Bottles, Rich Pigments Non-toxic Paint for Artists Kids & Adults, Art Supplies for Canvas Rock Ceramic Wood Painting</p><p>$27.99</p><a href="https://www.amazon.com/dp/B07Z93LQDB?tag=eloabder-20&linkCode=osi&th=1&psc=1">View Product</a></div><div class="product"><a href="https://www.amazon.com/dp/B002665SYY?tag=eloabder-20&linkCode=osi&th=1&psc=1"><img src="https://m.media-amazon.com/images/I/31sJJeWK6OS._SL500_.jpg" alt="Product Image"></a><p>Liquitex BASICS Acrylic Paint, 250ml (8.5-oz) Tube, Titanium White</p><p>$9.99 ($1.18 / Fl Oz)</p><a href="https://www.amazon.com/dp/B002665SYY?tag=eloabder-20&linkCode=osi&th=1&psc=1">View Product</a></div>
<div class="product"><a href="https://www.amazon.com/dp/B0CC98XLGL?tag=eloabder-20&linkCode=osi&th=1&psc=1"><img src="https://m.media-amazon.com/images/I/51ZLw+nThiL._SL500_.jpg" alt="Product Image"></a><p>HUIRUSO 4 Pack Double Sided Tape Roller, Scrapbook Supplies, Glue Tape Roller for Crafts, Double-Sided Adhesive Tape Runner for Scrapbooking, School Office Journaling Supplies (0.31 in X 26.25 ft)</p><p>$6.99 ($1.75 / Count)</p><a href="https://www.amazon.com/dp/B0CC98XLGL?tag=eloabder-20&linkCode=osi&th=1&psc=1">View Product</a></div><div class="product"><a href="https://www.amazon.com/dp/B007XAAE6K?tag=eloabder-20&linkCode=osi&th=1&psc=1"><img src="https://m.media-amazon.com/images/I/414qxYVR0wL._SL500_.jpg" alt="Product Image"></a><p>Scotch Double Sided Tape Runner, 1-Pack, 0.27 in x 26 ft., Perfect for Holiday Crafts, Gifts, and More</p><p>$4.47</p><a href="https://www.amazon.com/dp/B007XAAE6K?tag=eloabder-20&linkCode=osi&th=1&psc=1">View Product</a></div><div class="product"><a href="https://www.amazon.com/dp/B0BZVGPFSK?tag=eloabder-20&linkCode=osi&th=1&psc=1"><img src="https://m.media-amazon.com/images/I/51-ue9+7JkL._SL500_.jpg" alt="Product Image"></a><p>Birllaid Double Sided Tape for Walls, Picture Hanging Strips Removable Mounting Dots Adhesive Heavy Duty, Removable for Art Craft, Decoration, Party Supplies, Multipurpose</p><p>$11.99</p><a href="https://www.amazon.com/dp/B0BZVGPFSK?tag=eloabder-20&linkCode=osi&th=1&psc=1">View Product</a></div><div class="product"><a href="https://www.amazon.com/dp/B0CGVN9SL1?tag=eloabder-20&linkCode=osi&th=1&psc=1"><img src="https://m.media-amazon.com/images/I/41Hy+i4CnoL._SL500_.jpg" alt="Product Image"></a><p>30Ft x 1 Inch Hook and Loop Strips with Adhesive,Double Rolls of Heavy Duty Self Adhesive Tape with Backing, Nylon Self Adhesive Tape for Home Office School and Crafting,White</p><p>$9.99</p><a href="https://www.amazon.com/dp/B0CGVN9SL1?tag=eloabder-20&linkCode=osi&th=1&psc=1">View Product</a></div><div class="product"><a href="https://www.amazon.com/dp/B07Y3VDPLF?tag=eloabder-20&linkCode=osi&th=1&psc=1"><img src="https://m.media-amazon.com/images/I/41cyKQ2OMuL._SL500_.jpg" alt="Product Image"></a><p>Melsan 1x4 inch Hook and Loop Strips with Adhesive - 15 Sets, Strong Back Adhesive Fasten Mounting Tape for Home or Office Use - Instead of Holes and Screws, Black</p><p>$7.82</p><a href="https://www.amazon.com/dp/B07Y3VDPLF?tag=eloabder-20&linkCode=osi&th=1&psc=1">View Product</a></div><div class="product"><a href="https://www.amazon.com/dp/B07V57VJT5?tag=eloabder-20&linkCode=osi&th=1&psc=1"><img src="https://m.media-amazon.com/images/I/514JO3bvl3L._SL500_.jpg" alt="Product Image"></a><p>XFasten Adhesive Roller for Scrapbooking, 8mm x 30ft 4-Pack Double Sided Glue Tape Roller, Scrapbook Supplies for Adults, Photo Tape for Scrapbooking</p><p>$9.99 ($2.50 / Count)</p><a href="https://www.amazon.com/dp/B07V57VJT5?tag=eloabder-20&linkCode=osi&th=1&psc=1">View Product</a></div><div class="product"><a href="https://www.amazon.com/dp/B07JLTGQHX?tag=eloabder-20&linkCode=osi&th=1&psc=1"><img src="https://m.media-amazon.com/images/I/51Eqfo7kUZL._SL500_.jpg" alt="Product Image"></a><p>UPINS 120 Pack Double Sided Foam Tape Square Self-Adhesive Foam Tape Black Strong Tape Pads for DIY Art Crafts Supplies</p><p>$9.99 ($0.08 / Count)</p><a href="https://www.amazon.com/dp/B07JLTGQHX?tag=eloabder-20&linkCode=osi&th=1&psc=1">View Product</a></div><div class="product"><a href="https://www.amazon.com/dp/B005FM6XF4?tag=eloabder-20&linkCode=osi&th=1&psc=1"><img src="https://m.media-amazon.com/images/I/51-vp1WJ89L._SL500_.jpg" alt="Product Image"></a><p>AdTech 5603 Permanent Crafter's Tape, 0.31" x 315", Pack of 4</p><p>$7.84 ($0.07 / Foot)</p><a href="https://www.amazon.com/dp/B005FM6XF4?tag=eloabder-20&linkCode=osi&th=1&psc=1">View Product</a></div><div class="product"><a href="https://www.amazon.com/dp/B0CJF1FLFJ?tag=eloabder-20&linkCode=osi&th=1&psc=1"><img src="https://m.media-amazon.com/images/I/51dig1RqzdL._SL500_.jpg" alt="Product Image"></a><p>UPINS 150Pack Double Sided Foam Tape Strong Sticky Double Sided Foam Pads for Crafts Self-Adhesive Mounting Foam Tape Heavy Duty for Home Wall Decor 40 * 40 * 2mm</p><p>$8.99 ($0.06 / Count)</p><a href="https://www.amazon.com/dp/B0CJF1FLFJ?tag=eloabder-20&linkCode=osi&th=1&psc=1">View Product</a></div><div class="product"><a href="https://www.amazon.com/dp/B0D4YWRGCL?tag=eloabder-20&linkCode=osi&th=1&psc=1"><img src="https://m.media-amazon.com/images/I/41EqJ553-KL._SL500_.jpg" alt="Product Image"></a><p>Amanbo Glue Tape for Scrapbooking, 6 Pack Scrapbook Tape, Double Sided Tape Roller for Crafts, Total 120 Ft x 0.24 in Tape Runner, Craft Supplies for Scrapbooking, Gift Wrapping and Photo Tape</p><p>$6.99</p><a href="https://www.amazon.com/dp/B0D4YWRGCL?tag=eloabder-20&linkCode=osi&th=1&psc=1">View Product</a></div>
<div class="product"><a href="https://www.amazon.com/dp/B0CC5HPPTN?tag=eloabder-20&linkCode=osi&th=1&psc=1"><img src="https://m.media-amazon.com/images/I/519M81S201L._SL500_.jpg" alt="Product Image"></a><p>Airbrush Paint - 30 Colors with 3 Thinner, Ready to Spray Airbrush Paint Set, Water-Based Acrylic Air brush Paints for Metal, Plastic Models, Canvas, Wood, 20ml/Bottle</p><p>$32.99 ($1.48 / Fl Oz)</p><a href="https://www.amazon.com/dp/B0CC5HPPTN?tag=eloabder-20&linkCode=osi&th=1&psc=1">View Product</a></div>
<div class="product"><a href="https://www.amazon.com/dp/B0CXPSGK36?tag=eloabder-20&linkCode=osi&th=1&psc=1"><img src="https://m.media-amazon.com/images/I/51dd2dYOtrL._SL500_.jpg" alt="Product Image"></a><p>Letter Stickers 30 Sheets 1500 PCS Large Alphabet Sticker 2 Inch Vinyl Self Adhesive Stick on Stickers for Water Bottles Cup Mailbox Number Address Craft Scrapbooking Bulletin Board Decor Multicolor</p><p>$9.99</p><a href="https://www.amazon.com/dp/B0CXPSGK36?tag=eloabder-20&linkCode=osi&th=1&psc=1">View Product</a></div><div class="product"><a href="https://www.amazon.com/dp/B07NNYFMGY?tag=eloabder-20&linkCode=osi&th=1&psc=1"><img src="https://m.media-amazon.com/images/I/51yDnU+gEXL._SL500_.jpg" alt="Product Image"></a><p>20 Sheets Alphabet Letter Stickers 10 Colors Self Adhesive Sticker Colorful PU Material Convex Feeling (Colored Letter Stickers 1)</p><p>$6.99 ($0.35 / Count)</p><a href="https://www.amazon.com/dp/B07NNYFMGY?tag=eloabder-20&linkCode=osi&th=1&psc=1">View Product</a></div>

<div class="product"><a href="https://www.amazon.com/dp/B01DDN8854?tag=eloabder-20&linkCode=osi&th=1&psc=1"><img src="https://m.media-amazon.com/images/I/61dPubDZBSL._SL500_.jpg" alt="Product Image"></a><p>Hugs 'n Kisses HNKHABY13 Applique Paper (20 Pack)</p><p>$19.72 ($0.99 / Count)</p><a href="https://www.amazon.com/dp/B01DDN8854?tag=eloabder-20&linkCode=osi&th=1&psc=1">View Product</a></div>
<div class="product"><a href="https://www.amazon.com/dp/B09KPNFJW1?tag=eloabder-20&linkCode=osi&th=1&psc=1"><img src="https://m.media-amazon.com/images/I/41abn5fELmL._SL500_.jpg" alt="Product Image"></a><p>UniPleased Disposable Aprons (50 Count), Plastic apron for Painting Party, Cooking, Housework, Picnic etc.</p><p>$5.69</p><a href="https://www.amazon.com/dp/B09KPNFJW1?tag=eloabder-20&linkCode=osi&th=1&psc=1">View Product</a></div>
<div class="product"><a href="https://www.amazon.com/dp/B087M21MM2?tag=eloabder-20&linkCode=osi&th=1&psc=1"><img src="https://m.media-amazon.com/images/I/41Xf-jehhLL._SL500_.jpg" alt="Product Image"></a><p>GOTIDEAL Stretched Canvas, Multi Pack 4x4, 5x7, 8x10,9x12, 11x14 Set of 10, Primed White - 100% Cotton Artist Canvas Boards for Painting, Acrylic Pouring, Oil Paint Dry & Wet Art Media</p><p>$24.99</p><a href="https://www.amazon.com/dp/B087M21MM2?tag=eloabder-20&linkCode=osi&th=1&psc=1">View Product</a></div><div class="product"><a href="https://www.amazon.com/dp/B00OQJYISG?tag=eloabder-20&linkCode=osi&th=1&psc=1"><img src="https://m.media-amazon.com/images/I/31fEDLPkkcL._SL500_.jpg" alt="Product Image"></a><p>6 Count 12” x 16” Super Value Canvas by Artist's Loft Necessities - Acid Free Cotton Canvas for Paint, Acrylic, & Oils - 1 Pack</p><p>$19.99</p><a href="https://www.amazon.com/dp/B00OQJYISG?tag=eloabder-20&linkCode=osi&th=1&psc=1">View Product</a></div><div class="product"><a href="https://www.amazon.com/dp/B09CDKB9HY?tag=eloabder-20&linkCode=osi&th=1&psc=1"><img src="https://m.media-amazon.com/images/I/51+p5xnClGL._SL500_.jpg" alt="Product Image"></a><p>DPDIAN Canvas Boards for Painting 40 Pack, 8 inch x 10 inch Super Value Pack, Artist Canvas Panels for Oil & Acrylic Painting</p><p>$29.99</p><a href="https://www.amazon.com/dp/B09CDKB9HY?tag=eloabder-20&linkCode=osi&th=1&psc=1">View Product</a></div><div class="product"><a href="https://www.amazon.com/dp/B0CFBGP29G?tag=eloabder-20&linkCode=osi&th=1&psc=1"><img src="https://m.media-amazon.com/images/I/3147Az5plbL._SL500_.jpg" alt="Product Image"></a><p>ArtSkills Stretched Canvases for Painting, 12x16 Canvas Painting Supplies for Artists, Blank Canvas Pack, 2-Pack</p><p>$16.99</p><a href="https://www.amazon.com/dp/B0CFBGP29G?tag=eloabder-20&linkCode=osi&th=1&psc=1">View Product</a></div><div class="product"><a href="https://www.amazon.com/dp/B07BNGQ1SS?tag=eloabder-20&linkCode=osi&th=1&psc=1"><img src="https://m.media-amazon.com/images/I/410ZVtygUwS._SL500_.jpg" alt="Product Image"></a><p>PHOENIX Stretched Canvas for Painting 8x10 Inch/10 Value Pack, 8 Oz Triple Primed 5/8 Inch Profile 100% Cotton White Blank Canvas, Artist Framed Canvas for Oil Acrylic & Pouring Art</p><p>$22.99</p><a href="https://www.amazon.com/dp/B07BNGQ1SS?tag=eloabder-20&linkCode=osi&th=1&psc=1">View Product</a></div><div class="product"><a href="https://www.amazon.com/dp/B0922JP1H4?tag=eloabder-20&linkCode=osi&th=1&psc=1"><img src="https://m.media-amazon.com/images/I/41BmiEND1KL._SL500_.jpg" alt="Product Image"></a><p>GOTIDEAL Canvases for Painting, 18 Pack Canvas Boards Multipack 4x4, 5x7, 8x10, 9x12,11x14,Primed White Blank Artist Canvas Variety Pack for Acrylic Paint, Oil Paint, Watercolor, Gouache</p><p>$19.99</p><a href="https://www.amazon.com/dp/B0922JP1H4?tag=eloabder-20&linkCode=osi&th=1&psc=1">View Product</a></div>


<div class="product"><a href="https://www.amazon.com/dp/B0872VFHBH?tag=eloabder-20&linkCode=osi&th=1&psc=1"><img src="https://m.media-amazon.com/images/I/51k3bekQheS._SL500_.jpg" alt="Product Image"></a><p>Bachmore Drawing Pad 9X12 Inch (110lb/180g), 60 Sheets, Top Spiral Bound Multi-Media for Artist Pro & Amateurs | Acrylic Art, Ink, Paint, Oil Pastels,Watercolor Mixed Media Sketch</p><p>$11.99</p><a href="https://www.amazon.com/dp/B0872VFHBH?tag=eloabder-20&linkCode=osi&th=1&psc=1">View Product</a></div><div class="product"><a href="https://www.amazon.com/dp/B0027A75A4?tag=eloabder-20&linkCode=osi&th=1&psc=1"><img src="https://m.media-amazon.com/images/I/51dyOxxcgYL._SL500_.jpg" alt="Product Image"></a><p>Strathmore 200 Series Sketch Pad, 9x12 inch, 100 Sheets, Tape Bound - Artist Sketchbook for Drawing, Illustration, Art Class Students</p><p>$6.99 ($0.07 / Count)</p><a href="https://www.amazon.com/dp/B0027A75A4?tag=eloabder-20&linkCode=osi&th=1&psc=1">View Product</a></div><div class="product"><a href="https://www.amazon.com/dp/B0BV13YQKX?tag=eloabder-20&linkCode=osi&th=1&psc=1"><img src="https://m.media-amazon.com/images/I/41VYfMpvXUL._SL500_.jpg" alt="Product Image"></a><p>Canson Graduate Watercolor Pad, Foldover, 9x12 inch, 20 Sheets | Artist Paper for Adults and Students - Painting, Gouache, Mixed Media and Ink</p><p>$4.97 ($0.41 / Count)</p><a href="https://www.amazon.com/dp/B0BV13YQKX?tag=eloabder-20&linkCode=osi&th=1&psc=1">View Product</a></div><div class="product"><a href="https://www.amazon.com/dp/B0024KMQ6K?tag=eloabder-20&linkCode=osi&th=1&psc=1"><img src="https://m.media-amazon.com/images/I/51sYdvPPUCL._SL500_.jpg" alt="Product Image"></a><p>Strathmore 400 Series Pastel Pad, Assorted Colors, 9"x12" Glue Bound, 24 Sheets</p><p>$9.11</p><a href="https://www.amazon.com/dp/B0024KMQ6K?tag=eloabder-20&linkCode=osi&th=1&psc=1">View Product</a></div><div class="product"><a href="https://www.amazon.com/dp/B00246O6PI?tag=eloabder-20&linkCode=osi&th=1&psc=1"><img src="https://m.media-amazon.com/images/I/517TUmckOIL._SL500_.jpg" alt="Product Image"></a><p>Strathmore 300 Series Drawing Paper Pad, Top Wire Bound, 11x14 inches, 50 Sheets (70lb/114g) - Artist Paper for Adults and Students - Charcoal, Colored Pencil, Ink, Pastel, Marker</p><p>$13.33</p><a href="https://www.amazon.com/dp/B00246O6PI?tag=eloabder-20&linkCode=osi&th=1&psc=1">View Product</a></div>
<div class="product"><a href="https://www.amazon.com/dp/B08ZMH7LJY?tag=eloabder-20&linkCode=osi&th=1&psc=1"><img src="https://m.media-amazon.com/images/I/51mJIsLJA-S._SL500_.jpg" alt="Product Image"></a><p>PANDAFLY Professional Drawing Sketching Pencil Set - 12 Pieces Graphite Pencils(14B - 2H), Ideal for Drawing Art, Sketching, Shading, Artist Pencils for Beginners & Pro Artists</p><p>$5.11</p><a href="https://www.amazon.com/dp/B08ZMH7LJY?tag=eloabder-20&linkCode=osi&th=1&psc=1">View Product</a></div><div class="product"><a href="https://www.amazon.com/dp/B088K1G5NL?tag=eloabder-20&linkCode=osi&th=1&psc=1"><img src="https://m.media-amazon.com/images/I/51F2bOMZWnL._SL500_.jpg" alt="Product Image"></a><p>MARKART Professional Drawing Sketching Pencil Set - 14 Pieces,Graphite,(12B - 4H), Ideal for Drawing Art, Sketching, Shading, Artist Pencils for Beginners & Pro Artists</p><p>$5.24</p><a href="https://www.amazon.com/dp/B088K1G5NL?tag=eloabder-20&linkCode=osi&th=1&psc=1">View Product</a></div><div class="product"><a href="https://www.amazon.com/dp/B08FHMRW4L?tag=eloabder-20&linkCode=osi&th=1&psc=1"><img src="https://m.media-amazon.com/images/I/51Pmn5gjyzL._SL500_.jpg" alt="Product Image"></a><p>Mr. Pen- Sketch Pencils for Drawing, 14 Pack, Drawing Pencils, Art Pencils, Graphite Pencils, Graphite Pencils for Drawing, Art Pencils for Drawing and Shading</p><p>$5.95</p><a href="https://www.amazon.com/dp/B08FHMRW4L?tag=eloabder-20&linkCode=osi&th=1&psc=1">View Product</a></div><div class="product"><a href="https://www.amazon.com/dp/B0BNQ58DC4?tag=eloabder-20&linkCode=osi&th=1&psc=1"><img src="https://m.media-amazon.com/images/I/51e-gQtCcCL._SL500_.jpg" alt="Product Image"></a><p>MARTCOLOR Drawing Sketching Pencils Set, 12 Pack Graphite Pencils(14B - 2H), Ideal for Drawing Art, Sketching, Shading, Artist Pencils for Beginners & Pro Artists</p><p>$5.99</p><a href="https://www.amazon.com/dp/B0BNQ58DC4?tag=eloabder-20&linkCode=osi&th=1&psc=1">View Product</a></div>

<div class="product"><a href="https://www.amazon.com/dp/B0851M3749?tag=eloabder-20&linkCode=osi&th=1&psc=1"><img src="https://m.media-amazon.com/images/I/41KKSGSDl5L._SL500_.jpg" alt="Product Image"></a><p>N NOROCME 12 PCS Blending Stumps and Tortillions Paper Art Blenders with Sandpaper Pencil Sharpener Pointer for Student Artist Charcoal Sketch Drawing Tools</p><p>$4.99</p><a href="https://www.amazon.com/dp/B0851M3749?tag=eloabder-20&linkCode=osi&th=1&psc=1">View Product</a></div><div class="product"><a href="https://www.amazon.com/dp/B09J3HKN8F?tag=eloabder-20&linkCode=osi&th=1&psc=1"><img src="https://m.media-amazon.com/images/I/51Qvx81eQLL._SL500_.jpg" alt="Product Image"></a><p>Eraser Pencils Set for Artists, Wooden Sketch Eraser Pen for Charcoal Drawings, Professional Highlight Painting Eraser for Sketching, Revise Erasing Details for Students Limner</p><p>$6.99</p><a href="https://www.amazon.com/dp/B09J3HKN8F?tag=eloabder-20&linkCode=osi&th=1&psc=1">View Product</a></div>
<div class="product"><a href="https://www.amazon.com/dp/B09WCQ89T8?tag=eloabder-20&linkCode=osi&th=1&psc=1"><img src="https://m.media-amazon.com/images/I/41gZz0qgBFL._SL500_.jpg" alt="Product Image"></a><p>Bernat BABY BLANKET BB Blue Dreams Yarn - 1 Pack of 10.5oz/300g - Polyester - #6 Super Bulky - 220 Yards - Knitting/Crochet</p><p>$6.97</p><a href="https://www.amazon.com/dp/B09WCQ89T8?tag=eloabder-20&linkCode=osi&th=1&psc=1">View Product</a></div><div class="product"><a href="https://www.amazon.com/dp/B07V5JVNFD?tag=eloabder-20&linkCode=osi&th=1&psc=1"><img src="https://m.media-amazon.com/images/I/41IS+HdtiOL._SL500_.jpg" alt="Product Image"></a><p>Lion Brand Yarn Basic Stitch Anti-Pilling Knitting Yarn, Yarn for Crocheting, 1-Pack, Baby Blue</p><p>$8.40 ($0.02 / Foot)</p><a href="https://www.amazon.com/dp/B07V5JVNFD?tag=eloabder-20&linkCode=osi&th=1&psc=1">View Product</a></div><div class="product"><a href="https://www.amazon.com/dp/B01M0AJID2?tag=eloabder-20&linkCode=osi&th=1&psc=1"><img src="https://m.media-amazon.com/images/I/41yVau0AUpL._SL500_.jpg" alt="Product Image"></a><p>Lion Brand Yarn (1 Skein) Lion Brand Yarn Babysoft Baby Yarn Yarn, Little Boy Blue Multicolor</p><p>$7.19 ($0.01 / Foot)</p><a href="https://www.amazon.com/dp/B01M0AJID2?tag=eloabder-20&linkCode=osi&th=1&psc=1">View Product</a></div><div class="product"><a href="https://www.amazon.com/dp/B09W1KHF42?tag=eloabder-20&linkCode=osi&th=1&psc=1"><img src="https://m.media-amazon.com/images/I/41maDlrio5L._SL500_.jpg" alt="Product Image"></a><p>Red Heart Super Saver Light Blue Yarn - 3 Pack of 198g/7oz - Acrylic - 4 Medium (Worsted) - 364 Yards - Knitting/Crochet</p><p>$13.29 ($4.43 / Count)</p><a href="https://www.amazon.com/dp/B09W1KHF42?tag=eloabder-20&linkCode=osi&th=1&psc=1">View Product</a></div><div class="product"><a href="https://www.amazon.com/dp/B08LKVZ3CX?tag=eloabder-20&linkCode=osi&th=1&psc=1"><img src="https://m.media-amazon.com/images/I/41GLizNx8UL._SL500_.jpg" alt="Product Image"></a><p>Bernat Baby Blanket Baby Blue Yarn - 3 Pack of 100g/3.5oz - Polyester - 6 Super Bulky - 72 Yards - Knitting/Crochet</p><p>$21.81</p><a href="https://www.amazon.com/dp/B08LKVZ3CX?tag=eloabder-20&linkCode=osi&th=1&psc=1">View Product</a></div><div class="product"><a href="https://www.amazon.com/dp/B0CHJ95WHJ?tag=eloabder-20&linkCode=osi&th=1&psc=1"><img src="https://m.media-amazon.com/images/I/314E1EQdihL._SL500_.jpg" alt="Product Image"></a><p>NORCIA Soft Velvet Yarn Chenille Yarn for Crocheting Baby Blanket Yarn for Knitting Amigurumi Yarn Fancy Yarn for Crochet Weaving Craft (Baby Blue, 1 Skein)</p><p>$9.99</p><a href="https://www.amazon.com/dp/B0CHJ95WHJ?tag=eloabder-20&linkCode=osi&th=1&psc=1">View Product</a></div>
<div class="product"><a href="https://www.amazon.com/dp/B0779F2TXJ?tag=eloabder-20&linkCode=osi&th=1&psc=1"><img src="https://m.media-amazon.com/images/I/31kqZr8DJzL._SL500_.jpg" alt="Product Image"></a><p>OPENDGO Feather Ballpoint Pen ，Black Ink Vintage Feather Quill Refined Plated Rod Quill Ballpoint Pen For School Writing ▏Wedding Gift Signature Pen (Black)</p><p>$6.97</p><a href="https://www.amazon.com/dp/B0779F2TXJ?tag=eloabder-20&linkCode=osi&th=1&psc=1">View Product</a></div><div class="product"><a href="https://www.amazon.com/dp/B0CQF3BJ3S?tag=eloabder-20&linkCode=osi&th=1&psc=1"><img src="https://m.media-amazon.com/images/I/41gs6AOiP6L._SL500_.jpg" alt="Product Image"></a><p>3 in 1 Retractable Ballpoint Pen with Light and Stylus, Nice Pens for Journaling Writing in The Dark - White/Red Light Tip- 0.7mm Black Ink</p><p>$12.99</p><a href="https://www.amazon.com/dp/B0CQF3BJ3S?tag=eloabder-20&linkCode=osi&th=1&psc=1">View Product</a></div><div class="product"><a href="https://www.amazon.com/dp/B08BBZ3B8G?tag=eloabder-20&linkCode=osi&th=1&psc=1"><img src="https://m.media-amazon.com/images/I/41cMHyw60wL._SL500_.jpg" alt="Product Image"></a><p>Mr. Pen- Pens, Black Pens, 12 Pack, Fast Dry, No Smear Pens, Bible Pens, Pens for Journaling, Pens No Bleed Through, Pens Fine Point, Journal Pens, Fine Tip, Planner Pens, Ball Point Journal Pens</p><p>$9.99</p><a href="https://www.amazon.com/dp/B08BBZ3B8G?tag=eloabder-20&linkCode=osi&th=1&psc=1">View Product</a></div><div class="product"><a href="https://www.amazon.com/dp/B0D4YWWGX6?tag=eloabder-20&linkCode=osi&th=1&psc=1"><img src="https://m.media-amazon.com/images/I/31xHBCCzJqL._SL500_.jpg" alt="Product Image"></a><p>PATIKIL 21cm/8" Feather Ballpoint Pen, 1Pcs Ink Vintage Quill Pen Refined Plated Dip Pen for Calligraphy Writing Signature Wedding Gift, Yellow</p><p>$7.49</p><a href="https://www.amazon.com/dp/B0D4YWWGX6?tag=eloabder-20&linkCode=osi&th=1&psc=1">View Product</a></div>

<div class="product"><a href="https://www.amazon.com/dp/B001TLDEVQ?tag=eloabder-20&linkCode=osi&th=1&psc=1"><img src="https://m.media-amazon.com/images/I/41jYF39F6lL._SL500_.jpg" alt="Product Image"></a><p>Beadalon SuppleMax Illusion Beading Cord, 0.40 mm / 0.016 in, Clear Monofilament, 50 m / 164 ft</p><p>$4.74</p><a href="https://www.amazon.com/dp/B001TLDEVQ?tag=eloabder-20&linkCode=osi&th=1&psc=1">View Product</a></div><div class="product"><a href="https://www.amazon.com/dp/B0D2HVFZ7Q?tag=eloabder-20&linkCode=osi&th=1&psc=1"><img src="https://m.media-amazon.com/images/I/41R66LMYz7L._SL500_.jpg" alt="Product Image"></a><p>Zxiixz 116Yards 0.5mm Bracelet String, Waxed String Cord for Bracelet Making, Beading Thread for Bracelet Beads, Friendship Bracelet String for Bracelet Making, Waxed Polyester Cord for Jewelry Making</p><p>$6.99</p><a href="https://www.amazon.com/dp/B0D2HVFZ7Q?tag=eloabder-20&linkCode=osi&th=1&psc=1">View Product</a></div><div class="product"><a href="https://www.amazon.com/dp/B07BNF8KH5?tag=eloabder-20&linkCode=osi&th=1&psc=1"><img src="https://m.media-amazon.com/images/I/51jVByheyVL._SL500_.jpg" alt="Product Image"></a><p>PH PandaHall 100 Yards 1mm Waxed Cotton Cord Thread Beading String for Bracelet Necklace Making Crafting Beading Macrame Vase Decor, Burlywood</p><p>$7.19 ($0.02 / Foot)</p><a href="https://www.amazon.com/dp/B07BNF8KH5?tag=eloabder-20&linkCode=osi&th=1&psc=1">View Product</a></div><div class="product"><a href="https://www.amazon.com/dp/B07HBPGXJG?tag=eloabder-20&linkCode=osi&th=1&psc=1"><img src="https://m.media-amazon.com/images/I/41xi8gO6kDL._SL500_.jpg" alt="Product Image"></a><p>Paxcoo 0.8mm Elastic String, Stretchy Bracelet String Crystal String Bead Cord for Bracelet, Beading and Jewelry Making (120m)</p><p>$6.99 ($0.02 / Foot)</p><a href="https://www.amazon.com/dp/B07HBPGXJG?tag=eloabder-20&linkCode=osi&th=1&psc=1">View Product</a></div><div class="product"><a href="https://www.amazon.com/dp/B0CNPST7D9?tag=eloabder-20&linkCode=osi&th=1&psc=1"><img src="https://m.media-amazon.com/images/I/41A9VISFC4L._SL500_.jpg" alt="Product Image"></a><p>Kblick Black Nylon String Cord - 1MM 100 Yards Black Twine, Bracelet String for Bracelet Making, Braided Ornament Lanyard Sting, Jewelry Thread Clay Bead String for Crafts, Macrame Satin Cord</p><p>$5.99 ($0.02 / Foot)</p><a href="https://www.amazon.com/dp/B0CNPST7D9?tag=eloabder-20&linkCode=osi&th=1&psc=1">View Product</a></div><div class="product"><a href="https://www.amazon.com/dp/B08GC3JF9X?tag=eloabder-20&linkCode=osi&th=1&psc=1"><img src="https://m.media-amazon.com/images/I/41FQZYhvQpL._SL500_.jpg" alt="Product Image"></a><p>Cheriswelry 100M 0.8mm Nylon Beading Cord Black Chinese Knotting Rattail Macrame Thread String Roll for Jewelry Making Kumihimo Wrapping Supplies DIY Crafts</p><p>$6.99 ($0.02 / Fl Oz)</p><a href="https://www.amazon.com/dp/B08GC3JF9X?tag=eloabder-20&linkCode=osi&th=1&psc=1">View Product</a></div><div class="product"><a href="https://www.amazon.com/dp/B0B3V9RWQC?tag=eloabder-20&linkCode=osi&th=1&psc=1"><img src="https://m.media-amazon.com/images/I/41F-OP+yCxL._SL500_.jpg" alt="Product Image"></a><p>Griffin Silk Bead Cord Perlseide – Black Color – Size 3 (0.50mm) – 2 Meters per Card – Stainless Steel Needle Attached – for Knotting Pearls, Gemstones, Crystals and Beads</p><p>$4.99 ($0.76 / Foot)</p><a href="https://www.amazon.com/dp/B0B3V9RWQC?tag=eloabder-20&linkCode=osi&th=1&psc=1">View Product</a></div><div class="product"><a href="https://www.amazon.com/dp/B08F49YVQP?tag=eloabder-20&linkCode=osi&th=1&psc=1"><img src="https://m.media-amazon.com/images/I/41yCMIpj0rS._SL500_.jpg" alt="Product Image"></a><p>1mm Stretchy Bracelet String, Sturdy Rainbow Elastic String Elastic Cord for Jewelry Making, Necklaces, Beading and Crafts</p><p>$6.99 ($0.04 / Foot)</p><a href="https://www.amazon.com/dp/B08F49YVQP?tag=eloabder-20&linkCode=osi&th=1&psc=1">View Product</a></div>

<div class="product"><a href="https://www.amazon.com/dp/B001GMUBJ6?tag=eloabder-20&linkCode=osi&th=1&psc=1"><img src="https://m.media-amazon.com/images/I/41V5qzn3H5L._SL500_.jpg" alt="Product Image"></a><p>The Beadsmith Fireline by Berkley – Micro-Fused Braided Thread – 6lb. Test, 006”/.15mm Diameter, 50 Yard Spool, Crystal Color – Super Strong Stringing Material for Jewelry Making and Bead Weaving</p><p>$12.59</p><a href="https://www.amazon.com/dp/B001GMUBJ6?tag=eloabder-20&linkCode=osi&th=1&psc=1">View Product</a></div><div class="product"><a href="https://www.amazon.com/dp/B001UAKK0Y?tag=eloabder-20&linkCode=osi&th=1&psc=1"><img src="https://m.media-amazon.com/images/I/41rY1D0wfuL._SL500_.jpg" alt="Product Image"></a><p>Beadalon Wildfire, 0.006 in, 0.15 mm, Break Strength 10 lb / 4.5 kg, Frost, 50 yd / 45 m</p><p>$8.85 ($0.06 / Foot)</p><a href="https://www.amazon.com/dp/B001UAKK0Y?tag=eloabder-20&linkCode=osi&th=1&psc=1">View Product</a></div><div class="product"><a href="https://www.amazon.com/dp/B095WY58F4?tag=eloabder-20&linkCode=osi&th=1&psc=1"><img src="https://m.media-amazon.com/images/I/41mXRfJqcjL._SL500_.jpg" alt="Product Image"></a><p>PH PandaHall 0.1mm Nylon Seed Bead Thread 100 Yards Black White Bracelet Cord Beading Thread Invisible Sewing Thread Nylon Braided Thread String for Leather Stitching Beading Jewelry Bracelets Making</p><p>$9.99 ($0.03 / Foot)</p><a href="https://www.amazon.com/dp/B095WY58F4?tag=eloabder-20&linkCode=osi&th=1&psc=1">View Product</a></div><div class="product"><a href="https://www.amazon.com/dp/B08RN2R2SZ?tag=eloabder-20&linkCode=osi&th=1&psc=1"><img src="https://m.media-amazon.com/images/I/41Tg2MMC++L._SL500_.jpg" alt="Product Image"></a><p>KO Nylon Beading Thread, White Color, Japanese Pre-Waxed 100% Nylon, 330TEX, Tangle Resistant Knotting Cords, 50m /55 yds Spool, Use for Seed Bead Projects, Loom Work & Bead Weaving</p><p>$7.06 ($0.04 / Foot)</p><a href="https://www.amazon.com/dp/B08RN2R2SZ?tag=eloabder-20&linkCode=osi&th=1&psc=1">View Product</a></div><div class="product"><a href="https://www.amazon.com/dp/B09J89ST79?tag=eloabder-20&linkCode=osi&th=1&psc=1"><img src="https://m.media-amazon.com/images/I/41hLuuOZeXL._SL500_.jpg" alt="Product Image"></a><p>2 Roll Polyester Thread, Heavy Duty Thread, 1500Yard/Reel 210D/3 nylon thread for sewing, Sewing Thread for Upholstery, Outdoor Market, Drapery, Leather, Beading, Crafts</p><p>$7.99 ($0.00 / Foot)</p><a href="https://www.amazon.com/dp/B09J89ST79?tag=eloabder-20&linkCode=osi&th=1&psc=1">View Product</a></div><div class="product"><a href="https://www.amazon.com/dp/B0C6MSY7QQ?tag=eloabder-20&linkCode=osi&th=1&psc=1"><img src="https://m.media-amazon.com/images/I/31Bn-MyA62L._SL500_.jpg" alt="Product Image"></a><p>PH PandaHall 0.1mm Nylon String 100 Yards Beading Thread White Nylon Seed Bead Thread Bracelet Beading Thread Sewing String for Leather Stitching Beading Jewelry Bracelets Making</p><p>$7.99 ($0.03 / Foot)</p><a href="https://www.amazon.com/dp/B0C6MSY7QQ?tag=eloabder-20&linkCode=osi&th=1&psc=1">View Product</a></div>

<div class="product"><a href="https://www.amazon.com/dp/B07NMNDT1W?tag=eloabder-20&linkCode=osi&th=1&psc=1"><img src="https://m.media-amazon.com/images/I/41-zwQIcVcL._SL500_.jpg" alt="Product Image"></a><p>Howemon White Beeswax Pellets 2LB 100% Pure and Natural Triple Filtered for Skin, Face, Body and Hair Care DIY Creams, Lotions, Lip Balm and Soap Making Supplies</p><p>$13.99 ($0.44 / Fl Oz)</p><a href="https://www.amazon.com/dp/B07NMNDT1W?tag=eloabder-20&linkCode=osi&th=1&psc=1">View Product</a></div><div class="product"><a href="https://www.amazon.com/dp/B00B3U0FW4?tag=eloabder-20&linkCode=osi&th=1&psc=1"><img src="https://m.media-amazon.com/images/I/51rWFCST+TL._SL500_.jpg" alt="Product Image"></a><p>Beesworks Yellow Beeswax Pellets (1 lb) | 100% Pure, Cosmetic Grade, Triple-Filtered Beeswax for DIY Skin care, Lip Balm, Lotion, and Candle Making</p><p>$13.99 ($0.87 / Ounce)</p><a href="https://www.amazon.com/dp/B00B3U0FW4?tag=eloabder-20&linkCode=osi&th=1&psc=1">View Product</a></div><div class="product"><a href="https://www.amazon.com/dp/B01LWX2IO1?tag=eloabder-20&linkCode=osi&th=1&psc=1"><img src="https://m.media-amazon.com/images/I/41MlNqhDyCL._SL500_.jpg" alt="Product Image"></a><p>Beesworks Yellow Beeswax Bars (6 oz) | 100% Pure, Cosmetic Grade, Triple-Filtered Beeswax for DIY Skin Care, Lip Balm, Lotion and Candle Making (1 oz Bars - Pack of 6)</p><p>$6.99</p><a href="https://www.amazon.com/dp/B01LWX2IO1?tag=eloabder-20&linkCode=osi&th=1&psc=1">View Product</a></div><div class="product"><a href="https://www.amazon.com/dp/B0BV77F19N?tag=eloabder-20&linkCode=osi&th=1&psc=1"><img src="https://m.media-amazon.com/images/I/41xzHaO1-EL._SL500_.jpg" alt="Product Image"></a><p>Beeswax Pellets 10LB Cosmetic Beeswax Triple Filtered Beeswax Pastilles for Candle Making Great for DIY Projects Creams Lotions Lip Balm and Soap Making Supplies(10LB)</p><p>$32.99</p><a href="https://www.amazon.com/dp/B0BV77F19N?tag=eloabder-20&linkCode=osi&th=1&psc=1">View Product</a></div><div class="product"><a href="https://www.amazon.com/dp/B0C9QSG3CY?tag=eloabder-20&linkCode=osi&th=1&psc=1"><img src="https://m.media-amazon.com/images/I/414XQcU6SRL._SL500_.jpg" alt="Product Image"></a><p>YASNAY White Beeswax Pellets 2LB, 100% Organic Beeswax, Beeswax for Candle Making, Body, Skin Care DIY, Lip Balm and Soap Making Supplies</p><p>$11.99</p><a href="https://www.amazon.com/dp/B0C9QSG3CY?tag=eloabder-20&linkCode=osi&th=1&psc=1">View Product</a></div><div class="product"><a href="https://www.amazon.com/dp/B097HTC4WN?tag=eloabder-20&linkCode=osi&th=1&psc=1"><img src="https://m.media-amazon.com/images/I/51pwMM7C6-L._SL500_.jpg" alt="Product Image"></a><p>Eco Lux 8 Yellow Beeswax Blocks 100% Pure Natural Organic Bees Wax 6.5oz</p><p>$8.49 ($1.35 / Ounce)</p><a href="https://www.amazon.com/dp/B097HTC4WN?tag=eloabder-20&linkCode=osi&th=1&psc=1">View Product</a></div><div class="product"><a href="https://www.amazon.com/dp/B00HDHQQCE?tag=eloabder-20&linkCode=osi&th=1&psc=1"><img src="https://m.media-amazon.com/images/I/41vF-7MwNhL._SL500_.jpg" alt="Product Image"></a><p>Murray's 100% Pure Beeswax 4 oz</p><p>$5.98 ($1.50 / Ounce)</p><a href="https://www.amazon.com/dp/B00HDHQQCE?tag=eloabder-20&linkCode=osi&th=1&psc=1">View Product</a></div><div class="product"><a href="https://www.amazon.com/dp/B09YM8JTLM?tag=eloabder-20&linkCode=osi&th=1&psc=1"><img src="https://m.media-amazon.com/images/I/41cjNuBnFEL._SL500_.jpg" alt="Product Image"></a><p>TRINIDa Beeswax Pellets 2LB(32 oz), 100% Organic Yellow Bees Wax for DIY Candles, Beeswax for Candle Making, Skin, Body, Face, and Hair Care, Lotions, DIY Creams, Lip Balm and Soap Making Supplies</p><p>$11.99</p><a href="https://www.amazon.com/dp/B09YM8JTLM?tag=eloabder-20&linkCode=osi&th=1&psc=1">View Product</a></div><div class="product"><a href="https://www.amazon.com/dp/B00F3CNMV4?tag=eloabder-20&linkCode=osi&th=1&psc=1"><img src="https://m.media-amazon.com/images/I/31pjrRAEa4L._SL500_.jpg" alt="Product Image"></a><p>Stakich Yellow Beeswax Block - Natural, Triple Filtered - 1 Pound, Honey Scent</p><p>$13.95 ($0.87 / Ounce)</p><a href="https://www.amazon.com/dp/B00F3CNMV4?tag=eloabder-20&linkCode=osi&th=1&psc=1">View Product</a></div><div class="product"><a href="https://www.amazon.com/dp/B0BXFZBZS9?tag=eloabder-20&linkCode=osi&th=1&psc=1"><img src="https://m.media-amazon.com/images/I/4178i9IB9KL._SL500_.jpg" alt="Product Image"></a><p>5LB Beeswax Pellets Beeswax for Candle Making Organic Beeswax Pellets for Skin Beeswax Beads Beeswax Bulk Beeswax for Lotion Making Organic for DIY and Craft Project</p><p>$22.99</p><a href="https://www.amazon.com/dp/B0BXFZBZS9?tag=eloabder-20&linkCode=osi&th=1&psc=1">View Product</a></div>
<div class="product"><a href="https://www.amazon.com/dp/B0052F1BVK?tag=eloabder-20&linkCode=osi&th=1&psc=1"><img src="https://m.media-amazon.com/images/I/41zE9eiGoLL._SL500_.jpg" alt="Product Image"></a><p>ACC Staples Large Binder Clips, 2" Width, 1" Capacity, Black, 12/Pk</p><p>$6.30</p><a href="https://www.amazon.com/dp/B0052F1BVK?tag=eloabder-20&linkCode=osi&th=1&psc=1">View Product</a></div><div class="product"><a href="https://www.amazon.com/dp/B07MLFR771?tag=eloabder-20&linkCode=osi&th=1&psc=1"><img src="https://m.media-amazon.com/images/I/51N2wxA7N0L._SL500_.jpg" alt="Product Image"></a><p>CooBigo 50 Pack Binder Ring, Metal Book Ring Paper Ring Holder 5/8-Inch Loose Leaf Binder Ring Clip for Index Card, Flash Card Ring, Card Calendar, Keychain Key Ring - Bronze</p><p>$6.99</p><a href="https://www.amazon.com/dp/B07MLFR771?tag=eloabder-20&linkCode=osi&th=1&psc=1">View Product</a></div><div class="product"><a href="https://www.amazon.com/dp/B01563NHGY?tag=eloabder-20&linkCode=osi&th=1&psc=1"><img src="https://m.media-amazon.com/images/I/41gj+0ZftqL._SL500_.jpg" alt="Product Image"></a><p>vanki Pack of 40 Cute Lovely Smiling Face Spring-Loaded File Organizer Paper Holder Metal Binder Clips, Assorted Color</p><p>$8.99</p><a href="https://www.amazon.com/dp/B01563NHGY?tag=eloabder-20&linkCode=osi&th=1&psc=1">View Product</a></div><div class="product"><a href="https://www.amazon.com/dp/B000GOUDSO?tag=eloabder-20&linkCode=osi&th=1&psc=1"><img src="https://m.media-amazon.com/images/I/41ZANISHgML._SL500_.jpg" alt="Product Image"></a><p>Small Binder Clips .75" 8/Pkg-Assorted Colors</p><p>$4.46</p><a href="https://www.amazon.com/dp/B000GOUDSO?tag=eloabder-20&linkCode=osi&th=1&psc=1">View Product</a></div>
<div class="product"><a href="https://www.amazon.com/dp/B07PRPX4VR?tag=eloabder-20&linkCode=osi&th=1&psc=1"><img src="https://m.media-amazon.com/images/I/41IMH12fdPL._SL500_.jpg" alt="Product Image"></a><p>Durable Sheet Lifters, Durable Easy Flow, 11" x 3", Lifts Sheets Over Rings and Protects Sheets from Tearing, Fit Standard 3-Ring Binders, Black (20 Pack)</p><p>$14.99</p><a href="https://www.amazon.com/dp/B07PRPX4VR?tag=eloabder-20&linkCode=osi&th=1&psc=1">View Product</a></div><div class="product"><a href="https://www.amazon.com/dp/B0CM8QJHFW?tag=eloabder-20&linkCode=osi&th=1&psc=1"><img src="https://m.media-amazon.com/images/I/31cJGS74oCL._SL500_.jpg" alt="Product Image"></a><p>Wantane D-Shaped Tape Storage Ring Tape Storage Ring 4" D-Shaped Washi Tape Storage Ring for DIY Decoration and Storage（Nickel）-2PCS</p><p>$7.99</p><a href="https://www.amazon.com/dp/B0CM8QJHFW?tag=eloabder-20&linkCode=osi&th=1&psc=1">View Product</a></div>
<div class="product"><a href="https://www.amazon.com/dp/B00006IAS3?tag=eloabder-20&linkCode=osi&th=1&psc=1"><img src="https://m.media-amazon.com/images/I/317DvSXhT1L._SL500_.jpg" alt="Product Image"></a><p>GBC Binding System, Manual, Desktop Binding Punch, 6 Sheet Punch Capacity, ProClick P50 (2515650)</p><p>$123.89</p><a href="https://www.amazon.com/dp/B00006IAS3?tag=eloabder-20&linkCode=osi&th=1&psc=1">View Product</a></div><div class="product"><a href="https://www.amazon.com/dp/B004BP81KQ?tag=eloabder-20&linkCode=osi&th=1&psc=1"><img src="https://m.media-amazon.com/images/I/51SqfeZ12KL._SL500_.jpg" alt="Product Image"></a><p>We R Memory Keepers Cinch Book Binding Wire (1-Inch, Silver (2 Pack))</p><p>$5.99</p><a href="https://www.amazon.com/dp/B004BP81KQ?tag=eloabder-20&linkCode=osi&th=1&psc=1">View Product</a></div>

<div class="product"><a href="https://www.amazon.com/dp/B0007ZJ8TM?tag=eloabder-20&linkCode=osi&th=1&psc=1"><img src="https://m.media-amazon.com/images/I/41i49sz3UAL._SL500_.jpg" alt="Product Image"></a><p>Speedball Super Black India Ink, 2-Ounce</p><p>$9.99 ($9.99 / Count)</p><a href="https://www.amazon.com/dp/B0007ZJ8TM?tag=eloabder-20&linkCode=osi&th=1&psc=1">View Product</a></div><div class="product"><a href="https://www.amazon.com/dp/B0026I10AI?tag=eloabder-20&linkCode=osi&th=1&psc=1"><img src="https://m.media-amazon.com/images/I/31vklP4uBsL._SL500_.jpg" alt="Product Image"></a><p>Dr. Ph. Martin's Bombay India (7BY) Ink Bottle, 1.0 oz, Black</p><p>$6.99</p><a href="https://www.amazon.com/dp/B0026I10AI?tag=eloabder-20&linkCode=osi&th=1&psc=1">View Product</a></div><div class="product"><a href="https://www.amazon.com/dp/B000KNP96C?tag=eloabder-20&linkCode=osi&th=1&psc=1"><img src="https://m.media-amazon.com/images/I/51e9srYtG0L._SL500_.jpg" alt="Product Image"></a><p>Winsor & Newton Drawing Ink, 14ml Bottle, Black Indian</p><p>$10.99</p><a href="https://www.amazon.com/dp/B000KNP96C?tag=eloabder-20&linkCode=osi&th=1&psc=1">View Product</a></div><div class="product"><a href="https://www.amazon.com/dp/B07BQG5QF4?tag=eloabder-20&linkCode=osi&th=1&psc=1"><img src="https://m.media-amazon.com/images/I/41nEMDYZaiL._SL500_.jpg" alt="Product Image"></a><p>Speedball Super Black India Ink, 16-Ounce</p><p>$19.99</p><a href="https://www.amazon.com/dp/B07BQG5QF4?tag=eloabder-20&linkCode=osi&th=1&psc=1">View Product</a></div><div class="product"><a href="https://www.amazon.com/dp/B001038NLY?tag=eloabder-20&linkCode=osi&th=1&psc=1"><img src="https://m.media-amazon.com/images/I/418i4sxJJ0L._SL500_.jpg" alt="Product Image"></a><p>Speedball Fabric Screen Printing Ink, 8-Ounce, Black for T-Shirt and Silkscreen Printmaking</p><p>$12.99 ($1.62 / Fl Oz)</p><a href="https://www.amazon.com/dp/B001038NLY?tag=eloabder-20&linkCode=osi&th=1&psc=1">View Product</a></div><div class="product"><a href="https://www.amazon.com/dp/B00161OPSA?tag=eloabder-20&linkCode=osi&th=1&psc=1"><img src="https://m.media-amazon.com/images/I/41C32y3CJAL._SL500_.jpg" alt="Product Image"></a><p>Tsukineko VersaFine inkpad, Full-Size, Onyx Black</p><p>$4.99 ($4.99 / Count)</p><a href="https://www.amazon.com/dp/B00161OPSA?tag=eloabder-20&linkCode=osi&th=1&psc=1">View Product</a></div>
<div class="product"><a href="https://www.amazon.com/dp/B07Q4TJCDJ?tag=eloabder-20&linkCode=osi&th=1&psc=1"><img src="https://m.media-amazon.com/images/I/315HYvYg-BL._SL500_.jpg" alt="Product Image"></a><p>Primbeeks 300pcs Blank Business Cards, Premium Blank White Cards, 3.5" x 2.2" Small Blank Cards, Blank Cardstock Cards, Small Note Cards, white blank cards, white business cards, kraft paper cards</p><p>$7.99</p><a href="https://www.amazon.com/dp/B07Q4TJCDJ?tag=eloabder-20&linkCode=osi&th=1&psc=1">View Product</a></div><div class="product"><a href="https://www.amazon.com/dp/B0CRGHFLT8?tag=eloabder-20&linkCode=osi&th=1&psc=1"><img src="https://m.media-amazon.com/images/I/41S1NLpb8hL._SL500_.jpg" alt="Product Image"></a><p>Watercolor Cards and Envelopes Set - 50 Folded 5x7 Inch Blank Heavyweight Paper Cards (140lb/300gsm) with Matching Envelopes for DIY Greeting Cards, Festivals, and Events</p><p>$17.99 ($0.36 / Count)</p><a href="https://www.amazon.com/dp/B0CRGHFLT8?tag=eloabder-20&linkCode=osi&th=1&psc=1">View Product</a></div><div class="product"><a href="https://www.amazon.com/dp/B08MX4TZ3H?tag=eloabder-20&linkCode=osi&th=1&psc=1"><img src="https://m.media-amazon.com/images/I/41D2u4vdLQL._SL500_.jpg" alt="Product Image"></a><p>50 Pack Blank Kraft Cards Cardstock Thick Paper Brown Greeting Cards for DIY Gift Card Menus, Baby Shower and Wedding Invitations (Multicolored, 5x7IN)</p><p>$8.99</p><a href="https://www.amazon.com/dp/B08MX4TZ3H?tag=eloabder-20&linkCode=osi&th=1&psc=1">View Product</a></div><div class="product"><a href="https://www.amazon.com/dp/B08BDGGVMK?tag=eloabder-20&linkCode=osi&th=1&psc=1"><img src="https://m.media-amazon.com/images/I/41W-dTUoBqL._SL500_.jpg" alt="Product Image"></a><p>100pcs 3.54"x2" Blank Kraft Paper Business Card, Words Message Notes paper Tags, Mini Craft Cardboard Festival gifts - 6 colors</p><p>$5.98</p><a href="https://www.amazon.com/dp/B08BDGGVMK?tag=eloabder-20&linkCode=osi&th=1&psc=1">View Product</a></div><div class="product"><a href="https://www.amazon.com/dp/B08BFDJJ78?tag=eloabder-20&linkCode=osi&th=1&psc=1"><img src="https://m.media-amazon.com/images/I/61LZ1Csb+dL._SL500_.jpg" alt="Product Image"></a><p>Nettbe 100pcs 3.54"x2" Blank Kraft Paper Business Card, Words Message Notes paper Tags, Mini Craft Cardboard Festival gifts</p><p>$5.99</p><a href="https://www.amazon.com/dp/B08BFDJJ78?tag=eloabder-20&linkCode=osi&th=1&psc=1">View Product</a></div><div class="product"><a href="https://www.amazon.com/dp/B07Q8YBJM3?tag=eloabder-20&linkCode=osi&th=1&psc=1"><img src="https://m.media-amazon.com/images/I/31w6U4cCqEL._SL500_.jpg" alt="Product Image"></a><p>Primbeeks 228pcs Blank Business Cards, Premium Blank White Cards, 3.5" x 2.2" Small Blank Cards, Blank Cardstock Cards, Small Note Cards, white blank cards, white business cards, kraft paper cards</p><p>$5.99</p><a href="https://www.amazon.com/dp/B07Q8YBJM3?tag=eloabder-20&linkCode=osi&th=1&psc=1">View Product</a></div><div class="product"><a href="https://www.amazon.com/dp/B08X4Z9TGN?tag=eloabder-20&linkCode=osi&th=1&psc=1"><img src="https://m.media-amazon.com/images/I/41Jqhe35tDL._SL500_.jpg" alt="Product Image"></a><p>321Done Blank Rustic Cards, Made in USA - 4x6 Thick, Heavy Cardstock - Make Invites, Greeting, Note, Thank You Cards - Plain Kraft for Writing, Stamping, Printing, Art - No Envelopes - Set of 50</p><p>$14.99</p><a href="https://www.amazon.com/dp/B08X4Z9TGN?tag=eloabder-20&linkCode=osi&th=1&psc=1">View Product</a></div><div class="product"><a href="https://www.amazon.com/dp/B0D2KDWBNM?tag=eloabder-20&linkCode=osi&th=1&psc=1"><img src="https://m.media-amazon.com/images/I/31dAhnBJ7aL._SL500_.jpg" alt="Product Image"></a><p>4x6 Blank White Cardstock (Set of 100) - Card Stock for Printer Postcards, Photo Paper Invitations, Greeting, Note, Thank You, DIY Making, Index Cards - Plain for Writing, Stamping, Printing, Art</p><p>$8.99</p><a href="https://www.amazon.com/dp/B0D2KDWBNM?tag=eloabder-20&linkCode=osi&th=1&psc=1">View Product</a></div><div class="product"><a href="https://www.amazon.com/dp/B0BB858RYN?tag=eloabder-20&linkCode=osi&th=1&psc=1"><img src="https://m.media-amazon.com/images/I/317zmriPKNL._SL500_.jpg" alt="Product Image"></a><p>WANDERINGS Handmade White Deckle Edge Blank Greeting Cards- Folded to 5x7” - Pack of 25 - Writers, Artists, Crafters - Thank Yous, Invitations, Menus, Greeting Cards, Notes - Thick 150 GSM</p><p>$21.99 ($0.88 / Count)</p><a href="https://www.amazon.com/dp/B0BB858RYN?tag=eloabder-20&linkCode=osi&th=1&psc=1">View Product</a></div><div class="product"><a href="https://www.amazon.com/dp/B0BZPPXRZW?tag=eloabder-20&linkCode=osi&th=1&psc=1"><img src="https://m.media-amazon.com/images/I/21Da-WQhrpL._SL500_.jpg" alt="Product Image"></a><p>100 Pack Thick Paper Cardstock Blank Heavy Cards Stock for Invitations, Greeting Cards Making, Postcards, Photos, 250GSM Thick Paper (White, 2x3.5 inches)</p><p>$5.99</p><a href="https://www.amazon.com/dp/B0BZPPXRZW?tag=eloabder-20&linkCode=osi&th=1&psc=1">View Product</a></div>
<div class="product"><a href="https://www.amazon.com/dp/B0BZRDQKH6?tag=eloabder-20&linkCode=osi&th=1&psc=1"><img src="https://m.media-amazon.com/images/I/41GYYRiusgL._SL500_.jpg" alt="Product Image"></a><p>feela 8 Pack Unlined Kraft Paper Notebooks, Blank Journal Note Pad for Drawing Writing, Small Sketchbook Travel Journal Bulk for Women Kids Students Office School Supplies, A5, 60 Pages, 8.3” X 5.5”</p><p>$9.99</p><a href="https://www.amazon.com/dp/B0BZRDQKH6?tag=eloabder-20&linkCode=osi&th=1&psc=1">View Product</a></div><div class="product"><a href="https://www.amazon.com/dp/B0BXLB74KK?tag=eloabder-20&linkCode=osi&th=1&psc=1"><img src="https://m.media-amazon.com/images/I/313vYzg7HpL._SL500_.jpg" alt="Product Image"></a><p>ZZTX 4 Pack Blank Kraft Notebooks, Blank Paper Sketchbooks for Drawing Doodling Writing,Travel Journal Set, A5, 36 Pages, 8.3” X 5.5”</p><p>$5.99</p><a href="https://www.amazon.com/dp/B0BXLB74KK?tag=eloabder-20&linkCode=osi&th=1&psc=1">View Product</a></div><div class="product"><a href="https://www.amazon.com/dp/B0BW5TNPXJ?tag=eloabder-20&linkCode=osi&th=1&psc=1"><img src="https://m.media-amazon.com/images/I/31Wu8UP78iL._SL500_.jpg" alt="Product Image"></a><p>EOOUT Kraft Notebooks, Blank Page Journals in Bulk, 16pcs A5, 8.3 X 5.5 Inches, 60 Pages, 80gsm, Travel Journal Set, for Art Camp, Travelers, Students and Office Supplies Sketchbooks Bulk for Kids</p><p>$15.99</p><a href="https://www.amazon.com/dp/B0BW5TNPXJ?tag=eloabder-20&linkCode=osi&th=1&psc=1">View Product</a></div><div class="product"><a href="https://www.amazon.com/dp/B08P3F46SD?tag=eloabder-20&linkCode=osi&th=1&psc=1"><img src="https://m.media-amazon.com/images/I/41jeBDcZJ1L._SL500_.jpg" alt="Product Image"></a><p>Krafty Soft Cover Blank Notebook Journal, Spiral Sketchbook Pad, Drawing Book, 60 Sheets/140gsm (A4)/120 Pages</p><p>$7.99</p><a href="https://www.amazon.com/dp/B08P3F46SD?tag=eloabder-20&linkCode=osi&th=1&psc=1">View Product</a></div><div class="product"><a href="https://www.amazon.com/dp/B0CWNPMC4T?tag=eloabder-20&linkCode=osi&th=1&psc=1"><img src="https://m.media-amazon.com/images/I/31BZeVGe6TL._SL500_.jpg" alt="Product Image"></a><p>zmybcpack 5 Pack Blank Journal Notebooks, Blank Paper Sketchbook for Drawing Writing, Travel Journal Notebook Kraft Paper Notebook for Travelers, Students, Office, A5, 8.26” x 5.5”, 60 Pages/30 Sheets</p><p>$8.99</p><a href="https://www.amazon.com/dp/B0CWNPMC4T?tag=eloabder-20&linkCode=osi&th=1&psc=1">View Product</a></div><div class="product"><a href="https://www.amazon.com/dp/B07WHYP9WN?tag=eloabder-20&linkCode=osi&th=1&psc=1"><img src="https://m.media-amazon.com/images/I/41ZhyCux1yL._SL500_.jpg" alt="Product Image"></a><p>Thick Blank Journal Notebook with Unlined / Unruled / Plain Pages | Deluxe 120gsm Ink Resistant Paper for Writing, Sketch Book, 160 Pages | Hardcover Sketchbook with Pen Holder, Pocket, Ribbon (Black)</p><p>$14.99</p><a href="https://www.amazon.com/dp/B07WHYP9WN?tag=eloabder-20&linkCode=osi&th=1&psc=1">View Product</a></div>
<div class="product"><a href="https://www.amazon.com/dp/B07MT7HKZW?tag=eloabder-20&linkCode=osi&th=1&psc=1"><img src="https://m.media-amazon.com/images/I/413JwH5JREL._SL500_.jpg" alt="Product Image"></a><p>Spiral Sketch Book Large Notebook（Built-in Drawing Board） Kraft Cover Blank Sketch Pad Wirebound Sketching for Drawing Painting 8.5x11-Inch (2 Pack) 200 Sheets, 100 Sheets, 200Pages Each</p><p>$17.99 ($9.00 / Count)</p><a href="https://www.amazon.com/dp/B07MT7HKZW?tag=eloabder-20&linkCode=osi&th=1&psc=1">View Product</a></div><div class="product"><a href="https://www.amazon.com/dp/B0BDQ82WB9?tag=eloabder-20&linkCode=osi&th=1&psc=1"><img src="https://m.media-amazon.com/images/I/51FoWr3GPwL._SL500_.jpg" alt="Product Image"></a><p>feela 170 Pack Blank Kraft Notebooks, Unlined Sketchbook Mini Cute Note Pad for Drawing Writing, Journal Bulk For Kids Students Office School Supplies, A6, 48 Pages, 4.25” X 5.5”, Black and Brown</p><p>$51.99</p><a href="https://www.amazon.com/dp/B0BDQ82WB9?tag=eloabder-20&linkCode=osi&th=1&psc=1">View Product</a></div><div class="product"><a href="https://www.amazon.com/dp/B0B3WWHWT2?tag=eloabder-20&linkCode=osi&th=1&psc=1"><img src="https://m.media-amazon.com/images/I/31m0FzXtPxL._SL500_.jpg" alt="Product Image"></a><p>Tamaki 6 Pack Colorful Blank Books for kids to Write, Drawing, Cute Sketchbook for Kid, 6 Colors (4.25 x 5.5 Inches)</p><p>$6.99</p><a href="https://www.amazon.com/dp/B0B3WWHWT2?tag=eloabder-20&linkCode=osi&th=1&psc=1">View Product</a></div>
<div class="product"><a href="https://www.amazon.com/dp/B0BGH2P9M6?tag=eloabder-20&linkCode=osi&th=1&psc=1"><img src="https://m.media-amazon.com/images/I/41ozOaYoHEL._SL500_.jpg" alt="Product Image"></a><p>EOOUT 100pcs A5 Kraft Notebooks, Blank Page Journals in Bulk, Sketchbooks Bulk for Kids, 60 Pages, 80GSM, 8.3 X 5.5 Inch, Travel Journal Set, for Art Camp, Travelers, Students and Office Supplies</p><p>$51.99</p><a href="https://www.amazon.com/dp/B0BGH2P9M6?tag=eloabder-20&linkCode=osi&th=1&psc=1">View Product</a></div><div class="product"><a href="https://www.amazon.com/dp/B07MT99F94?tag=eloabder-20&linkCode=osi&th=1&psc=1"><img src="https://m.media-amazon.com/images/I/41Ug7gpSWDL._SL500_.jpg" alt="Product Image"></a><p>Spiral Sketch Book Large Notebook（Built-in Drawing Board） Kraft Cover Blank Sketch Pad Wirebound Sketching for Drawing Painting 8.5x11-Inch (1 Pack) 200 Pages, 100 Sheets</p><p>$9.99</p><a href="https://www.amazon.com/dp/B07MT99F94?tag=eloabder-20&linkCode=osi&th=1&psc=1">View Product</a></div><div class="product"><a href="https://www.amazon.com/dp/B07CM32KLM?tag=eloabder-20&linkCode=osi&th=1&psc=1"><img src="https://m.media-amazon.com/images/I/41ENhBLE9DL._SL500_.jpg" alt="Product Image"></a><p>Kraft Cover Drawing Notebook & Sketchbook – Set of 2 Blank Plain Sketch Books – 125g Thick Paper A5 Size, 150x210mm Paper Ideal for Drawing & Sketching- 128 sheets/256 pages – 180 Degree Opening, 2pcs</p><p>$20.99 ($0.08 / Count)</p><a href="https://www.amazon.com/dp/B07CM32KLM?tag=eloabder-20&linkCode=osi&th=1&psc=1">View Product</a></div><div class="product"><a href="https://www.amazon.com/dp/B08ZLMLF7C?tag=eloabder-20&linkCode=osi&th=1&psc=1"><img src="https://m.media-amazon.com/images/I/41X-5yj83vL._SL500_.jpg" alt="Product Image"></a><p>BEECHMORE BOOKS Sketch Book, A4 8.5 x 11.5 inch Blank Sketchbook for Drawing, Paint and Draw, 156 Pages Thick Paper 160gsm, Hardcover Leather Art Notebook, Boxed for Gifts (Chestnut Brown)</p><p>$21.20</p><a href="https://www.amazon.com/dp/B08ZLMLF7C?tag=eloabder-20&linkCode=osi&th=1&psc=1">View Product</a></div>
<div class="product"><a href="https://www.amazon.com/dp/B075M9MSFH?tag=eloabder-20&linkCode=osi&th=1&psc=1"><img src="https://m.media-amazon.com/images/I/51x+szTX6TL._SL500_.jpg" alt="Product Image"></a><p>Bianyo Bleedproof Marker Paper Pad, A4(8.27"X11.69"), 50 Sheets, 18 LB / 70 GSM, Glue-Bound, 100% Cotton, White, Ideal for Use with Markers and Ink Mediums</p><p>$9.99</p><a href="https://www.amazon.com/dp/B075M9MSFH?tag=eloabder-20&linkCode=osi&th=1&psc=1">View Product</a></div><div class="product"><a href="https://www.amazon.com/dp/B08FX5S2NL?tag=eloabder-20&linkCode=osi&th=1&psc=1"><img src="https://m.media-amazon.com/images/I/41CA0ZfazKL._SL500_.jpg" alt="Product Image"></a><p>Marker Paper Sketchbook, Bleedproof Art Marker Pad, (8.27 X 11.69) Inch, White, 40 Sheets</p><p>$6.99</p><a href="https://www.amazon.com/dp/B08FX5S2NL?tag=eloabder-20&linkCode=osi&th=1&psc=1">View Product</a></div><div class="product"><a href="https://www.amazon.com/dp/B0CJRBFSJ8?tag=eloabder-20&linkCode=osi&th=1&psc=1"><img src="https://m.media-amazon.com/images/I/51DLA8TpwEL._SL500_.jpg" alt="Product Image"></a><p>Shuttle Art Marker Pad, 8.3”x8.9” Portable Square Sketchbook, 80 Sheets Marker Drawing Paper, 120LB/200GSM Bleedproof Art Paper, Spiral-Bound, Great for Professional Artist to Draw, Paint & Sketch</p><p>$16.99</p><a href="https://www.amazon.com/dp/B0CJRBFSJ8?tag=eloabder-20&linkCode=osi&th=1&psc=1">View Product</a></div><div class="product"><a href="https://www.amazon.com/dp/B09N7VX5Z5?tag=eloabder-20&linkCode=osi&th=1&psc=1"><img src="https://m.media-amazon.com/images/I/51xCPs9HZyL._SL500_.jpg" alt="Product Image"></a><p>Marker Paper Sketchbook - Marker Sketchbook with Bleedproof Smooth Coated Art Paper, 120 GSM 80 LBS - Marker Pad for Alcohol Markers, Sketching, Drawing - 8.11 x 8.5 Inch | 50 Sheets, 2 Pack</p><p>$15.99 ($8.00 / Count)</p><a href="https://www.amazon.com/dp/B09N7VX5Z5?tag=eloabder-20&linkCode=osi&th=1&psc=1">View Product</a></div><div class="product"><a href="https://www.amazon.com/dp/B07CK94W9T?tag=eloabder-20&linkCode=osi&th=1&psc=1"><img src="https://m.media-amazon.com/images/I/41ocoSNDjdL._SL500_.jpg" alt="Product Image"></a><p>BOXUN Premium 50 Sheets Sketch Marker Paper Pad, Bleedproof Artist Drawing Paper, 8.27 x 11.69 Inch</p><p>$8.29 ($0.17 / Count)</p><a href="https://www.amazon.com/dp/B07CK94W9T?tag=eloabder-20&linkCode=osi&th=1&psc=1">View Product</a></div><div class="product"><a href="https://www.amazon.com/dp/B0CPXWD11W?tag=eloabder-20&linkCode=osi&th=1&psc=1"><img src="https://m.media-amazon.com/images/I/51ApKzpDVNL._SL500_.jpg" alt="Product Image"></a><p>FEITAKE Marker Paper Pad Sketchbook Bleedproof for Alcohol Markers 120lb/200gsm Double Sided Thick Art Drawing Papers 60pages (30Sheets) / A4(8.3"x11.7") Gift for Artists Students Kids</p><p>$13.99 ($0.47 / Count)</p><a href="https://www.amazon.com/dp/B0CPXWD11W?tag=eloabder-20&linkCode=osi&th=1&psc=1">View Product</a></div><div class="product"><a href="https://www.amazon.com/dp/B0025TWYW6?tag=eloabder-20&linkCode=osi&th=1&psc=1"><img src="https://m.media-amazon.com/images/I/51t6UkUHCvL._SL500_.jpg" alt="Product Image"></a><p>Bee Paper Bleedproof Marker Pack, 8-1/2-Inch by 11-Inch, 50 Sheets per Pack</p><p>$17.09 ($0.34 / Count)</p><a href="https://www.amazon.com/dp/B0025TWYW6?tag=eloabder-20&linkCode=osi&th=1&psc=1">View Product</a></div><div class="product"><a href="https://www.amazon.com/dp/B0CJRBYYQB?tag=eloabder-20&linkCode=osi&th=1&psc=1"><img src="https://m.media-amazon.com/images/I/41knBnjZ25L._SL500_.jpg" alt="Product Image"></a><p>Shuttle Art Marker Pad, 8.3”x7.67” Portable Square Sketchbook, 50 Sheets Marker Drawing Paper, 60LB/90GSM Smooth Surface Bleedproof Art Paper, Glue-Bound, Great for Beginners to Draw, Paint & Sketch</p><p>$8.99 ($0.18 / Count)</p><a href="https://www.amazon.com/dp/B0CJRBYYQB?tag=eloabder-20&linkCode=osi&th=1&psc=1">View Product</a></div>
<div class="product"><a href="https://www.amazon.com/dp/B00881IU8M?tag=eloabder-20&linkCode=osi&th=1&psc=1"><img src="https://m.media-amazon.com/images/I/41hbSgdLBtL._SL500_.jpg" alt="Product Image"></a><p>Speedball Fabric & Paper Block Printing Ink 6-Color Set, 1.25-Ounce x 6</p><p>$28.99 ($28.99 / Count)</p><a href="https://www.amazon.com/dp/B00881IU8M?tag=eloabder-20&linkCode=osi&th=1&psc=1">View Product</a></div><div class="product"><a href="https://www.amazon.com/dp/B000J09PFM?tag=eloabder-20&linkCode=osi&th=1&psc=1"><img src="https://m.media-amazon.com/images/I/51yPRc4nvoL._SL500_.jpg" alt="Product Image"></a><p>Speedball Water-Soluble Block Printing Ink Starter Set, 6 Bold Colors with Satin Finish, 1.25-Ounce Tubes</p><p>$29.99 ($4.00 / Fl Oz)</p><a href="https://www.amazon.com/dp/B000J09PFM?tag=eloabder-20&linkCode=osi&th=1&psc=1">View Product</a></div><div class="product"><a href="https://www.amazon.com/dp/B000BYT24U?tag=eloabder-20&linkCode=osi&th=1&psc=1"><img src="https://m.media-amazon.com/images/I/51pDlo+LlKL._SL500_.jpg" alt="Product Image"></a><p>Speedball Water-Soluble Block Printing Ink, 8-Ounce Jar, Black</p><p>$14.49</p><a href="https://www.amazon.com/dp/B000BYT24U?tag=eloabder-20&linkCode=osi&th=1&psc=1">View Product</a></div><div class="product"><a href="https://www.amazon.com/dp/B00C1JUJWW?tag=eloabder-20&linkCode=osi&th=1&psc=1"><img src="https://m.media-amazon.com/images/I/41zDtJ6f5hL._SL500_.jpg" alt="Product Image"></a><p>Speedball Fabric Block Printing Ink, 2.5-Ounce, Black</p><p>$9.99 ($4.00 / Fl Oz)</p><a href="https://www.amazon.com/dp/B00C1JUJWW?tag=eloabder-20&linkCode=osi&th=1&psc=1">View Product</a></div><div class="product"><a href="https://www.amazon.com/dp/B004PZ1ZJG?tag=eloabder-20&linkCode=osi&th=1&psc=1"><img src="https://m.media-amazon.com/images/I/41+GkhhpR5L._SL500_.jpg" alt="Product Image"></a><p>Speedball Water-Soluble Block Printing Ink Starter Set, 4-Color Set, 1.25-Ounce Tubes</p><p>$20.99</p><a href="https://www.amazon.com/dp/B004PZ1ZJG?tag=eloabder-20&linkCode=osi&th=1&psc=1">View Product</a></div><div class="product"><a href="https://www.amazon.com/dp/B0017CZF3C?tag=eloabder-20&linkCode=osi&th=1&psc=1"><img src="https://m.media-amazon.com/images/I/41S17SYPAZL._SL500_.jpg" alt="Product Image"></a><p>Speedball Water Soluble Block Printing Ink, Black, 2-1/2 Ounces - 380663</p><p>$9.99</p><a href="https://www.amazon.com/dp/B0017CZF3C?tag=eloabder-20&linkCode=osi&th=1&psc=1">View Product</a></div><div class="product"><a href="https://www.amazon.com/dp/B0BXNX8FSH?tag=eloabder-20&linkCode=osi&th=1&psc=1"><img src="https://m.media-amazon.com/images/I/51JGm1VxVOL._SL500_.jpg" alt="Product Image"></a><p>Falling in Art Water-Soluble Block Printing Ink, 6-Color Printmaking Ink Set for Linoleum Block, 3.5 floz</p><p>$28.99</p><a href="https://www.amazon.com/dp/B0BXNX8FSH?tag=eloabder-20&linkCode=osi&th=1&psc=1">View Product</a></div><div class="product"><a href="https://www.amazon.com/dp/B0027ACJBO?tag=eloabder-20&linkCode=osi&th=1&psc=1"><img src="https://m.media-amazon.com/images/I/41OzayB9ojL._SL500_.jpg" alt="Product Image"></a><p>Speedball 3476 Oil-Based Block Printing Ink Starter Set for Professional, Permanent Prints AP Certified – 1.25 FL OZ Tubes</p><p>$33.99</p><a href="https://www.amazon.com/dp/B0027ACJBO?tag=eloabder-20&linkCode=osi&th=1&psc=1">View Product</a></div>
<div class="product"><a href="https://www.amazon.com/dp/B0027AGDWK?tag=eloabder-20&linkCode=osi&th=1&psc=1"><img src="https://m.media-amazon.com/images/I/515LDer6GPL._SL500_.jpg" alt="Product Image"></a><p>Speedball Deluxe Block Printing Kit - Includes Inks, Brayer, Bench Hook, Lino Handle and Cutters, Speedy-Carve Block, Mounted Linoleum Block</p><p>$59.99</p><a href="https://www.amazon.com/dp/B0027AGDWK?tag=eloabder-20&linkCode=osi&th=1&psc=1">View Product</a></div><div class="product"><a href="https://www.amazon.com/dp/B07ZJBZN5S?tag=eloabder-20&linkCode=osi&th=1&psc=1"><img src="https://m.media-amazon.com/images/I/41UbN58y9uS._SL500_.jpg" alt="Product Image"></a><p>SGHUO 12pcs 4"x6" Pink Rubber Carving Blocks Linoleum Block Stamp Making Kit</p><p>$22.99 ($1.92 / Count)</p><a href="https://www.amazon.com/dp/B07ZJBZN5S?tag=eloabder-20&linkCode=osi&th=1&psc=1">View Product</a></div>
<div class="product"><a href="https://www.amazon.com/dp/B00L2DYUM8?tag=eloabder-20&linkCode=osi&th=1&psc=1"><img src="https://m.media-amazon.com/images/I/51l5FZ0+5AL._SL500_.jpg" alt="Product Image"></a><p>Strathmore 300 Series Printmaking Paper Pad, Glue Bound, 5x7 inches, 40 Sheets (120g) - Artist Paper for Adults and Students - Block Printing, Linocut, Screen Printing, White</p><p>$7.26</p><a href="https://www.amazon.com/dp/B00L2DYUM8?tag=eloabder-20&linkCode=osi&th=1&psc=1">View Product</a></div><div class="product"><a href="https://www.amazon.com/dp/B07BSYS5XC?tag=eloabder-20&linkCode=osi&th=1&psc=1"><img src="https://m.media-amazon.com/images/I/51Uwfq0jv+L._SL500_.jpg" alt="Product Image"></a><p>Ucreate Printmaking Paper, 9"x12", White, 100 Sheet, P9001</p><p>$9.79</p><a href="https://www.amazon.com/dp/B07BSYS5XC?tag=eloabder-20&linkCode=osi&th=1&psc=1">View Product</a></div><div class="product"><a href="https://www.amazon.com/dp/B00K5562WA?tag=eloabder-20&linkCode=osi&th=1&psc=1"><img src="https://m.media-amazon.com/images/I/51Dm+TeJGdL._SL500_.jpg" alt="Product Image"></a><p>Strathmore Printmaking Paper Pad 8"X10"-20 Sheets -62433800, White</p><p>$10.19</p><a href="https://www.amazon.com/dp/B00K5562WA?tag=eloabder-20&linkCode=osi&th=1&psc=1">View Product</a></div><div class="product"><a href="https://www.amazon.com/dp/B001DNH8I0?tag=eloabder-20&linkCode=osi&th=1&psc=1"><img src="https://m.media-amazon.com/images/I/51UzoKdUojL._SL500_.jpg" alt="Product Image"></a><p>Black Ink 9-Inch by 12-Inch Bleached Mulberry Block Printing Paper, 25-Pack</p><p>$19.35 ($0.77 / Count)</p><a href="https://www.amazon.com/dp/B001DNH8I0?tag=eloabder-20&linkCode=osi&th=1&psc=1">View Product</a></div><div class="product"><a href="https://www.amazon.com/dp/B00C6G6L5Y?tag=eloabder-20&linkCode=osi&th=1&psc=1"><img src="https://m.media-amazon.com/images/I/5103h0Rm8sL._SL500_.jpg" alt="Product Image"></a><p>Black Ink Thai Mulberry Block Printing Paper Packs small assorted colors</p><p>$21.99</p><a href="https://www.amazon.com/dp/B00C6G6L5Y?tag=eloabder-20&linkCode=osi&th=1&psc=1">View Product</a></div>
<div class="product"><a href="https://www.amazon.com/dp/B003IG27OK?tag=eloabder-20&linkCode=osi&th=1&psc=1"><img src="https://m.media-amazon.com/images/I/416NUaYo1DL._SL500_.jpg" alt="Product Image"></a><p>Speedball Block Printing Baren - Comfortable Wooden Handle, Made in the USA - 4 Inches</p><p>$29.49</p><a href="https://www.amazon.com/dp/B003IG27OK?tag=eloabder-20&linkCode=osi&th=1&psc=1">View Product</a></div>
<div class="product"><a href="https://www.amazon.com/dp/B0CMZYY8CJ?tag=eloabder-20&linkCode=osi&th=1&psc=1"><img src="https://m.media-amazon.com/images/I/41TifSIP7SL._SL500_.jpg" alt="Product Image"></a><p>Ecoofor Blotting Paper for Flower Press, 20 Sheets Highly Absorbent and Reusable Blotter Paper for Flower Press Paper Craft 9 x 9 inch</p><p>$9.99</p><a href="https://www.amazon.com/dp/B0CMZYY8CJ?tag=eloabder-20&linkCode=osi&th=1&psc=1">View Product</a></div><div class="product"><a href="https://www.amazon.com/dp/B0CYRT3RM4?tag=eloabder-20&linkCode=osi&th=1&psc=1"><img src="https://m.media-amazon.com/images/I/31+qvVq3giL._SL500_.jpg" alt="Product Image"></a><p>Hygge & Sage Premium Natural Fiber Blotting Paper for Flower Press Art; 20 Large Sheets for a Press up to 8x11 Inches; Absorbent, Versatile, and Acid-Free Reusable Blotter Paper for Flower Pressing</p><p>$9.50 ($0.48 / Count)</p><a href="https://www.amazon.com/dp/B0CYRT3RM4?tag=eloabder-20&linkCode=osi&th=1&psc=1">View Product</a></div><div class="product"><a href="https://www.amazon.com/dp/B0D41GDLHM?tag=eloabder-20&linkCode=osi&th=1&psc=1"><img src="https://m.media-amazon.com/images/I/41LIF5dHXaL._SL500_.jpg" alt="Product Image"></a><p>Aboofx 20 Sheets Blotting Paper for Flower Press, 15" x 10" Extra Large Highly Absorbent Blotter Paper for Flower Press Reusable Herbarium Paper Craft Blotter Paper Sheets</p><p>$19.99</p><a href="https://www.amazon.com/dp/B0D41GDLHM?tag=eloabder-20&linkCode=osi&th=1&psc=1">View Product</a></div><div class="product"><a href="https://www.amazon.com/dp/B0CQMMYSBR?tag=eloabder-20&linkCode=osi&th=1&psc=1"><img src="https://m.media-amazon.com/images/I/413SlUi6IDL._SL500_.jpg" alt="Product Image"></a><p>Wisreach Blotting Paper for Flower Press, 20 Sheets Flower Press Paper Highly Absorbent and Reusable Blotter Paper for Flower Art A4 Size 8.26 x 11.4 inch</p><p>$9.99</p><a href="https://www.amazon.com/dp/B0CQMMYSBR?tag=eloabder-20&linkCode=osi&th=1&psc=1">View Product</a></div><div class="product"><a href="https://www.amazon.com/dp/B093FQ22PG?tag=eloabder-20&linkCode=osi&th=1&psc=1"><img src="https://m.media-amazon.com/images/I/41B2jXhe+QL._SL500_.jpg" alt="Product Image"></a><p>Blotting Paper for Flower Press by Berstuk® • Large A4 Flower Press Paper • Highly Absorbent and Reusable Herbarium Paper • Pack of 10 Blotter Paper Sheets</p><p>$6.99 ($69.90 / 100 Sheets)</p><a href="https://www.amazon.com/dp/B093FQ22PG?tag=eloabder-20&linkCode=osi&th=1&psc=1">View Product</a></div><div class="product"><a href="https://www.amazon.com/dp/B0C6PW4VGB?tag=eloabder-20&linkCode=osi&th=1&psc=1"><img src="https://m.media-amazon.com/images/I/21C64VB3iVL._SL500_.jpg" alt="Product Image"></a><p>PATIKIL 16"x12" Flower Press Paper, 1 Set/30 Sheet Refill Lining Blotter Paper Absorbent Reusable Blotting Paper for DIY Art Handicraft Scrapbook</p><p>$11.19</p><a href="https://www.amazon.com/dp/B0C6PW4VGB?tag=eloabder-20&linkCode=osi&th=1&psc=1">View Product</a></div><div class="product"><a href="https://www.amazon.com/dp/B0C6PTK915?tag=eloabder-20&linkCode=osi&th=1&psc=1"><img src="https://m.media-amazon.com/images/I/21UviFCGjtL._SL500_.jpg" alt="Product Image"></a><p>PATIKIL 12"x8" Flower Press Paper, 2 Set/60 Sheet Refill Lining Blotter Paper Absorbent Reusable Blotting Paper for DIY Art Handicraft Scrapbook</p><p>$13.69</p><a href="https://www.amazon.com/dp/B0C6PTK915?tag=eloabder-20&linkCode=osi&th=1&psc=1">View Product</a></div><div class="product"><a href="https://www.amazon.com/dp/B0CDJZ4MD7?tag=eloabder-20&linkCode=osi&th=1&psc=1"><img src="https://m.media-amazon.com/images/I/41iwkW+QQOL._SL500_.jpg" alt="Product Image"></a><p>30 PCS Blotting Paper for Flower Press Large A4 Flower Press Paper Highly Absorbent and Reusable Blotter Paper Refill Lining Paper for Flower Press Art Craft Scrapbook Making, 11.8 x 7.9 Inches Blue</p><p>$9.99</p><a href="https://www.amazon.com/dp/B0CDJZ4MD7?tag=eloabder-20&linkCode=osi&th=1&psc=1">View Product</a></div>

<div class="product"><a href="https://www.amazon.com/dp/B0D2T4F1DZ?tag=eloabder-20&linkCode=osi&th=1&psc=1"><img src="https://m.media-amazon.com/images/I/41KNcatyBWL._SL500_.jpg" alt="Product Image"></a><p>10pcs Book Cloth,14”x10”,Fabric Surface and Paper Backed, book cloth for book binding,book binding fabric,5 Colors Bookbinding Cloth for DIY fabric book cover,bookbinding paper (Style B)</p><p>$9.99</p><a href="https://www.amazon.com/dp/B0D2T4F1DZ?tag=eloabder-20&linkCode=osi&th=1&psc=1">View Product</a></div><div class="product"><a href="https://www.amazon.com/dp/B0CMD2LWR8?tag=eloabder-20&linkCode=osi&th=1&psc=1"><img src="https://m.media-amazon.com/images/I/31QVUZVSB+L._SL500_.jpg" alt="Product Image"></a><p>Mozeat Lens 33 ft Bookbinding Tape Book Tape Repair Book Binding Tape Cloth Book Repair Kit 2 Inch Wide Book Spine Tape Cloth Bookbinding Repair Tape White Book Tape for Reinforcing Book Spine Tape</p><p>$7.99</p><a href="https://www.amazon.com/dp/B0CMD2LWR8?tag=eloabder-20&linkCode=osi&th=1&psc=1">View Product</a></div><div class="product"><a href="https://www.amazon.com/dp/B0D1KC168C?tag=eloabder-20&linkCode=osi&th=1&psc=1"><img src="https://m.media-amazon.com/images/I/31wWgk-1V4L._SL500_.jpg" alt="Product Image"></a><p>AKONEGE Book Cloth for Book Binding 35 x 16 Inch Fabric Surface and Paper Backed, Strong, Easy to Use, Fabric Materials Bookbinding Supplies Bookcloth for Scrapbooking Album DIY Crafts, Black</p><p>$9.99</p><a href="https://www.amazon.com/dp/B0D1KC168C?tag=eloabder-20&linkCode=osi&th=1&psc=1">View Product</a></div><div class="product"><a href="https://www.amazon.com/dp/B0BC48CCWW?tag=eloabder-20&linkCode=osi&th=1&psc=1"><img src="https://m.media-amazon.com/images/I/41vTc+L-XyL._SL500_.jpg" alt="Product Image"></a><p>Wooqu Book Cloth, Fabric Surface and Paper Backed, Easy to Use, Strong, 17x29”, for Book Binding, Dark Green</p><p>$13.99</p><a href="https://www.amazon.com/dp/B0BC48CCWW?tag=eloabder-20&linkCode=osi&th=1&psc=1">View Product</a></div><div class="product"><a href="https://www.amazon.com/dp/B00W3S7LU4?tag=eloabder-20&linkCode=osi&th=1&psc=1"><img src="https://m.media-amazon.com/images/I/41mUL1LmSHS._SL500_.jpg" alt="Product Image"></a><p>BookGuard 2 inch Premium Bookbinding Repair Cloth Tape, 15 Yard Roll Burgundy</p><p>$14.95</p><a href="https://www.amazon.com/dp/B00W3S7LU4?tag=eloabder-20&linkCode=osi&th=1&psc=1">View Product</a></div>

<div class="product"><a href="https://www.amazon.com/dp/B08217DGL7?tag=eloabder-20&linkCode=osi&th=1&psc=1"><img src="https://m.media-amazon.com/images/I/51Gy-qfph7L._SL500_.jpg" alt="Product Image"></a><p>24 Colors Waxed Thread, Leather Sewing Thread,Hand Stitching Thread for Hand Sewing Leather and Bookbinding, 13Yards Per Color</p><p>$11.99 ($0.01 / Foot)</p><a href="https://www.amazon.com/dp/B08217DGL7?tag=eloabder-20&linkCode=osi&th=1&psc=1">View Product</a></div><div class="product"><a href="https://www.amazon.com/dp/B08GCHJ3FP?tag=eloabder-20&linkCode=osi&th=1&psc=1"><img src="https://m.media-amazon.com/images/I/41TK-XNxTFL._SL500_.jpg" alt="Product Image"></a><p>FANDOL 100% Natural Linen Thread Waxed thread for Bookbingding, Leather Sewing, Beading or Macrame (Natural)</p><p>$14.98</p><a href="https://www.amazon.com/dp/B08GCHJ3FP?tag=eloabder-20&linkCode=osi&th=1&psc=1">View Product</a></div><div class="product"><a href="https://www.amazon.com/dp/B0025U108E?tag=eloabder-20&linkCode=osi&th=1&psc=1"><img src="https://m.media-amazon.com/images/I/4172yrURiVL._SL500_.jpg" alt="Product Image"></a><p>Books by Hand Linen Thread, Archival Quality Natural Unbleached and Unwaxed, 50 Yards 35/3 Gauge, Ideal for Bookbinding and Sewing Signatures</p><p>$9.47</p><a href="https://www.amazon.com/dp/B0025U108E?tag=eloabder-20&linkCode=osi&th=1&psc=1">View Product</a></div><div class="product"><a href="https://www.amazon.com/dp/B08S78KLRN?tag=eloabder-20&linkCode=osi&th=1&psc=1"><img src="https://m.media-amazon.com/images/I/413NGMtJdrL._SL500_.jpg" alt="Product Image"></a><p>Jupean Waxed Thread, 150m /164Yards Beige Leather Waxed Thread, Leather Sewing Thread, Hand Stitching Thread for Hand Sewing Leather, Bookbinding, and Beginners Leather Craft DIY</p><p>$6.49 ($0.01 / Foot)</p><a href="https://www.amazon.com/dp/B08S78KLRN?tag=eloabder-20&linkCode=osi&th=1&psc=1">View Product</a></div><div class="product"><a href="https://www.amazon.com/dp/B015D9E6UM?tag=eloabder-20&linkCode=osi&th=1&psc=1"><img src="https://m.media-amazon.com/images/I/51VnWPI+Q5L._SL500_.jpg" alt="Product Image"></a><p>Lineco, Natural Waxed Linen Thread 20 Yards, Books by Hand Natural, Black, Brown Color for Sewing, Bookbinding (3/Pkg)</p><p>$13.77</p><a href="https://www.amazon.com/dp/B015D9E6UM?tag=eloabder-20&linkCode=osi&th=1&psc=1">View Product</a></div>
<div class="product"><a href="https://www.amazon.com/dp/B0CMD53C1C?tag=eloabder-20&linkCode=osi&th=1&psc=1"><img src="https://m.media-amazon.com/images/I/31dU4wqS0rL._SL500_.jpg" alt="Product Image"></a><p>5-in-1 Bookbinding Kit,Book Cover Guide, Bookbinding Cover Tool, Stainless Steel Book Binding Kit, Bookbinding Ruler, Scrapbooking Tools for Making Book Cover Chipboard Covers Album Planner</p><p>$7.88</p><a href="https://www.amazon.com/dp/B0CMD53C1C?tag=eloabder-20&linkCode=osi&th=1&psc=1">View Product</a></div>
<div class="product"><a href="https://www.amazon.com/dp/B007TIEG6U?tag=eloabder-20&linkCode=osi&th=1&psc=1"><img src="https://m.media-amazon.com/images/I/31d6r6R5lGL._SL500_.jpg" alt="Product Image"></a><p>Handy Art Empty 2 ounce Marker Bottle, Dauber Tip and Cap, 12-Each (900-003) , White</p><p>$23.12 ($1.93 / Count)</p><a href="https://www.amazon.com/dp/B007TIEG6U?tag=eloabder-20&linkCode=osi&th=1&psc=1">View Product</a></div>
<div class="product"><a href="https://www.amazon.com/dp/B07YDNKSH6?tag=eloabder-20&linkCode=osi&th=1&psc=1"><img src="https://m.media-amazon.com/images/I/41JGrHa7mSL._SL500_.jpg" alt="Product Image"></a><p>4-Inch Rubber Brayer Roller for Printmaking, Great for Gluing Application Also. (Original Version)</p><p>$6.99</p><a href="https://www.amazon.com/dp/B07YDNKSH6?tag=eloabder-20&linkCode=osi&th=1&psc=1">View Product</a></div>
<div class="product"><a href="https://www.amazon.com/dp/B005U7BNPE?tag=eloabder-20&linkCode=osi&th=1&psc=1"><img src="https://m.media-amazon.com/images/I/418YfTClSxL._SL500_.jpg" alt="Product Image"></a><p>Apple Barrel Acrylic Paint in Assorted Colors (2 oz), 20513, Bright Yellow</p><p>$0.58 ($0.29 / Fl Oz)</p><a href="https://www.amazon.com/dp/B005U7BNPE?tag=eloabder-20&linkCode=osi&th=1&psc=1">View Product</a></div><div class="product"><a href="https://www.amazon.com/dp/B099DWCRZ5?tag=eloabder-20&linkCode=osi&th=1&psc=1"><img src="https://m.media-amazon.com/images/I/41rr5hT-8TL._SL500_.jpg" alt="Product Image"></a><p>milo Fluorescent Acrylic Paint Set of 6 Colors | 4 oz Bottles | Student Neon Colors Acrylics Painting Pack | Made in the USA | Non-Toxic Art & Craft Paints for Artists, Kids, & Hobby Painters</p><p>$22.90 ($0.95 / Fl Oz)</p><a href="https://www.amazon.com/dp/B099DWCRZ5?tag=eloabder-20&linkCode=osi&th=1&psc=1">View Product</a></div><div class="product"><a href="https://www.amazon.com/dp/B07ZPPPWPL?tag=eloabder-20&linkCode=osi&th=1&psc=1"><img src="https://m.media-amazon.com/images/I/51Vqk2rrZwL._SL500_.jpg" alt="Product Image"></a><p>Apple Barrel, Pastel Dreams & Vivid Wonders Collection Acrylic Craft Paint, PROMOTCK, 2 fl oz each, 18 assorted matte colors, 18 count</p><p>$22.66 ($0.63 / Fl Oz)</p><a href="https://www.amazon.com/dp/B07ZPPPWPL?tag=eloabder-20&linkCode=osi&th=1&psc=1">View Product</a></div><div class="product"><a href="https://www.amazon.com/dp/B0CKQR52XC?tag=eloabder-20&linkCode=osi&th=1&psc=1"><img src="https://m.media-amazon.com/images/I/51WTPlhN2WL._SL500_.jpg" alt="Product Image"></a><p>ARTME Glow in The Dark Paint, 10 Bright Colors 60ml/2oz Blacklight Paint Set, Neon Craft Paint, Acrylic Glow Fluorescent Paint Perfect for Art Painting, DIY projects, Halloween and Christmas</p><p>$23.99 ($1.20 / Fl Oz)</p><a href="https://www.amazon.com/dp/B0CKQR52XC?tag=eloabder-20&linkCode=osi&th=1&psc=1">View Product</a></div><div class="product"><a href="https://www.amazon.com/dp/B09XXHBL3Y?tag=eloabder-20&linkCode=osi&th=1&psc=1"><img src="https://m.media-amazon.com/images/I/51taBeDdeIL._SL500_.jpg" alt="Product Image"></a><p>Fantastory Glow in the Dark Acrylic Paint, 10 Extra Bright Colors, 30ml/1oz Waterproof Glow in Dark Paint,Indoor Outdoor Blacklight Paint for Kids,Adults, Rocks,Walls,Halloween,Craft &Fabric</p><p>$9.99 ($1.00 / Fl Oz)</p><a href="https://www.amazon.com/dp/B09XXHBL3Y?tag=eloabder-20&linkCode=osi&th=1&psc=1">View Product</a></div><div class="product"><a href="https://www.amazon.com/dp/B0BS3JM8ZR?tag=eloabder-20&linkCode=osi&th=1&psc=1"><img src="https://m.media-amazon.com/images/I/51S8FteGgPL._SL500_.jpg" alt="Product Image"></a><p>Acrylic Paint, Shuttle Art 24 Colors Acrylic Paint Bottle Set, 250ml/8.45oz Each, Rich Pigments, High Viscosity, Bulk Paint for Artists, Beginners and Kids Painting on Rocks Crafts Canvas Wood Ceramic</p><p>$49.99 ($0.25 / Fl Oz)</p><a href="https://www.amazon.com/dp/B0BS3JM8ZR?tag=eloabder-20&linkCode=osi&th=1&psc=1">View Product</a></div><div class="product"><a href="https://www.amazon.com/dp/B00CIW3EDI?tag=eloabder-20&linkCode=osi&th=1&psc=1"><img src="https://m.media-amazon.com/images/I/41PMnxyBo5L._SL500_.jpg" alt="Product Image"></a><p>FolkArt Multi-Surface Acrylic Paint in Assorted Colors (2 oz), 2896, Bright Pink</p><p>$1.47 ($0.74 / Fl Oz)</p><a href="https://www.amazon.com/dp/B00CIW3EDI?tag=eloabder-20&linkCode=osi&th=1&psc=1">View Product</a></div><div class="product"><a href="https://www.amazon.com/dp/B085ZB5ZK9?tag=eloabder-20&linkCode=osi&th=1&psc=1"><img src="https://m.media-amazon.com/images/I/51nmRq1eicL._SL500_.jpg" alt="Product Image"></a><p>FolkArt 4 Bottle Multi-Surface Acrylic Paint Set, 2oz, Neon Blacklight Colors</p><p>$8.12 ($1.02 / Fl Oz)</p><a href="https://www.amazon.com/dp/B085ZB5ZK9?tag=eloabder-20&linkCode=osi&th=1&psc=1">View Product</a></div><div class="product"><a href="https://www.amazon.com/dp/B08N585VN5?tag=eloabder-20&linkCode=osi&th=1&psc=1"><img src="https://m.media-amazon.com/images/I/51nwFBdxwVL._SL500_.jpg" alt="Product Image"></a><p>Acrylic Paint Set Value Pack of 12 Colors | Craft Painting Kit with 2 oz Squeeze Bottles for Beginners, Artists, Professionals | Non-Toxic Water Based Paints for Canvas, Paper, Wood | Bright Hues</p><p>$11.99 ($0.50 / Fl Oz)</p><a href="https://www.amazon.com/dp/B08N585VN5?tag=eloabder-20&linkCode=osi&th=1&psc=1">View Product</a></div>
<div class="product"><a href="https://www.amazon.com/dp/B0009RRT9Y?tag=eloabder-20&linkCode=osi&th=1&psc=1"><img src="https://m.media-amazon.com/images/I/51ZhyYPOB5L._SL500_.jpg" alt="Product Image"></a><p>General Pencil Company The Masters Brush Cleaner & Preserver 2.5 0z.</p><p>$12.00</p><a href="https://www.amazon.com/dp/B0009RRT9Y?tag=eloabder-20&linkCode=osi&th=1&psc=1">View Product</a></div><div class="product"><a href="https://www.amazon.com/dp/B00F38YVQS?tag=eloabder-20&linkCode=osi&th=1&psc=1"><img src="https://m.media-amazon.com/images/I/51yjmSTzzML._SL500_.jpg" alt="Product Image"></a><p>B & J Original Brush Cleaner - 2.5 Oz/12ct Display</p><p>$12.77</p><a href="https://www.amazon.com/dp/B00F38YVQS?tag=eloabder-20&linkCode=osi&th=1&psc=1">View Product</a></div><div class="product"><a href="https://www.amazon.com/dp/B004BN7QQ8?tag=eloabder-20&linkCode=osi&th=1&psc=1"><img src="https://m.media-amazon.com/images/I/31fEWB-h4VL._SL500_.jpg" alt="Product Image"></a><p>Winsor & Newton Brush Cleaner & Restorer, 16.0-oz Bottle</p><p>$21.87 ($1.37 / Fl Oz)</p><a href="https://www.amazon.com/dp/B004BN7QQ8?tag=eloabder-20&linkCode=osi&th=1&psc=1">View Product</a></div><div class="product"><a href="https://www.amazon.com/dp/B09NCHL2LM?tag=eloabder-20&linkCode=osi&th=1&psc=1"><img src="https://m.media-amazon.com/images/I/31UzwasdL6L._SL500_.jpg" alt="Product Image"></a><p>U.S. Art Supply Brush Cleaner and Restorer, 4 Ounce Bottle - Quickly Cleans Paint Brushes, Airbrushes, Art Tools - Cleaning Solution to Remove Dried On Acrylic, Oil and Water-Based Paint Colors</p><p>$8.99 ($2.25 / Fl Oz)</p><a href="https://www.amazon.com/dp/B09NCHL2LM?tag=eloabder-20&linkCode=osi&th=1&psc=1">View Product</a></div><div class="product"><a href="https://www.amazon.com/dp/B09J8L55SK?tag=eloabder-20&linkCode=osi&th=1&psc=1"><img src="https://m.media-amazon.com/images/I/41qgWS2nSsL._SL500_.jpg" alt="Product Image"></a><p>Green Piece® Paint Brush Cleaner and Restorer for Art Paint Brushes - 100% Natural - Non-Toxic - Wet or Dry Paint - No Chemicals - Oil or Acrylic Paints, Wood and Metal - Amazing Power - 18 Oz</p><p>$19.88</p><a href="https://www.amazon.com/dp/B09J8L55SK?tag=eloabder-20&linkCode=osi&th=1&psc=1">View Product</a></div><div class="product"><a href="https://www.amazon.com/dp/B0027A79I2?tag=eloabder-20&linkCode=osi&th=1&psc=1"><img src="https://m.media-amazon.com/images/I/31J6S+mCjuL._SL500_.jpg" alt="Product Image"></a><p>Pink Soap 12-Ounce Paint Brush Cleaner and Conditioner, Solution Cleans and Restores, Removes Dried Paint on Airbrushes and Other Artist Tools & Supplies</p><p>$15.49 ($1.29 / Fl Oz)</p><a href="https://www.amazon.com/dp/B0027A79I2?tag=eloabder-20&linkCode=osi&th=1&psc=1">View Product</a></div><div class="product"><a href="https://www.amazon.com/dp/B0027AEANE?tag=eloabder-20&linkCode=osi&th=1&psc=1"><img src="https://m.media-amazon.com/images/I/51bHOLU1pVL._SL500_.jpg" alt="Product Image"></a><p>General Pencil General 105-BP Pencil Masters Brush Cleaner & Preserver, 1 Pack, Clear</p><p>$9.99 ($4.00 / Ounce)</p><a href="https://www.amazon.com/dp/B0027AEANE?tag=eloabder-20&linkCode=osi&th=1&psc=1">View Product</a></div>

<div class="product"><a href="https://www.amazon.com/dp/B00N9UUWLA?tag=eloabder-20&linkCode=osi&th=1&psc=1"><img src="https://m.media-amazon.com/images/I/41be4n09wZL._SL500_.jpg" alt="Product Image"></a><p>Pentel Arts Portable Pocket Brush Pen (Medium Point), 1Pen & 2Refills</p><p>$7.00</p><a href="https://www.amazon.com/dp/B00N9UUWLA?tag=eloabder-20&linkCode=osi&th=1&psc=1">View Product</a></div><div class="product"><a href="https://www.amazon.com/dp/B07DQ4292Y?tag=eloabder-20&linkCode=osi&th=1&psc=1"><img src="https://m.media-amazon.com/images/I/41-kgHpaPvL._SL500_.jpg" alt="Product Image"></a><p>Tombow 62039 Fudenosuke Brush Pens, 3-Pack. Soft, Hard, and Twin Tip Markers for Calligraphy and Art Drawings</p><p>$7.59 ($2.53 / Count)</p><a href="https://www.amazon.com/dp/B07DQ4292Y?tag=eloabder-20&linkCode=osi&th=1&psc=1">View Product</a></div><div class="product"><a href="https://www.amazon.com/dp/B0995FNMKW?tag=eloabder-20&linkCode=osi&th=1&psc=1"><img src="https://m.media-amazon.com/images/I/51kpGsTNvlL._SL500_.jpg" alt="Product Image"></a><p>WRITECH Arts Sign Brush Pen Brush Tip Marker Felt Tip Water Based Ink Color Pens 12 Assorted Vintage Colors Great for Lettering Journaling Calligraphy (Vintage)</p><p>$13.99 ($1.17 / Count)</p><a href="https://www.amazon.com/dp/B0995FNMKW?tag=eloabder-20&linkCode=osi&th=1&psc=1">View Product</a></div><div class="product"><a href="https://www.amazon.com/dp/B07H89R749?tag=eloabder-20&linkCode=osi&th=1&psc=1"><img src="https://m.media-amazon.com/images/I/51nTGZ-eAsL._SL500_.jpg" alt="Product Image"></a><p>Tombow Fudenosuke Brush Pen - Hard - 10 Colors Set (WS-BH10C)</p><p>$11.73</p><a href="https://www.amazon.com/dp/B07H89R749?tag=eloabder-20&linkCode=osi&th=1&psc=1">View Product</a></div><div class="product"><a href="https://www.amazon.com/dp/B002PIFTRE?tag=eloabder-20&linkCode=osi&th=1&psc=1"><img src="https://m.media-amazon.com/images/I/41IVnNPD1hL._SL500_.jpg" alt="Product Image"></a><p>Pentel Color Brush Pen, Black (GFLBP101)</p><p>$7.89</p><a href="https://www.amazon.com/dp/B002PIFTRE?tag=eloabder-20&linkCode=osi&th=1&psc=1">View Product</a></div>
<div class="product"><a href="https://www.amazon.com/dp/B0CLLSY2BT?tag=eloabder-20&linkCode=osi&th=1&psc=1"><img src="https://m.media-amazon.com/images/I/51sQM3lrN9L._SL500_.jpg" alt="Product Image"></a><p>CUGEBANNA Paint Brush Washer,Airtight Stainless Steel Brush Cleaner for Oil Painting Acrylic,Brush Washer with Cleaning Beads and Wringer</p><p>$22.99</p><a href="https://www.amazon.com/dp/B0CLLSY2BT?tag=eloabder-20&linkCode=osi&th=1&psc=1">View Product</a></div><div class="product"><a href="https://www.amazon.com/dp/B013PB35N4?tag=eloabder-20&linkCode=osi&th=1&psc=1"><img src="https://m.media-amazon.com/images/I/419miJHrhtL._SL500_.jpg" alt="Product Image"></a><p>US Art Supply Deluxe Brush Cleaner-Brush Washer with Wash Tank</p><p>$18.99</p><a href="https://www.amazon.com/dp/B013PB35N4?tag=eloabder-20&linkCode=osi&th=1&psc=1">View Product</a></div>
<div class="product"><a href="https://www.amazon.com/dp/B07GH7WGC3?tag=eloabder-20&linkCode=osi&th=1&psc=1"><img src="https://m.media-amazon.com/images/I/51vzX1OZI6L._SL500_.jpg" alt="Product Image"></a><p>BOSOBO Paint Brushes Set, 2 Pack 20 Pcs Round-Pointed Tip Paintbrushes Nylon Hair Artist Acrylic Paint Brushes for Acrylic Oil Watercolor, Face Nail Art, Miniature Detailing & Rock Painting, Blue</p><p>$7.49 ($0.37 / Count)</p><a href="https://www.amazon.com/dp/B07GH7WGC3?tag=eloabder-20&linkCode=osi&th=1&psc=1">View Product</a></div><div class="product"><a href="https://www.amazon.com/dp/B078XJ2DCJ?tag=eloabder-20&linkCode=osi&th=1&psc=1"><img src="https://m.media-amazon.com/images/I/616oHEXPN1S._SL500_.jpg" alt="Product Image"></a><p>Pro Grade - Chip Paint Brushes - 36-Pack - 2 Inch Chip Brush for Paints, Stains, Varnishes, Glues, & Gesso</p><p>$17.99</p><a href="https://www.amazon.com/dp/B078XJ2DCJ?tag=eloabder-20&linkCode=osi&th=1&psc=1">View Product</a></div>

<div class="product"><a href="https://www.amazon.com/dp/B000YQJVFA?tag=eloabder-20&linkCode=osi&th=1&psc=1"><img src="https://m.media-amazon.com/images/I/51so-OSRt+L._SL500_.jpg" alt="Product Image"></a><p>Winsor & Newton Calligraphy Ink, 30ml (1-oz) Bottle, Black</p><p>$10.07 ($10.07 / Count)</p><a href="https://www.amazon.com/dp/B000YQJVFA?tag=eloabder-20&linkCode=osi&th=1&psc=1">View Product</a></div><div class="product"><a href="https://www.amazon.com/dp/B0026SBYUE?tag=eloabder-20&linkCode=osi&th=1&psc=1"><img src="https://m.media-amazon.com/images/I/412Ga9k1q8L._SL500_.jpg" alt="Product Image"></a><p>Higgins Black Calligraphy Ink, 2.5 Ounce Bottle (44314)</p><p>$5.99</p><a href="https://www.amazon.com/dp/B0026SBYUE?tag=eloabder-20&linkCode=osi&th=1&psc=1">View Product</a></div><div class="product"><a href="https://www.amazon.com/dp/B0CXDBD77N?tag=eloabder-20&linkCode=osi&th=1&psc=1"><img src="https://m.media-amazon.com/images/I/41x1EZv3P3L._SL500_.jpg" alt="Product Image"></a><p>SEAMEW 250 ML/8.8 OZ Calligraphy and Sumi Liquid Ink - Versatile Elegance for Chinese Traditional Art Works and Japanese Brush Art</p><p>$11.49</p><a href="https://www.amazon.com/dp/B0CXDBD77N?tag=eloabder-20&linkCode=osi&th=1&psc=1">View Product</a></div><div class="product"><a href="https://www.amazon.com/dp/B0CR3ML8VS?tag=eloabder-20&linkCode=osi&th=1&psc=1"><img src="https://m.media-amazon.com/images/I/41fLIKySQZL._SL500_.jpg" alt="Product Image"></a><p>Hmayart Prepared Super Thick Liquid Black Ink for Japanese Brush Calligraphy & Chinese Traditional Artworks (MZ010 250g)</p><p>$11.99</p><a href="https://www.amazon.com/dp/B0CR3ML8VS?tag=eloabder-20&linkCode=osi&th=1&psc=1">View Product</a></div><div class="product"><a href="https://www.amazon.com/dp/B0039OQ0J4?tag=eloabder-20&linkCode=osi&th=1&psc=1"><img src="https://m.media-amazon.com/images/I/41RRlR55P9L._SL500_.jpg" alt="Product Image"></a><p>Daiso Sumi Calligraphy Liquid Ink in a 180ml Bottle (Japan Import)</p><p>$8.99</p><a href="https://www.amazon.com/dp/B0039OQ0J4?tag=eloabder-20&linkCode=osi&th=1&psc=1">View Product</a></div><div class="product"><a href="https://www.amazon.com/dp/B074KJ289G?tag=eloabder-20&linkCode=osi&th=1&psc=1"><img src="https://m.media-amazon.com/images/I/41FZT3aCChL._SL500_.jpg" alt="Product Image"></a><p>Easyou Redstar Liquid Ink for Professioanl Traditional Calligraphy and Brush Painting Chinese Ink Liquid (Black&1pcs*180ML)</p><p>$10.99</p><a href="https://www.amazon.com/dp/B074KJ289G?tag=eloabder-20&linkCode=osi&th=1&psc=1">View Product</a></div><div class="product"><a href="https://www.amazon.com/dp/B07JYJ6C1W?tag=eloabder-20&linkCode=osi&th=1&psc=1"><img src="https://m.media-amazon.com/images/I/51IAnrWkw6L._SL500_.jpg" alt="Product Image"></a><p>MZ001 HmayartBlack Sumi Liquid Ink for Japanese Brush Calligraphy & Chinese Traditional Artworks 250ml (black)</p><p>$13.99</p><a href="https://www.amazon.com/dp/B07JYJ6C1W?tag=eloabder-20&linkCode=osi&th=1&psc=1">View Product</a></div><div class="product"><a href="https://www.amazon.com/dp/B0894L9M2C?tag=eloabder-20&linkCode=osi&th=1&psc=1"><img src="https://m.media-amazon.com/images/I/51H5LBUAZcL._SL500_.jpg" alt="Product Image"></a><p>24 Colors Calligraphy Ink Set, Calligraphy Fountain Glass Dip Pen Color Ink Caligrapher Pen Ink Bottle Set, Gold Powder Drawing Writing Art Ink with Gift Box - 24 x 7ml</p><p>$21.98</p><a href="https://www.amazon.com/dp/B0894L9M2C?tag=eloabder-20&linkCode=osi&th=1&psc=1">View Product</a></div><div class="product"><a href="https://www.amazon.com/dp/B0C49WVM7L?tag=eloabder-20&linkCode=osi&th=1&psc=1"><img src="https://m.media-amazon.com/images/I/41zxtjGWS1L._SL500_.jpg" alt="Product Image"></a><p>AOKUY 24 Colors Calligraphy Ink Set,Calligraphy Inks,Colorful Dip Pen Ink Set,Gold Powder Drawing Writing Art Ink with Gift Box</p><p>$16.99</p><a href="https://www.amazon.com/dp/B0C49WVM7L?tag=eloabder-20&linkCode=osi&th=1&psc=1">View Product</a></div>
<div class="product"><a href="https://www.amazon.com/dp/B0007ZJ8QU?tag=eloabder-20&linkCode=osi&th=1&psc=1"><img src="https://m.media-amazon.com/images/I/41vTwN7L9NL._SL500_.jpg" alt="Product Image"></a><p>Speedball C-Series Lettering Pen Set - 1 Penholder w/ 6 Nibs</p><p>$11.99</p><a href="https://www.amazon.com/dp/B0007ZJ8QU?tag=eloabder-20&linkCode=osi&th=1&psc=1">View Product</a></div><div class="product"><a href="https://www.amazon.com/dp/B003IGNH30?tag=eloabder-20&linkCode=osi&th=1&psc=1"><img src="https://m.media-amazon.com/images/I/412WGB9WzGL._SL500_.jpg" alt="Product Image"></a><p>Speedball 30710 10 Pen Nib Assorted Set</p><p>$21.99</p><a href="https://www.amazon.com/dp/B003IGNH30?tag=eloabder-20&linkCode=osi&th=1&psc=1">View Product</a></div><div class="product"><a href="https://www.amazon.com/dp/B0CQTCZRYC?tag=eloabder-20&linkCode=osi&th=1&psc=1"><img src="https://m.media-amazon.com/images/I/41+d7oXaTvL._SL500_.jpg" alt="Product Image"></a><p>10PCS Oblique Calligraphy Dip Pen Set Comic Pen Nib Set Fluid Writer Pen, 2-in-1 Drawing Pen Holder with 8 Pieces Stainless Steel Pen Replacement Nibs Nib for Writing, Painting, Signing, Sketch</p><p>$6.49</p><a href="https://www.amazon.com/dp/B0CQTCZRYC?tag=eloabder-20&linkCode=osi&th=1&psc=1">View Product</a></div><div class="product"><a href="https://www.amazon.com/dp/B000BYQLT4?tag=eloabder-20&linkCode=osi&th=1&psc=1"><img src="https://m.media-amazon.com/images/I/41Tmn+y1-xL._SL500_.jpg" alt="Product Image"></a><p>Speedball Calligraphy Pen Set - 1 Penholder w/ 4 Nibs, 2 Pen Tips</p><p>$13.99</p><a href="https://www.amazon.com/dp/B000BYQLT4?tag=eloabder-20&linkCode=osi&th=1&psc=1">View Product</a></div><div class="product"><a href="https://www.amazon.com/dp/B0B3CVPWMF?tag=eloabder-20&linkCode=osi&th=1&psc=1"><img src="https://m.media-amazon.com/images/I/41Zw4tqW+HL._SL500_.jpg" alt="Product Image"></a><p>Mewutal 2Pcs/Set Comic Pen Nib Set Pen Nibs Replacements for Calligraphy Manga Writing Painting(Pumpkin Head Nib)</p><p>$7.99</p><a href="https://www.amazon.com/dp/B0B3CVPWMF?tag=eloabder-20&linkCode=osi&th=1&psc=1">View Product</a></div><div class="product"><a href="https://www.amazon.com/dp/B0BVR4M5X4?tag=eloabder-20&linkCode=osi&th=1&psc=1"><img src="https://m.media-amazon.com/images/I/515TyiGpQKL._SL500_.jpg" alt="Product Image"></a><p>Wonwood_direct Calligraphy set, 7 Calligraphy Pens with Different Nibs and 40 Ink Cartridges in 13 Colors for Beginner Writing Drawing for Greeting Card Signature Calligraphy (Type 1)</p><p>$15.99</p><a href="https://www.amazon.com/dp/B0BVR4M5X4?tag=eloabder-20&linkCode=osi&th=1&psc=1">View Product</a></div><div class="product"><a href="https://www.amazon.com/dp/B0BGRM97MF?tag=eloabder-20&linkCode=osi&th=1&psc=1"><img src="https://m.media-amazon.com/images/I/41vB7fs3VbL._SL500_.jpg" alt="Product Image"></a><p>Gullor A Bunch of Nibs for Comic Dip Pen, Assorted Calligraphy Dip Pen Nibs, Various Sizes and Shapes, 33 Nibs in Box</p><p>$9.99</p><a href="https://www.amazon.com/dp/B0BGRM97MF?tag=eloabder-20&linkCode=osi&th=1&psc=1">View Product</a></div>
<div class="product"><a href="https://www.amazon.com/dp/B000KNNVX0?tag=eloabder-20&linkCode=osi&th=1&psc=1"><img src="https://m.media-amazon.com/images/I/51RAGoN6UsL._SL500_.jpg" alt="Product Image"></a><p>Strathmore STR- 50 Sheet Tape Bound Calligraphy Pad, 8.5 by 11", White</p><p>$7.83</p><a href="https://www.amazon.com/dp/B000KNNVX0?tag=eloabder-20&linkCode=osi&th=1&psc=1">View Product</a></div><div class="product"><a href="https://www.amazon.com/dp/B00PGBVNM2?tag=eloabder-20&linkCode=osi&th=1&psc=1"><img src="https://m.media-amazon.com/images/I/51VvCXPD-QL._SL500_.jpg" alt="Product Image"></a><p>U.S. Art Supply (Pack of 2 Pads) - 9" x 12" Premium Calligraphic Practice Paper Pad, 19 Pound Bond (70gsm), Pad of 50-Sheets, Calligraphy Paper with Printed Practice Rule and Slanted Grid</p><p>$12.99</p><a href="https://www.amazon.com/dp/B00PGBVNM2?tag=eloabder-20&linkCode=osi&th=1&psc=1">View Product</a></div><div class="product"><a href="https://www.amazon.com/dp/B0CQ1VTM1R?tag=eloabder-20&linkCode=osi&th=1&psc=1"><img src="https://m.media-amazon.com/images/I/31pMzPI5pdL._SL500_.jpg" alt="Product Image"></a><p>50 Sheets Watercolor Paper 8 x 6inch Deckled Edge Paper 190 GSM Rough/Textured Handmade Paper Cotton Paper White Textured Paper for Watercolor, Writing Calligraphy, Invitations, Letters</p><p>$12.99 ($0.26 / Count)</p><a href="https://www.amazon.com/dp/B0CQ1VTM1R?tag=eloabder-20&linkCode=osi&th=1&psc=1">View Product</a></div><div class="product"><a href="https://www.amazon.com/dp/B0CGHVSX6W?tag=eloabder-20&linkCode=osi&th=1&psc=1"><img src="https://m.media-amazon.com/images/I/41pAexcoWlL._SL500_.jpg" alt="Product Image"></a><p>KYMY Chinese/Japanese Calligraphy Paper 100PCS, Sumi/Rice Paper for Writing Painting Drawing Practice, Chinese Brush Ink Xuan Paper, Half Sheng Shu (Half Raw Ripe) (34 x 34 cm (13.38 x 13.38 Inch))</p><p>$10.99 ($0.11 / Count)</p><a href="https://www.amazon.com/dp/B0CGHVSX6W?tag=eloabder-20&linkCode=osi&th=1&psc=1">View Product</a></div>
<div class="product"><a href="https://www.amazon.com/dp/B08FCZC2R3?tag=eloabder-20&linkCode=osi&th=1&psc=1"><img src="https://m.media-amazon.com/images/I/51TWqPlqpfL._SL500_.jpg" alt="Product Image"></a><p>Craft 'n' Beyond Calligraphy Brush Pens Pack of 3 Small, Medium and Large Markers for Hand Lettering, Art Drawing, Sketching, Scrapbooking, Journaling - Beginner Kit with Fadeproof Black Ink</p><p>$5.49</p><a href="https://www.amazon.com/dp/B08FCZC2R3?tag=eloabder-20&linkCode=osi&th=1&psc=1">View Product</a></div><div class="product"><a href="https://www.amazon.com/dp/B0B67TWWDG?tag=eloabder-20&linkCode=osi&th=1&psc=1"><img src="https://m.media-amazon.com/images/I/5188ARIL9sL._SL500_.jpg" alt="Product Image"></a><p>Brusarth Calligraphy Pens, 8 Size Calligraphy Pens for Writing, Brush Pens Calligraphy Set for Beginners, Hand Lettering Pens, Brush Markers Set, Black Ink Drawing Pens</p><p>$8.95</p><a href="https://www.amazon.com/dp/B0B67TWWDG?tag=eloabder-20&linkCode=osi&th=1&psc=1">View Product</a></div><div class="product"><a href="https://www.amazon.com/dp/B000SHQFEA?tag=eloabder-20&linkCode=osi&th=1&psc=1"><img src="https://m.media-amazon.com/images/I/41sx3qStImL._SL500_.jpg" alt="Product Image"></a><p>edding 1255 calligraphy pen - black - 3 pens - calligraphy nib 2 - 5 mm - fibre pens for paper, wood, terracotta, canvas - hand lettering, bullet journals, thank you cards, calligraphy books</p><p>$6.50</p><a href="https://www.amazon.com/dp/B000SHQFEA?tag=eloabder-20&linkCode=osi&th=1&psc=1">View Product</a></div><div class="product"><a href="https://www.amazon.com/dp/B001DKJLEC?tag=eloabder-20&linkCode=osi&th=1&psc=1"><img src="https://m.media-amazon.com/images/I/41x7A8wo7YL._SL500_.jpg" alt="Product Image"></a><p>Speedball Elegant Writer Calligraphy 4 Marker Set, Black, 2.0 mm, 2.5 mm & 3.0 mm Chisel Nib Tip Pens for Drawing, Journaling, and Scrapbooking</p><p>$9.99 ($2.50 / Count)</p><a href="https://www.amazon.com/dp/B001DKJLEC?tag=eloabder-20&linkCode=osi&th=1&psc=1">View Product</a></div><div class="product"><a href="https://www.amazon.com/dp/B08RYWH185?tag=eloabder-20&linkCode=osi&th=1&psc=1"><img src="https://m.media-amazon.com/images/I/51GFkyfC3iL._SL500_.jpg" alt="Product Image"></a><p>Piochoo Calligraphy Pens,8 Size Calligraphy Pens for Writing,Brush Pens Calligraphy Set for Beginners, Hand Lettering Pens</p><p>$12.99</p><a href="https://www.amazon.com/dp/B08RYWH185?tag=eloabder-20&linkCode=osi&th=1&psc=1">View Product</a></div>
<div class="product"><a href="https://www.amazon.com/dp/B0C66K9NHR?tag=eloabder-20&linkCode=osi&th=1&psc=1"><img src="https://m.media-amazon.com/images/I/51As2T+7gzL._SL500_.jpg" alt="Product Image"></a><p>Calligraphy Kit for Beginners - Calligraphy Pen Set with Calligraphy Workbook</p><p>$26.89</p><a href="https://www.amazon.com/dp/B0C66K9NHR?tag=eloabder-20&linkCode=osi&th=1&psc=1">View Product</a></div><div class="product"><a href="https://www.amazon.com/dp/B081J6QLZN?tag=eloabder-20&linkCode=osi&th=1&psc=1"><img src="https://m.media-amazon.com/images/I/41lK2Gw0JZL._SL500_.jpg" alt="Product Image"></a><p>Trustela Calligraphy Set for Beginners, Dip Pen Set with 19 Nibs, Oblique Pen Holder, Wooden Pen Set</p><p>$21.99</p><a href="https://www.amazon.com/dp/B081J6QLZN?tag=eloabder-20&linkCode=osi&th=1&psc=1">View Product</a></div><div class="product"><a href="https://www.amazon.com/dp/B0BCVDNPRJ?tag=eloabder-20&linkCode=osi&th=1&psc=1"><img src="https://m.media-amazon.com/images/I/51J-hFN4AeL._SL500_.jpg" alt="Product Image"></a><p>GC QUILL Calligraphy Pens Set 64pcs - Calligraphy Fountain Pen Set with 3 Fountain Pens, 7 Varied Nibs, 54 Ink Cartridges(10 Colors) - Writing, Drawing and Calligraphy Practice for beginner GC-F354</p><p>$23.99</p><a href="https://www.amazon.com/dp/B0BCVDNPRJ?tag=eloabder-20&linkCode=osi&th=1&psc=1">View Product</a></div>
<div class="product"><a href="https://www.amazon.com/dp/B092Q8BQC1?tag=eloabder-20&linkCode=osi&th=1&psc=1"><img src="https://m.media-amazon.com/images/I/51gdXkGIguS._SL500_.jpg" alt="Product Image"></a><p>AIYNC Feather Calligraphy Pen Ink Set, Includes Quill Pen and Wooden Dip Pen, Ink,17 Replacement Nib, Pen Base, 3 Wax Seal Sticks, Stamp, White Wax, Spoon, Envelope Letter Paper, Envelope Tool(Green)</p><p>$22.99</p><a href="https://www.amazon.com/dp/B092Q8BQC1?tag=eloabder-20&linkCode=osi&th=1&psc=1">View Product</a></div>
<div class="product"><a href="https://www.amazon.com/dp/B09J228BSF?tag=eloabder-20&linkCode=osi&th=1&psc=1"><img src="https://m.media-amazon.com/images/I/61MByvIyHGL._SL500_.jpg" alt="Product Image"></a><p>Candle dye - 18 Colors Liquid Oil-Based dye for Candle Wax, Vivid Candle Color for DIY Candle Making, Highly Concentrate Natural Candle Color</p><p>$15.59 ($2.47 / Fl Oz)</p><a href="https://www.amazon.com/dp/B09J228BSF?tag=eloabder-20&linkCode=osi&th=1&psc=1">View Product</a></div><div class="product"><a href="https://www.amazon.com/dp/B06Y3T5RV4?tag=eloabder-20&linkCode=osi&th=1&psc=1"><img src="https://m.media-amazon.com/images/I/61yZyP8eZTL._SL500_.jpg" alt="Product Image"></a><p>Candle Dyes for Soy Candle Making - Wax Сolor Dye Color Chips for Soy Wax - 16 Popular Colors Wax Dye Flakes</p><p>$16.99 ($10.62 / Ounce)</p><a href="https://www.amazon.com/dp/B06Y3T5RV4?tag=eloabder-20&linkCode=osi&th=1&psc=1">View Product</a></div><div class="product"><a href="https://www.amazon.com/dp/B0CMCPGLQZ?tag=eloabder-20&linkCode=osi&th=1&psc=1"><img src="https://m.media-amazon.com/images/I/51G9e-Epa0L._SL500_.jpg" alt="Product Image"></a><p>Candle Dye - 12 Colors Wax Melt Dye for Candle Making, Oil-Based Dye for Wax, Highly Concentrate Liquid Candle Color Dye</p><p>$8.99</p><a href="https://www.amazon.com/dp/B0CMCPGLQZ?tag=eloabder-20&linkCode=osi&th=1&psc=1">View Product</a></div><div class="product"><a href="https://www.amazon.com/dp/B09GLMZ5PS?tag=eloabder-20&linkCode=osi&th=1&psc=1"><img src="https://m.media-amazon.com/images/I/51SCG6n6Y4L._SL500_.jpg" alt="Product Image"></a><p>OSBANG Oil-Based Candle Color Dye Non-Toxic Non-Irritating 20 Colors for DIY Candle Making Supplies - Vibrant Concentrated Candle Coloring for Soy Wax Dyes, Beeswax, Gel Wax, Candle Making Kit</p><p>$14.99 ($2.22 / Fl Oz)</p><a href="https://www.amazon.com/dp/B09GLMZ5PS?tag=eloabder-20&linkCode=osi&th=1&psc=1">View Product</a></div><div class="product"><a href="https://www.amazon.com/dp/B0C8D2X4F1?tag=eloabder-20&linkCode=osi&th=1&psc=1"><img src="https://m.media-amazon.com/images/I/51e0mqPDEJL._SL500_.jpg" alt="Product Image"></a><p>Candle Dye - 14 Colors Highly Concentrate Oil-Based Liquid Candle Dye Kit, Candle Dyes for Candle Making, Beeswax, Gel Wax, Paraffin Wax - Each 0.35 fl oz</p><p>$9.99</p><a href="https://www.amazon.com/dp/B0C8D2X4F1?tag=eloabder-20&linkCode=osi&th=1&psc=1">View Product</a></div>

<div class="product"><a href="https://www.amazon.com/dp/B0C6FHSQR7?tag=eloabder-20&linkCode=osi&th=1&psc=1"><img src="https://m.media-amazon.com/images/I/41hBOCPELBL._SL500_.jpg" alt="Product Image"></a><p>Mold Release, Silicone Mold Release Spray (16.9 fl oz / 500ml) Mold Release for Epoxy Resin and Candle Mold Release Spray (1 Pack Mega Size)</p><p>$9.99 ($0.59 / Fl Oz)</p><a href="https://www.amazon.com/dp/B0C6FHSQR7?tag=eloabder-20&linkCode=osi&th=1&psc=1">View Product</a></div>
<div class="product"><a href="https://www.amazon.com/dp/B015W8DWUO?tag=eloabder-20&linkCode=osi&th=1&psc=1"><img src="https://m.media-amazon.com/images/I/41umHqV4zhL._SL500_.jpg" alt="Product Image"></a><p>EricX Light 100 Piece Cotton Candle Wick 6" Pre-Waxed for Candle Making,Candle DIY</p><p>$5.35</p><a href="https://www.amazon.com/dp/B015W8DWUO?tag=eloabder-20&linkCode=osi&th=1&psc=1">View Product</a></div><div class="product"><a href="https://www.amazon.com/dp/B08XZB43NZ?tag=eloabder-20&linkCode=osi&th=1&psc=1"><img src="https://m.media-amazon.com/images/I/51cyFvwhpJL._SL500_.jpg" alt="Product Image"></a><p>Candle Wicks 100 Pcs 6 inch with 30Pcs Candle Wick Stickers and 10 Pcs Wooden Candle Wick Centering Device for Soy Beeswax Candle Making and Candle DIY</p><p>$4.99</p><a href="https://www.amazon.com/dp/B08XZB43NZ?tag=eloabder-20&linkCode=osi&th=1&psc=1">View Product</a></div><div class="product"><a href="https://www.amazon.com/dp/B084ZSZQ4T?tag=eloabder-20&linkCode=osi&th=1&psc=1"><img src="https://m.media-amazon.com/images/I/41vLRbXIHhL._SL500_.jpg" alt="Product Image"></a><p>Candle Wick,100 Piece Candle Wicks for Candle Making DIY, 6 Inch Pre-Waxed Cotton Wick with Tabs</p><p>$4.79</p><a href="https://www.amazon.com/dp/B084ZSZQ4T?tag=eloabder-20&linkCode=osi&th=1&psc=1">View Product</a></div><div class="product"><a href="https://www.amazon.com/dp/B097D7S6KB?tag=eloabder-20&linkCode=osi&th=1&psc=1"><img src="https://m.media-amazon.com/images/I/41jpnnrDAjL._SL500_.jpg" alt="Product Image"></a><p>CandMak Candle Wick Kit, 60 Cotton Candle Wicks with Candle Making Tools for Candle Making (Thick 4"+6"+8")</p><p>$5.99</p><a href="https://www.amazon.com/dp/B097D7S6KB?tag=eloabder-20&linkCode=osi&th=1&psc=1">View Product</a></div><div class="product"><a href="https://www.amazon.com/dp/B08DLSG8NW?tag=eloabder-20&linkCode=osi&th=1&psc=1"><img src="https://m.media-amazon.com/images/I/41QkciWLWjL._SL500_.jpg" alt="Product Image"></a><p>Bulk 6inch Candle Wicks 100 Pcs with 60Pcs Candle Wick Stickers and 10 Pcs Wooden Candle Wick Centering Device for Soy Beeswax Candle Making (6inch)</p><p>$5.45</p><a href="https://www.amazon.com/dp/B08DLSG8NW?tag=eloabder-20&linkCode=osi&th=1&psc=1">View Product</a></div><div class="product"><a href="https://www.amazon.com/dp/B08Z334W66?tag=eloabder-20&linkCode=osi&th=1&psc=1"><img src="https://m.media-amazon.com/images/I/51nsfCzAwwL._SL500_.jpg" alt="Product Image"></a><p>DINGPAI 100pcs Cotton Candle Wicks, 6 inches Low Smoke Pre-Waxed Candle Wicks for Candle Making, Candle DIY</p><p>$4.99</p><a href="https://www.amazon.com/dp/B08Z334W66?tag=eloabder-20&linkCode=osi&th=1&psc=1">View Product</a></div><div class="product"><a href="https://www.amazon.com/dp/B0BV1NCQ28?tag=eloabder-20&linkCode=osi&th=1&psc=1"><img src="https://m.media-amazon.com/images/I/41lmQ4K9ccL._SL500_.jpg" alt="Product Image"></a><p>Ziosxin 100pcs Smokeless Cherry Wood Candle Wicks, Long Lasting Flame, Easily Burn, Natural Candle Cores with Stand and Glue Dot, Warning Label for DIY Candle Making</p><p>$9.99</p><a href="https://www.amazon.com/dp/B0BV1NCQ28?tag=eloabder-20&linkCode=osi&th=1&psc=1">View Product</a></div><div class="product"><a href="https://www.amazon.com/dp/B08LPKTVZW?tag=eloabder-20&linkCode=osi&th=1&psc=1"><img src="https://m.media-amazon.com/images/I/41AtaynrIqL._SL500_.jpg" alt="Product Image"></a><p>BEADNOVA Candle Cotton Wicks 4 Inch 150pcs Short Candle Making Wicks Cotton Wicks for Candle Making DIY</p><p>$4.99</p><a href="https://www.amazon.com/dp/B08LPKTVZW?tag=eloabder-20&linkCode=osi&th=1&psc=1">View Product</a></div><div class="product"><a href="https://www.amazon.com/dp/B0925G2VBY?tag=eloabder-20&linkCode=osi&th=1&psc=1"><img src="https://m.media-amazon.com/images/I/51EzgDRsxoL._SL500_.jpg" alt="Product Image"></a><p>CHEFBEE 200 FT Organic Hemp Wick, Hemp Wick Well Coated Natural Beeswax for Hemp Wick Lighter or Candle Making, Slow Burn, No Dripping, Standard Size(1.1mm)</p><p>$6.99</p><a href="https://www.amazon.com/dp/B0925G2VBY?tag=eloabder-20&linkCode=osi&th=1&psc=1">View Product</a></div>
<div class="product"><a href="https://www.amazon.com/dp/B0BJZYCQV3?tag=eloabder-20&linkCode=osi&th=1&psc=1"><img src="https://m.media-amazon.com/images/I/41dS7xm9bKL._SL500_.jpg" alt="Product Image"></a><p>Simetufy Canvas Boards for Painting 12 Pack,8 x 10 Inch Painting Canvas Panels, Blank Canvas for Painting- Gesso Primed Acid-Free 100% Cotton for Acrylics Oil Watercolor Tempera Paints</p><p>$12.99</p><a href="https://www.amazon.com/dp/B0BJZYCQV3?tag=eloabder-20&linkCode=osi&th=1&psc=1">View Product</a></div><div class="product"><a href="https://www.amazon.com/dp/B085F4JH1H?tag=eloabder-20&linkCode=osi&th=1&psc=1"><img src="https://m.media-amazon.com/images/I/41l7Efp7ILL._SL500_.jpg" alt="Product Image"></a><p>KEFF Canvas Boards for Painting - 24 Pack - Art Supplies Paint Canvas 5x7, 8x10, 9x12, 11x14 Canvas Panels, 100% Cotton Pre-Primed Large Canvas for Painting Supplies, Acrylic, Oil, Watercolor, Tempera</p><p>$24.99</p><a href="https://www.amazon.com/dp/B085F4JH1H?tag=eloabder-20&linkCode=osi&th=1&psc=1">View Product</a></div><div class="product"><a href="https://www.amazon.com/dp/B0CMXFTNDC?tag=eloabder-20&linkCode=osi&th=1&psc=1"><img src="https://m.media-amazon.com/images/I/41WZD2Y6GfL._SL500_.jpg" alt="Product Image"></a><p>ESRICH Canvas Boards for Painting, 5 Pack Canvases for Painting 8x10 Cotton Primed Acid Free Blank Canvas Panels for Oil Paint, Watercolor, Acrylic Paint, Gouache and Tempera.</p><p>$5.99</p><a href="https://www.amazon.com/dp/B0CMXFTNDC?tag=eloabder-20&linkCode=osi&th=1&psc=1">View Product</a></div><div class="product"><a href="https://www.amazon.com/dp/B0C6LMPMPJ?tag=eloabder-20&linkCode=osi&th=1&psc=1"><img src="https://m.media-amazon.com/images/I/51QF5c5qRiL._SL500_.jpg" alt="Product Image"></a><p>Simetufy Canvas Boards for Painting 32 Pack, Paint Canvas Panels Set - 5x7, 8x10, 9x12, 11x14 Inches, Pre-Primed 100% Cotton Blank Canvases for Oil Acrylic Watercolor Pouring Paint for Kids & Artists</p><p>$24.99</p><a href="https://www.amazon.com/dp/B0C6LMPMPJ?tag=eloabder-20&linkCode=osi&th=1&psc=1">View Product</a></div><div class="product"><a href="https://www.amazon.com/dp/B0CSD8VYYM?tag=eloabder-20&linkCode=osi&th=1&psc=1"><img src="https://m.media-amazon.com/images/I/41PeXd8MwvL._SL500_.jpg" alt="Product Image"></a><p>4 Pack 11x14 Inch Canvas Boards for Painting, Blank Canvases for Painting,Triple Primed for Oil & Acrylic Paints,100% Cotton Canvas Panels for Acrylics Oil Watercolor Tempera Paints,3mm Thickness</p><p>$8.49</p><a href="https://www.amazon.com/dp/B0CSD8VYYM?tag=eloabder-20&linkCode=osi&th=1&psc=1">View Product</a></div><div class="product"><a href="https://www.amazon.com/dp/B0D59RDVM5?tag=eloabder-20&linkCode=osi&th=1&psc=1"><img src="https://m.media-amazon.com/images/I/519TRFsibfL._SL500_.jpg" alt="Product Image"></a><p>Paroto Canvas Boards for Painting 12 Pack, Multi-Size Painting Canvas Set 5x7, 8x10, 10x12, 12x16 Inches, 100% Cotton Blank Canvas Oil Acrylic Watercolor Pouring Paint for Kids, Beginners, Artists</p><p>$23.99</p><a href="https://www.amazon.com/dp/B0D59RDVM5?tag=eloabder-20&linkCode=osi&th=1&psc=1">View Product</a></div><div class="product"><a href="https://www.amazon.com/dp/B0CSD8YM4L?tag=eloabder-20&linkCode=osi&th=1&psc=1"><img src="https://m.media-amazon.com/images/I/41ZgWqkIMFL._SL500_.jpg" alt="Product Image"></a><p>4 Pack 8x10 Inch Canvas Boards for Painting, Blank Canvases for Painting,Triple Primed for Oil & Acrylic Paints, 100% Cotton Canvas Panels, 3mm Thickness</p><p>$3.99</p><a href="https://www.amazon.com/dp/B0CSD8YM4L?tag=eloabder-20&linkCode=osi&th=1&psc=1">View Product</a></div><div class="product"><a href="https://www.amazon.com/dp/B0CQFTW7MH?tag=eloabder-20&linkCode=osi&th=1&psc=1"><img src="https://m.media-amazon.com/images/I/41PiitKvQTL._SL500_.jpg" alt="Product Image"></a><p>Simetufy 4 Pack Canvas Boards for Painting 12x16 inch, Canvases for Painting, Gesso Primed Acid-Free 100% Cotton Large Canvas Panels for Acrylics Oil Watercolor Tempera Paints</p><p>$11.99</p><a href="https://www.amazon.com/dp/B0CQFTW7MH?tag=eloabder-20&linkCode=osi&th=1&psc=1">View Product</a></div>
<div class="product"><a href="https://www.amazon.com/dp/B07D6V7H85?tag=eloabder-20&linkCode=osi&th=1&psc=1"><img src="https://m.media-amazon.com/images/I/41EEPf6prIL._SL500_.jpg" alt="Product Image"></a><p>U.S. Art Supply 36" Wide x 6 Yards (18 Feet) Long Unstretched Canvas Roll - 100% Cotton, 12-Ounce Triple Primed Gesso, Acid-Free - Pro Artist Quality, Oil & Acrylic Painting, Murals Backdrop, Cut Size</p><p>$49.99</p><a href="https://www.amazon.com/dp/B07D6V7H85?tag=eloabder-20&linkCode=osi&th=1&psc=1">View Product</a></div><div class="product"><a href="https://www.amazon.com/dp/B0C98L44GG?tag=eloabder-20&linkCode=osi&th=1&psc=1"><img src="https://m.media-amazon.com/images/I/31gEyNH9+sL._SL500_.jpg" alt="Product Image"></a><p>Kinlop Double Primed Cotton Canvas White Canvas Roll for Oil and Acrylic Paint (20 Feet x 48 Inch)</p><p>$38.99</p><a href="https://www.amazon.com/dp/B0C98L44GG?tag=eloabder-20&linkCode=osi&th=1&psc=1">View Product</a></div><div class="product"><a href="https://www.amazon.com/dp/B0CLSXCD1W?tag=eloabder-20&linkCode=osi&th=1&psc=1"><img src="https://m.media-amazon.com/images/I/414jbnjcrQL._SL500_.jpg" alt="Product Image"></a><p>U.S. Art Supply 10-Ounce Unprimed 63" Wide x 2 Yards (6 Feet) Long Heavyweight Unstretched Canvas Roll - 100% Cotton, Woven - Oil & Acrylic Painting, Murals, Backdrop - Cut To Stretcher Bar Frame Size</p><p>$24.99</p><a href="https://www.amazon.com/dp/B0CLSXCD1W?tag=eloabder-20&linkCode=osi&th=1&psc=1">View Product</a></div><div class="product"><a href="https://www.amazon.com/dp/B09MCHDSPR?tag=eloabder-20&linkCode=osi&th=1&psc=1"><img src="https://m.media-amazon.com/images/I/41S+37Lx2wL._SL500_.jpg" alt="Product Image"></a><p>100% Natural Cotton 7 oz Canvas Fabric (Duck), 63 Inches Wide X 3 Yards Long</p><p>$29.95</p><a href="https://www.amazon.com/dp/B09MCHDSPR?tag=eloabder-20&linkCode=osi&th=1&psc=1">View Product</a></div><div class="product"><a href="https://www.amazon.com/dp/B07VX9TLM1?tag=eloabder-20&linkCode=osi&th=1&psc=1"><img src="https://m.media-amazon.com/images/I/41-bqGVrblL._SL500_.jpg" alt="Product Image"></a><p>Premium Polyster Matte Canvas Roll, Quick Dry, Wide Format Inkjet Printer Compatible, Perfect for Fine Art, Photography, Giclée Printing, Archival Quality Prints. (24"x60' 290gsm Polyester)</p><p>$69.99</p><a href="https://www.amazon.com/dp/B07VX9TLM1?tag=eloabder-20&linkCode=osi&th=1&psc=1">View Product</a></div><div class="product"><a href="https://www.amazon.com/dp/B079VP3F1B?tag=eloabder-20&linkCode=osi&th=1&psc=1"><img src="https://m.media-amazon.com/images/I/31eaUH1-cWL._SL500_.jpg" alt="Product Image"></a><p>VViViD Double Primed Cotton Canvas 12" Wide Roll Choose Your Size! (10ft x 12" Roll)</p><p>$16.88</p><a href="https://www.amazon.com/dp/B079VP3F1B?tag=eloabder-20&linkCode=osi&th=1&psc=1">View Product</a></div><div class="product"><a href="https://www.amazon.com/dp/B09954KKH3?tag=eloabder-20&linkCode=osi&th=1&psc=1"><img src="https://m.media-amazon.com/images/I/41SwQCPSmAL._SL500_.jpg" alt="Product Image"></a><p>Polyester Canvas Roll Professional Matte Canvas Roll Wide format Inkjet Printing For Printing Drawing Oil Acrylic Or Water-Based Painting (200GSM Polyester 36"x100ft)</p><p>$123.99</p><a href="https://www.amazon.com/dp/B09954KKH3?tag=eloabder-20&linkCode=osi&th=1&psc=1">View Product</a></div>
<div class="product"><a href="https://www.amazon.com/dp/B003A2I5T8?tag=eloabder-20&linkCode=osi&th=1&psc=1"><img src="https://m.media-amazon.com/images/I/41LvtrGFjVL._SL500_.jpg" alt="Product Image"></a><p>Astrobrights/Neenah Bright White Cardstock, 8.5" x 11", 65 lb/176 gsm, White, 75 Sheets (90905-02) - Packaging May Vary</p><p>$6.99</p><a href="https://www.amazon.com/dp/B003A2I5T8?tag=eloabder-20&linkCode=osi&th=1&psc=1">View Product</a></div><div class="product"><a href="https://www.amazon.com/dp/B00006IDRW?tag=eloabder-20&linkCode=osi&th=1&psc=1"><img src="https://m.media-amazon.com/images/I/412xLv5ae7L._SL500_.jpg" alt="Product Image"></a><p>Neenah Premium Cardstock, 8.5" x 11", 65 lb/176 gsm, Bright White, 250 Sheets (91904)</p><p>$14.29</p><a href="https://www.amazon.com/dp/B00006IDRW?tag=eloabder-20&linkCode=osi&th=1&psc=1">View Product</a></div><div class="product"><a href="https://www.amazon.com/dp/B07FX5LCXK?tag=eloabder-20&linkCode=osi&th=1&psc=1"><img src="https://m.media-amazon.com/images/I/41n9D1rlKgL._SL500_.jpg" alt="Product Image"></a><p>Printworks White Cardstock, 67 lb, 92 Bright, FSC Certified, Perfect for School and Craft Projects, 8.5 x 11 Inch, 100 Sheets (00540)</p><p>$11.49</p><a href="https://www.amazon.com/dp/B07FX5LCXK?tag=eloabder-20&linkCode=osi&th=1&psc=1">View Product</a></div><div class="product"><a href="https://www.amazon.com/dp/B07QQ3L753?tag=eloabder-20&linkCode=osi&th=1&psc=1"><img src="https://m.media-amazon.com/images/I/41n0Ue3DLbL._SL500_.jpg" alt="Product Image"></a><p>Neenah White Index Paper, Mediumweight, 300 Sheets, 199 gsm, 94 Brightness, 8.5" x 11" - MORE SHEETS! (91635)</p><p>$15.99</p><a href="https://www.amazon.com/dp/B07QQ3L753?tag=eloabder-20&linkCode=osi&th=1&psc=1">View Product</a></div><div class="product"><a href="https://www.amazon.com/dp/B07D4YF3K4?tag=eloabder-20&linkCode=osi&th=1&psc=1"><img src="https://m.media-amazon.com/images/I/41ffykOOE7L._SL500_.jpg" alt="Product Image"></a><p>Neenah Index Cardstock, 8.5" x 11", 90 lb/163 gsm, White, Lightweight, 94 Brightness, 300 Sheets (91437)</p><p>$19.24</p><a href="https://www.amazon.com/dp/B07D4YF3K4?tag=eloabder-20&linkCode=osi&th=1&psc=1">View Product</a></div><div class="product"><a href="https://www.amazon.com/dp/B08DCF5B4P?tag=eloabder-20&linkCode=osi&th=1&psc=1"><img src="https://m.media-amazon.com/images/I/41GRzmuulDL._SL500_.jpg" alt="Product Image"></a><p>Hammermill White Cardstock, 110 Lb, 8.5 x 11 Colored Cardstock, 1 Pack (200 Sheets) - Thick Card Stock, Made in the USA, 168380R</p><p>$13.32</p><a href="https://www.amazon.com/dp/B08DCF5B4P?tag=eloabder-20&linkCode=osi&th=1&psc=1">View Product</a></div><div class="product"><a href="https://www.amazon.com/dp/B0CYPPHFV9?tag=eloabder-20&linkCode=osi&th=1&psc=1"><img src="https://m.media-amazon.com/images/I/51IQR4E5R1L._SL500_.jpg" alt="Product Image"></a><p>96 Sheets Colored Cardstock 24 Colors, 8.5x11 Color Cardstock Bulk, 200gsm/75lb Assorted Colors Construction Paper for Printing, Card Making, Die Cutting, Crafts, Scrapbooking, Party Decorations</p><p>$12.99</p><a href="https://www.amazon.com/dp/B0CYPPHFV9?tag=eloabder-20&linkCode=osi&th=1&psc=1">View Product</a></div><div class="product"><a href="https://www.amazon.com/dp/B07QNMF4ZP?tag=eloabder-20&linkCode=osi&th=1&psc=1"><img src="https://m.media-amazon.com/images/I/41mVi2qUcyL._SL500_.jpg" alt="Product Image"></a><p>Printworks White Cardstock, Standard, 67 lb. Vellum, 92 Bright, 250 sheets, 8.5 x 11, For Office, Home & School Printing, Craft Projects (00564)</p><p>$12.92</p><a href="https://www.amazon.com/dp/B07QNMF4ZP?tag=eloabder-20&linkCode=osi&th=1&psc=1">View Product</a></div><div class="product"><a href="https://www.amazon.com/dp/B09Y681BML?tag=eloabder-20&linkCode=osi&th=1&psc=1"><img src="https://m.media-amazon.com/images/I/41whFoq6OEL._SL500_.jpg" alt="Product Image"></a><p>Astrobrights Mega Collection, Colored Cardstock, Punchy Pastel 5-Color Assortment, 320 Sheets, 65 lb./176 gsm, 8.5" x 11" - MORE SHEETS! (91780)</p><p>$19.87</p><a href="https://www.amazon.com/dp/B09Y681BML?tag=eloabder-20&linkCode=osi&th=1&psc=1">View Product</a></div>


<div class="product"><a href="https://www.amazon.com/dp/B0B7DZ4YPN?tag=eloabder-20&linkCode=osi&th=1&psc=1"><img src="https://m.media-amazon.com/images/I/51NIBuS801L._SL500_.jpg" alt="Product Image"></a><p>Epoxy Resin 64OZ - Crystal Clear Epoxy Resin Kit - No Yellowing No Bubble Art Resin Casting Resin for Art Crafts, Jewelry Making, Wood & Resin Molds(32OZ x 2)</p><p>$34.99 ($0.55 / Ounce)</p><a href="https://www.amazon.com/dp/B0B7DZ4YPN?tag=eloabder-20&linkCode=osi&th=1&psc=1">View Product</a></div><div class="product"><a href="https://www.amazon.com/dp/B0CPVCRD93?tag=eloabder-20&linkCode=osi&th=1&psc=1"><img src="https://m.media-amazon.com/images/I/51mBmD2NCqL._SL500_.jpg" alt="Product Image"></a><p>Puduo Epoxy Resin Kit 72OZ，Newly Formulated Crystal Clear Epoxy Resin，Strong, Bubble-Free, Anti-Yellowing Art Resin That，Suitable for Casting, DIY, Resin Art, Molds, Jewelry, Easy to Mix 1:1 Ratio</p><p>$36.99 ($0.51 / Ounce)</p><a href="https://www.amazon.com/dp/B0CPVCRD93?tag=eloabder-20&linkCode=osi&th=1&psc=1">View Product</a></div><div class="product"><a href="https://www.amazon.com/dp/B0BY2PFY62?tag=eloabder-20&linkCode=osi&th=1&psc=1"><img src="https://m.media-amazon.com/images/I/51jY4DbLEVL._SL500_.jpg" alt="Product Image"></a><p>LET'S RESIN Polyurethane Resin, 60oz 2 Part Casting Resin, Fast Cured Resin within 10 Minutes, Ultra Low Viscosity & Low Odor Pourable Liquid Plastic for Casting Models, Prototypes & Other Resin Craft</p><p>$40.99 ($0.68 / Ounce)</p><a href="https://www.amazon.com/dp/B0BY2PFY62?tag=eloabder-20&linkCode=osi&th=1&psc=1">View Product</a></div><div class="product"><a href="https://www.amazon.com/dp/B0CXLX1BF1?tag=eloabder-20&linkCode=osi&th=1&psc=1"><img src="https://m.media-amazon.com/images/I/51B03piFSWL._SL500_.jpg" alt="Product Image"></a><p>Epoxy Resin,1 Gallon Crystal Clear Epoxy Resin Kit, High-Gloss & Bubbles Free Resin and Hardener Kit, Art Resin Casting Resin for Art Crafts, Jewelry Making, Wood & Resin Molds…</p><p>$49.99</p><a href="https://www.amazon.com/dp/B0CXLX1BF1?tag=eloabder-20&linkCode=osi&th=1&psc=1">View Product</a></div><div class="product"><a href="https://www.amazon.com/dp/B0B79JKMTN?tag=eloabder-20&linkCode=osi&th=1&psc=1"><img src="https://m.media-amazon.com/images/I/51awzY+fOoL._SL500_.jpg" alt="Product Image"></a><p>Teexpert Crystal Clear Epoxy Resin Kit 1 Gallon Self-Leveling Coating and Casting Resin, High-Gloss & Bubbles Free Resin and Hardener Kit for DIY Art, Jewelry, Table Top, Molds, Wood 1:1 Ratio</p><p>$49.49 ($0.39 / Fl Oz)</p><a href="https://www.amazon.com/dp/B0B79JKMTN?tag=eloabder-20&linkCode=osi&th=1&psc=1">View Product</a></div><div class="product"><a href="https://www.amazon.com/dp/B0CZDCWRDS?tag=eloabder-20&linkCode=osi&th=1&psc=1"><img src="https://m.media-amazon.com/images/I/51NoC3Siy8L._SL500_.jpg" alt="Product Image"></a><p>Puduo Epoxy Resin Kit 1.1Gallon，Newly Formulated Crystal Clear Epoxy Resin，Strong, Bubble-Free, Anti-Yellowing Art Resin That，Suitable for Casting, DIY, Resin Art, Molds, Easy to Mix 1:1 Ratio</p><p>$48.99 ($0.35 / Ounce)</p><a href="https://www.amazon.com/dp/B0CZDCWRDS?tag=eloabder-20&linkCode=osi&th=1&psc=1">View Product</a></div><div class="product"><a href="https://www.amazon.com/dp/B0C786S8ZW?tag=eloabder-20&linkCode=osi&th=1&psc=1"><img src="https://m.media-amazon.com/images/I/51PD1cgR+-L._SL500_.jpg" alt="Product Image"></a><p>LET'S RESIN EPOXY RESIN 2 Gallon Casting Resin with Pumps, Bubble Free & High-Gloss Resin Epoxy Kit, Crystal Clear Epoxy Resin and Hardener for DIY Art, Molds Casting,Craft</p><p>$87.00 ($0.34 / Fl Oz)</p><a href="https://www.amazon.com/dp/B0C786S8ZW?tag=eloabder-20&linkCode=osi&th=1&psc=1">View Product</a></div><div class="product"><a href="https://www.amazon.com/dp/B0BYV7YX2K?tag=eloabder-20&linkCode=osi&th=1&psc=1"><img src="https://m.media-amazon.com/images/I/41dTpbgWB+L._SL500_.jpg" alt="Product Image"></a><p>TAKIMO 1 Gallon Crystal Clear Resin Kit,No Bubble & Not Yellowing Epoxy Resin for Coating, Casting, Table Top,DIY, Bar Top, River Tables, Resin Art, Wood with High Gloss Finish</p><p>$39.99</p><a href="https://www.amazon.com/dp/B0BYV7YX2K?tag=eloabder-20&linkCode=osi&th=1&psc=1">View Product</a></div>
<div class="product"><a href="https://www.amazon.com/dp/B093D6Q4V2?tag=eloabder-20&linkCode=osi&th=1&psc=1"><img src="https://m.media-amazon.com/images/I/51GS6ht5RsS._SL500_.jpg" alt="Product Image"></a><p>Brusarth Professional Charcoal Pencils Drawing Set - 6 Pieces Soft Medium and Hard Charcoal Pencils for Drawing, Sketching, Shading</p><p>$5.57</p><a href="https://www.amazon.com/dp/B093D6Q4V2?tag=eloabder-20&linkCode=osi&th=1&psc=1">View Product</a></div><div class="product"><a href="https://www.amazon.com/dp/B000VXONF4?tag=eloabder-20&linkCode=osi&th=1&psc=1"><img src="https://m.media-amazon.com/images/I/51DxvUPz4nL._SL500_.jpg" alt="Product Image"></a><p>General Pencil 957ABP Compressed Charcoal Sticks 4/Pkg-Black - Soft Assorted</p><p>$6.09 ($1.52 / Count)</p><a href="https://www.amazon.com/dp/B000VXONF4?tag=eloabder-20&linkCode=osi&th=1&psc=1">View Product</a></div><div class="product"><a href="https://www.amazon.com/dp/B0BZSZ2W1B?tag=eloabder-20&linkCode=osi&th=1&psc=1"><img src="https://m.media-amazon.com/images/I/41aJEjrQ16L._SL500_.jpg" alt="Product Image"></a><p>ANNECOSK Willow Charcoal Sticks, 10PCS Willow Charcoal Pencils for Artists Drawing, Sketching</p><p>$7.99</p><a href="https://www.amazon.com/dp/B0BZSZ2W1B?tag=eloabder-20&linkCode=osi&th=1&psc=1">View Product</a></div><div class="product"><a href="https://www.amazon.com/dp/B088K31QB7?tag=eloabder-20&linkCode=osi&th=1&psc=1"><img src="https://m.media-amazon.com/images/I/51giSzQeUzL._SL500_.jpg" alt="Product Image"></a><p>MARKART Professional Charcoal Pencils Drawing Set - 10 Pieces Soft Medium and Hard Charcoal Pencils for Drawing, Sketching, Shading</p><p>$5.99</p><a href="https://www.amazon.com/dp/B088K31QB7?tag=eloabder-20&linkCode=osi&th=1&psc=1">View Product</a></div><div class="product"><a href="https://www.amazon.com/dp/B0CHM9YB18?tag=eloabder-20&linkCode=osi&th=1&psc=1"><img src="https://m.media-amazon.com/images/I/51-cFJewi5L._SL500_.jpg" alt="Product Image"></a><p>PANDAFLY Willow Charcoal Sticks, Soft, Black Artist Vine Charcoal for Artists, Beginners, Students, Great for Sketching, Drawing, Shading and Fine Art, 7-9mm, 25 Pack</p><p>$7.99</p><a href="https://www.amazon.com/dp/B0CHM9YB18?tag=eloabder-20&linkCode=osi&th=1&psc=1">View Product</a></div><div class="product"><a href="https://www.amazon.com/dp/B004O7FFR8?tag=eloabder-20&linkCode=osi&th=1&psc=1"><img src="https://m.media-amazon.com/images/I/51JJnYm-n2L._SL500_.jpg" alt="Product Image"></a><p>Strathmore 300 Series Charcoal Paper Pad, Top Wire Bound, 9x12 inches, 32 Sheets (64lb/95g) - Artist Paper for Adults and Students - Charcoal and Pastel</p><p>$8.86</p><a href="https://www.amazon.com/dp/B004O7FFR8?tag=eloabder-20&linkCode=osi&th=1&psc=1">View Product</a></div><div class="product"><a href="https://www.amazon.com/dp/B09KY8MT2T?tag=eloabder-20&linkCode=osi&th=1&psc=1"><img src="https://m.media-amazon.com/images/I/31buTPEV5IL._SL500_.jpg" alt="Product Image"></a><p>Raven Powders Premium Charcoal Powder for Drawing and Art</p><p>$9.99</p><a href="https://www.amazon.com/dp/B09KY8MT2T?tag=eloabder-20&linkCode=osi&th=1&psc=1">View Product</a></div><div class="product"><a href="https://www.amazon.com/dp/B0021IK626?tag=eloabder-20&linkCode=osi&th=1&psc=1"><img src="https://m.media-amazon.com/images/I/317wgA0GITL._SL500_.jpg" alt="Product Image"></a><p>Winsor & Newton Artist Vine Charcoal Sticks, Soft, Box of 12 Sticks</p><p>$10.56</p><a href="https://www.amazon.com/dp/B0021IK626?tag=eloabder-20&linkCode=osi&th=1&psc=1">View Product</a></div>
<div class="product"><a href="https://www.amazon.com/dp/B0CHF9KZSW?tag=eloabder-20&linkCode=osi&th=1&psc=1"><img src="https://m.media-amazon.com/images/I/61lm2iV1gGL._SL500_.jpg" alt="Product Image"></a><p>KALOUR Professional Charcoal Pencils Drawing Set -12 Pieces Soft, Medium and Hard Charcoal Pencils for Drawing, Sketching, Shading, Artist Pencils for Beginners & Artists</p><p>$5.99</p><a href="https://www.amazon.com/dp/B0CHF9KZSW?tag=eloabder-20&linkCode=osi&th=1&psc=1">View Product</a></div><div class="product"><a href="https://www.amazon.com/dp/B0D41JG73W?tag=eloabder-20&linkCode=osi&th=1&psc=1"><img src="https://m.media-amazon.com/images/I/41K5KaeEE0L._SL500_.jpg" alt="Product Image"></a><p>Aenir White Charcoal Pencils, Pack of 12 Charcoal Drawing Pencils, Charcoal Pencils for Artists, Art Supplies for Drawing and Highlighting, Charcoal Pencils for Drawing, Sketching, Shading & Coloring.</p><p>$7.99</p><a href="https://www.amazon.com/dp/B0D41JG73W?tag=eloabder-20&linkCode=osi&th=1&psc=1">View Product</a></div><div class="product"><a href="https://www.amazon.com/dp/B004BPNUMA?tag=eloabder-20&linkCode=osi&th=1&psc=1"><img src="https://m.media-amazon.com/images/I/41EWfMXntlL._SL500_.jpg" alt="Product Image"></a><p>Peel & Sketch Charcoal Pencils 3/Pkg-</p><p>$6.96</p><a href="https://www.amazon.com/dp/B004BPNUMA?tag=eloabder-20&linkCode=osi&th=1&psc=1">View Product</a></div><div class="product"><a href="https://www.amazon.com/dp/B0C5V1QWPJ?tag=eloabder-20&linkCode=osi&th=1&psc=1"><img src="https://m.media-amazon.com/images/I/51bZBOoKtoL._SL500_.jpg" alt="Product Image"></a><p>Brusarth Charcoal Drawing Set -12 pc Black charcoal pencils, White Charcoal Pencils, Eraser Pencils, Blending Stumps for Drawing, Sketching, Shading, Artist Pencils for Beginners & Artists</p><p>$7.99</p><a href="https://www.amazon.com/dp/B0C5V1QWPJ?tag=eloabder-20&linkCode=osi&th=1&psc=1">View Product</a></div>
<div class="product"><a href="https://www.amazon.com/dp/B001BYK7RA?tag=eloabder-20&linkCode=osi&th=1&psc=1"><img src="https://m.media-amazon.com/images/I/316EZYjc1XL._SL500_.jpg" alt="Product Image"></a><p>Winsor & Newton Artist Vine Charcoal Sticks, Soft, Box of 3 Sticks</p><p>$4.09 ($1.36 / Count)</p><a href="https://www.amazon.com/dp/B001BYK7RA?tag=eloabder-20&linkCode=osi&th=1&psc=1">View Product</a></div>
<div class="product"><a href="https://www.amazon.com/dp/B08LR2TBPG?tag=eloabder-20&linkCode=osi&th=1&psc=1"><img src="https://m.media-amazon.com/images/I/31VBhMwmhTL._SL500_.jpg" alt="Product Image"></a><p>Chipboard Sheets 8.5" x 11" - 100 Sheets of 22 Point Chip Board for Crafts - This Kraft Board is a Great Alternative to MDF Board and Cardboard Sheets</p><p>$19.97</p><a href="https://www.amazon.com/dp/B08LR2TBPG?tag=eloabder-20&linkCode=osi&th=1&psc=1">View Product</a></div><div class="product"><a href="https://www.amazon.com/dp/B079F1FYG3?tag=eloabder-20&linkCode=osi&th=1&psc=1"><img src="https://m.media-amazon.com/images/I/41-kpBNtjSL._SL500_.jpg" alt="Product Image"></a><p>100 Thick Kraft Chipboard (30pt) - 8 1/2" x 11" - Perfect for Scrapbooking, Crafts & Product Backing…</p><p>$19.95</p><a href="https://www.amazon.com/dp/B079F1FYG3?tag=eloabder-20&linkCode=osi&th=1&psc=1">View Product</a></div><div class="product"><a href="https://www.amazon.com/dp/B07BYPGP5H?tag=eloabder-20&linkCode=osi&th=1&psc=1"><img src="https://m.media-amazon.com/images/I/31rUtsWIN5L._SL500_.jpg" alt="Product Image"></a><p>100 Chipboard Sheets 8 x 10 inch - 22pt (point) Light Weight Brown Kraft Cardboard for Scrapbooking & Picture Frame Backing (.022 Caliper Thick) Paper Board | MagicWater Supply</p><p>$21.99</p><a href="https://www.amazon.com/dp/B07BYPGP5H?tag=eloabder-20&linkCode=osi&th=1&psc=1">View Product</a></div><div class="product"><a href="https://www.amazon.com/dp/B07BYP99DJ?tag=eloabder-20&linkCode=osi&th=1&psc=1"><img src="https://m.media-amazon.com/images/I/31EMxvnjGrL._SL500_.jpg" alt="Product Image"></a><p>25 Chipboard Sheets 11 x 17 inch - 50pt (point) Heavy Weight Brown Kraft Cardboard for Scrapbooking & Picture Frame Backing (.050 Caliper Thick) Paper Board | MagicWater Supply</p><p>$26.99</p><a href="https://www.amazon.com/dp/B07BYP99DJ?tag=eloabder-20&linkCode=osi&th=1&psc=1">View Product</a></div><div class="product"><a href="https://www.amazon.com/dp/B07BYFXJDL?tag=eloabder-20&linkCode=osi&th=1&psc=1"><img src="https://m.media-amazon.com/images/I/310RbtxO26L._SL500_.jpg" alt="Product Image"></a><p>100 Chipboard Sheets 5 x 7 inch - 22pt (point) Light Weight Brown Kraft Cardboard for Scrapbooking & Picture Frame Backing (.022 Caliper Thick) Paper Board | MagicWater Supply</p><p>$14.99</p><a href="https://www.amazon.com/dp/B07BYFXJDL?tag=eloabder-20&linkCode=osi&th=1&psc=1">View Product</a></div><div class="product"><a href="https://www.amazon.com/dp/B0B6GK2MFD?tag=eloabder-20&linkCode=osi&th=1&psc=1"><img src="https://m.media-amazon.com/images/I/31-IEV+iYgL._SL500_.jpg" alt="Product Image"></a><p>10 EcoSwift 8.5x11 Chipboard Cardboard Craft Scrapbook Material Scrapbooking Packaging Sheets Shipping Pads Inserts 8 1/2 inch x 11 inch Chip Board</p><p>$4.99</p><a href="https://www.amazon.com/dp/B0B6GK2MFD?tag=eloabder-20&linkCode=osi&th=1&psc=1">View Product</a></div><div class="product"><a href="https://www.amazon.com/dp/B07BYKB2ZL?tag=eloabder-20&linkCode=osi&th=1&psc=1"><img src="https://m.media-amazon.com/images/I/31WIwma4xfL._SL500_.jpg" alt="Product Image"></a><p>Chipboard Sheets 8.5 x 11 inch - 50pt (Point) Heavy Weight Brown Kraft Cardboard for Scrapbooking & Picture Frame Backing (.050 Caliper Thick) Paper Board | MagicWater Supply (Kraft 100 Pack)</p><p>$38.99</p><a href="https://www.amazon.com/dp/B07BYKB2ZL?tag=eloabder-20&linkCode=osi&th=1&psc=1">View Product</a></div><div class="product"><a href="https://www.amazon.com/dp/B00161W6L8?tag=eloabder-20&linkCode=osi&th=1&psc=1"><img src="https://m.media-amazon.com/images/I/41MflHlo3JL._SL500_.jpg" alt="Product Image"></a><p>GRAFIX Natural Medium Weight Chipboard Sheets 8.5"X11" 25/Pkg, 8.5"x11"x0.057", Count</p><p>$15.14 ($0.61 / Count)</p><a href="https://www.amazon.com/dp/B00161W6L8?tag=eloabder-20&linkCode=osi&th=1&psc=1">View Product</a></div><div class="product"><a href="https://www.amazon.com/dp/B0013JRFUA?tag=eloabder-20&linkCode=osi&th=1&psc=1"><img src="https://m.media-amazon.com/images/I/41JzQAJkDoL._SL500_.jpg" alt="Product Image"></a><p>Grafix Medium Weight Acid-Free 0.057” Chipboard Sheets, Create Three-Dimensional Embellishments for Cards, Papercrafts, Mixed Media, Home Décor, and More, 12 x 12, Natural, 25 Count</p><p>$14.51 ($0.58 / Count)</p><a href="https://www.amazon.com/dp/B0013JRFUA?tag=eloabder-20&linkCode=osi&th=1&psc=1">View Product</a></div>








<div class="product"><a href="https://www.amazon.com/dp/B0C2YPJDFL?tag=eloabder-20&linkCode=osi&th=1&psc=1"><img src="https://m.media-amazon.com/images/I/51WB6B3vguL._SL500_.jpg" alt="Product Image"></a><p>Yagol Colored Pencils for Adult Coloring Books, 72 Colored Professional Drawing Pencils, Coloring Pencils for Adults Beginners kids & Pro.</p><p>$9.99</p><a href="https://www.amazon.com/dp/B0C2YPJDFL?tag=eloabder-20&linkCode=osi&th=1&psc=1">View Product</a></div><div class="product"><a href="https://www.amazon.com/dp/B01N09ZDEI?tag=eloabder-20&linkCode=osi&th=1&psc=1"><img src="https://m.media-amazon.com/images/I/51awfumPEiL._SL500_.jpg" alt="Product Image"></a><p>Soucolor 72-Color Colored Pencils for Adult Coloring Books, Back to School Supplies, Soft Core Artist Sketching Drawing Pencils Drawing Supplies, Art Supplies Kit for Adults Kids, Coloring Pencils Set</p><p>$9.99</p><a href="https://www.amazon.com/dp/B01N09ZDEI?tag=eloabder-20&linkCode=osi&th=1&psc=1">View Product</a></div><div class="product"><a href="https://www.amazon.com/dp/B0B772BZ4G?tag=eloabder-20&linkCode=osi&th=1&psc=1"><img src="https://m.media-amazon.com/images/I/41VSyVENyTL._SL500_.jpg" alt="Product Image"></a><p>FUNLAVIE Colored Pencils 48 Coloring Pencils Premium Professional Art Drawing Pencil for Adults Coloring Book</p><p>$9.99</p><a href="https://www.amazon.com/dp/B0B772BZ4G?tag=eloabder-20&linkCode=osi&th=1&psc=1">View Product</a></div><div class="product"><a href="https://www.amazon.com/dp/B0B8MFGW36?tag=eloabder-20&linkCode=osi&th=1&psc=1"><img src="https://m.media-amazon.com/images/I/51umBJsfZDL._SL500_.jpg" alt="Product Image"></a><p>KALOUR Premium Colored Pencils,Set of 120 Colors,Artists Soft Core with Vibrant Color,Ideal for Drawing Sketching Shading,Coloring Pencils for Adults Beginners kids</p><p>$24.99</p><a href="https://www.amazon.com/dp/B0B8MFGW36?tag=eloabder-20&linkCode=osi&th=1&psc=1">View Product</a></div><div class="product"><a href="https://www.amazon.com/dp/B0D5GSMGMG?tag=eloabder-20&linkCode=osi&th=1&psc=1"><img src="https://m.media-amazon.com/images/I/41aprDliB4L._SL500_.jpg" alt="Product Image"></a><p>Colored Pencils for Adult Coloring Books, Set of 72 Color Pencils, Oil-Based Core Drawing Pencils, 3.8mm Soft Leads with Adult Coloring Pencils, Professional Art Supplies for Adults, Beginner and Kids</p><p>$9.99</p><a href="https://www.amazon.com/dp/B0D5GSMGMG?tag=eloabder-20&linkCode=osi&th=1&psc=1">View Product</a></div><div class="product"><a href="https://www.amazon.com/dp/B0CZBPK6L5?tag=eloabder-20&linkCode=osi&th=1&psc=1"><img src="https://m.media-amazon.com/images/I/31Q1khczz5L._SL500_.jpg" alt="Product Image"></a><p>Colored Pencils for Adult Coloring Books, 72 Colors Drawing Pencils with Oil-Based Cores, Professional Art Supplies for Artists, Coloring Pencils for Adults, Color Pencils Set for Beginners and Teens.</p><p>$9.49</p><a href="https://www.amazon.com/dp/B0CZBPK6L5?tag=eloabder-20&linkCode=osi&th=1&psc=1">View Product</a></div>
<div class="product"><a href="https://www.amazon.com/dp/B0BTJRPJHJ?tag=eloabder-20&linkCode=osi&th=1&psc=1"><img src="https://m.media-amazon.com/images/I/61eh6iSlGRL._SL500_.jpg" alt="Product Image"></a><p>READY 2 LEARN Colored Sand - Turquoise - 2.2 lbs - Play Sand for Kids - Perfect for Arts and Crafts, Sensory Bins, Wedding Decorations and Vase Filler</p><p>$9.32</p><a href="https://www.amazon.com/dp/B0BTJRPJHJ?tag=eloabder-20&linkCode=osi&th=1&psc=1">View Product</a></div><div class="product"><a href="https://www.amazon.com/dp/B0BTJWH6L3?tag=eloabder-20&linkCode=osi&th=1&psc=1"><img src="https://m.media-amazon.com/images/I/61OHaobOoGL._SL500_.jpg" alt="Product Image"></a><p>READY 2 LEARN Colored Sand - Light Blue - 2.2 lbs - Play Sand for Kids - Perfect for Wedding Unity Ceremonies, Crafts, Sensory Bins and Vase Filler</p><p>$9.99</p><a href="https://www.amazon.com/dp/B0BTJWH6L3?tag=eloabder-20&linkCode=osi&th=1&psc=1">View Product</a></div><div class="product"><a href="https://www.amazon.com/dp/B00DZS4AA0?tag=eloabder-20&linkCode=osi&th=1&psc=1"><img src="https://m.media-amazon.com/images/I/41htpdoeWSL._SL500_.jpg" alt="Product Image"></a><p>Activa Pink Decorative Colored Sand in Resealable Bag, 5lb (2.27kg) | Fine Grain & Fade-Proof Sand For Arts & Crafts</p><p>$8.99</p><a href="https://www.amazon.com/dp/B00DZS4AA0?tag=eloabder-20&linkCode=osi&th=1&psc=1">View Product</a></div><div class="product"><a href="https://www.amazon.com/dp/B00GNED6YE?tag=eloabder-20&linkCode=osi&th=1&psc=1"><img src="https://m.media-amazon.com/images/I/41T-AKVqV5L._SL500_.jpg" alt="Product Image"></a><p>Sandsational Sparkle Champagne Unity Sand - 1.5 LB (22oz), Beige Colored Sand for Weddings, Vase Filler, Home Décor, Craft Sand, Aquarium Sand, and More</p><p>$15.99</p><a href="https://www.amazon.com/dp/B00GNED6YE?tag=eloabder-20&linkCode=osi&th=1&psc=1">View Product</a></div><div class="product"><a href="https://www.amazon.com/dp/B007VC4F6A?tag=eloabder-20&linkCode=osi&th=1&psc=1"><img src="https://m.media-amazon.com/images/I/51EtMIBeueL._SL500_.jpg" alt="Product Image"></a><p>Sandsational Sparkle Tropic Blue Unity Sand, 1 LB (16 oz), Colored Sand for Weddings, Vase Filler, Home Décor, Craft Sand, Aquarium Sand, and More</p><p>$9.99</p><a href="https://www.amazon.com/dp/B007VC4F6A?tag=eloabder-20&linkCode=osi&th=1&psc=1">View Product</a></div><div class="product"><a href="https://www.amazon.com/dp/B007VC497K?tag=eloabder-20&linkCode=osi&th=1&psc=1"><img src="https://m.media-amazon.com/images/I/51oZOs1VRDL._SL500_.jpg" alt="Product Image"></a><p>Sandsational Sparkle Burnt Orange Unity Sand, 1 LB (16 oz), Colored Sand for Weddings, Vase Filler, Home Décor, Craft Sand, Aquarium Sand, and More</p><p>$9.99</p><a href="https://www.amazon.com/dp/B007VC497K?tag=eloabder-20&linkCode=osi&th=1&psc=1">View Product</a></div><div class="product"><a href="https://www.amazon.com/dp/B004BN9WWY?tag=eloabder-20&linkCode=osi&th=1&psc=1"><img src="https://m.media-amazon.com/images/I/41Hehnr6HkL._SL500_.jpg" alt="Product Image"></a><p>Activa Turquoise Decorative Colored Sand in Resealable Bag, 5lb (2.27kg) | Fine Grain & Fade-Proof Sand For Arts & Crafts</p><p>$17.99 ($0.22 / Ounce)</p><a href="https://www.amazon.com/dp/B004BN9WWY?tag=eloabder-20&linkCode=osi&th=1&psc=1">View Product</a></div><div class="product"><a href="https://www.amazon.com/dp/B007VC4CMM?tag=eloabder-20&linkCode=osi&th=1&psc=1"><img src="https://m.media-amazon.com/images/I/51MDELk9-bL._SL500_.jpg" alt="Product Image"></a><p>Sandsational Sparkle Hazelnut Unity Sand, 1 LB (16 oz), Colored Sand for Weddings, Vase Filler, Home Décor, Craft Sand, Aquarium Sand, and More</p><p>$9.99</p><a href="https://www.amazon.com/dp/B007VC4CMM?tag=eloabder-20&linkCode=osi&th=1&psc=1">View Product</a></div>

<div class="product"><a href="https://www.amazon.com/dp/B0868M9MFP?tag=eloabder-20&linkCode=osi&th=1&psc=1"><img src="https://m.media-amazon.com/images/I/41MathwPKuL._SL500_.jpg" alt="Product Image"></a><p>SIMETUFY 360 Sheets 36 Multicolor Tissue Paper Bulk Gift Wrapping Tissue Paper Decorative Art Rainbow Tissue Paper 11.5in x 8in for Art Craft Floral Birthday Party Festival Tissue Paper Pom Pom</p><p>$6.98 ($0.02 / Count)</p><a href="https://www.amazon.com/dp/B0868M9MFP?tag=eloabder-20&linkCode=osi&th=1&psc=1">View Product</a></div><div class="product"><a href="https://www.amazon.com/dp/B0CZNYNJL3?tag=eloabder-20&linkCode=osi&th=1&psc=1"><img src="https://m.media-amazon.com/images/I/41ZspqqmKpL._SL500_.jpg" alt="Product Image"></a><p>160 Sheets Colored Tissue Paper, Tissue Paper Bulk 14 X 20 Inches Tissue Paper for Gift Bags Wrapping DIY Crafts Wedding Birthday</p><p>$7.99 ($0.03 / Sq Ft)</p><a href="https://www.amazon.com/dp/B0CZNYNJL3?tag=eloabder-20&linkCode=osi&th=1&psc=1">View Product</a></div><div class="product"><a href="https://www.amazon.com/dp/B07QY9FQN2?tag=eloabder-20&linkCode=osi&th=1&psc=1"><img src="https://m.media-amazon.com/images/I/51DR9nknn7L._SL500_.jpg" alt="Product Image"></a><p>120 Sheets Colored Tissue Paper Bulk Wrapping Craft Paper 20 x 26" for Art Gift Tissue Decoration (24 Colors)</p><p>$15.59 ($0.13 / Count)</p><a href="https://www.amazon.com/dp/B07QY9FQN2?tag=eloabder-20&linkCode=osi&th=1&psc=1">View Product</a></div><div class="product"><a href="https://www.amazon.com/dp/B0CWR5FKGQ?tag=eloabder-20&linkCode=osi&th=1&psc=1"><img src="https://m.media-amazon.com/images/I/31iRzSH4cbL._SL500_.jpg" alt="Product Image"></a><p>Hlonon 100 Sheets Colored Tissue Paper 12×20 Inch Tissue Paper Bulk Gift Wrapping for Gift Bags DIY Crafts Birthday Wedding Holidays Decor 10 Colors</p><p>$4.59</p><a href="https://www.amazon.com/dp/B0CWR5FKGQ?tag=eloabder-20&linkCode=osi&th=1&psc=1">View Product</a></div><div class="product"><a href="https://www.amazon.com/dp/B09RXR9SXB?tag=eloabder-20&linkCode=osi&th=1&psc=1"><img src="https://m.media-amazon.com/images/I/51xWE-5f2lL._SL500_.jpg" alt="Product Image"></a><p>120 Sheets Colored Tissue Paper for Gift Bags - 25 Assorted Colors Tissue Paper for Packaging Bulk Colored Tissue Paper for Gift Wrapping -Tissue Paper Bulk for Crafts Large 20 X 26 Sheets</p><p>$13.99 ($0.12 / Count)</p><a href="https://www.amazon.com/dp/B09RXR9SXB?tag=eloabder-20&linkCode=osi&th=1&psc=1">View Product</a></div><div class="product"><a href="https://www.amazon.com/dp/B0BWPNFLXM?tag=eloabder-20&linkCode=osi&th=1&psc=1"><img src="https://m.media-amazon.com/images/I/51KYkgeBLCL._SL500_.jpg" alt="Product Image"></a><p>Colored Tissue Paper for Gift Bags, Colored Tissue Paper for Crafts, Gift Wrapping Tissue Paper Bulk - 375 Sheets in 36 Assorted Colors (12 in x 8.4 in)</p><p>$12.99 ($0.03 / Count)</p><a href="https://www.amazon.com/dp/B0BWPNFLXM?tag=eloabder-20&linkCode=osi&th=1&psc=1">View Product</a></div><div class="product"><a href="https://www.amazon.com/dp/B0D1JYM64F?tag=eloabder-20&linkCode=osi&th=1&psc=1"><img src="https://m.media-amazon.com/images/I/41wvUKH9PbL._SL500_.jpg" alt="Product Image"></a><p>Phinus 6300 Pcs 1 Inch Tissue Paper Squares, Tissue Paper for Crafts, 42 Assorted Colored Tissue Paper, Colors Art Rainbow Tissue Paper Bulk for Crafts, Art Projects, Birthday Party</p><p>$5.99</p><a href="https://www.amazon.com/dp/B0D1JYM64F?tag=eloabder-20&linkCode=osi&th=1&psc=1">View Product</a></div>
<div class="product"><a href="https://www.amazon.com/dp/B085DP36VF?tag=eloabder-20&linkCode=osi&th=1&psc=1"><img src="https://m.media-amazon.com/images/I/516vaNkg0iL._SL500_.jpg" alt="Product Image"></a><p>Soucolor Art Brush Markers Pens for Adult Coloring Books, 34 Colors Numbered Dual Tip (Brush and Fine Point) Marker Pen for Kids Note taking Planner Lettering Calligraphy Drawing Preppy School Stuff</p><p>$9.99</p><a href="https://www.amazon.com/dp/B085DP36VF?tag=eloabder-20&linkCode=osi&th=1&psc=1">View Product</a></div><div class="product"><a href="https://www.amazon.com/dp/B075WQPKNK?tag=eloabder-20&linkCode=osi&th=1&psc=1"><img src="https://m.media-amazon.com/images/I/51EOXvmdwnL._SL500_.jpg" alt="Product Image"></a><p>Dual Brush Marker Pens for Coloring Books, Tanmit Fine Tip Coloring Marker & Brush Pen Set for Journaling Note Taking Writing Planning Art Project</p><p>$7.97</p><a href="https://www.amazon.com/dp/B075WQPKNK?tag=eloabder-20&linkCode=osi&th=1&psc=1">View Product</a></div>
<div class="product"><a href="https://www.amazon.com/dp/B0BWH7CWFW?tag=eloabder-20&linkCode=osi&th=1&psc=1"><img src="https://m.media-amazon.com/images/I/51jUg2AkDyL._SL500_.jpg" alt="Product Image"></a><p>AnyMark 60 Colors Alcohol Markers, Markers Set, Dual Tip Alcohol Based Art Markers for Kids Adults Coloring Drawing, Chisel & Fine</p><p>$19.99 ($0.33 / Count)</p><a href="https://www.amazon.com/dp/B0BWH7CWFW?tag=eloabder-20&linkCode=osi&th=1&psc=1">View Product</a></div><div class="product"><a href="https://www.amazon.com/dp/B07CJ8QXF8?tag=eloabder-20&linkCode=osi&th=1&psc=1"><img src="https://m.media-amazon.com/images/I/51bChi4-H4L._SL500_.jpg" alt="Product Image"></a><p>Dual Markers Brush Pens, 36 Fine Point Art Marker, Double Tip Colored Pen for Adult Coloring Hand Lettering, School Classroom Art Suppliers</p><p>$9.99</p><a href="https://www.amazon.com/dp/B07CJ8QXF8?tag=eloabder-20&linkCode=osi&th=1&psc=1">View Product</a></div><div class="product"><a href="https://www.amazon.com/dp/B0CMLFSJ32?tag=eloabder-20&linkCode=osi&th=1&psc=1"><img src="https://m.media-amazon.com/images/I/51tOlopoSsL._SL500_.jpg" alt="Product Image"></a><p>TOSHARE Double Brush Marker Pens, 72 Colors Art Markers Set with Fine Tip and Brush Tip for Kids Adult Coloring Book Hand Lettering Calligraphy Drawing Art Supplies Kit</p><p>$29.99</p><a href="https://www.amazon.com/dp/B0CMLFSJ32?tag=eloabder-20&linkCode=osi&th=1&psc=1">View Product</a></div><div class="product"><a href="https://www.amazon.com/dp/B0BYD5M7LQ?tag=eloabder-20&linkCode=osi&th=1&psc=1"><img src="https://m.media-amazon.com/images/I/51sfVuA2MJL._SL500_.jpg" alt="Product Image"></a><p>AnyMark 48 Colors Alcohol Markers, Markers Set, Dual Tip Alcohol Based Art Markers for Kids Adults Coloring Drawing, Chisel & Fine</p><p>$12.99 ($0.27 / Count)</p><a href="https://www.amazon.com/dp/B0BYD5M7LQ?tag=eloabder-20&linkCode=osi&th=1&psc=1">View Product</a></div><div class="product"><a href="https://www.amazon.com/dp/B078N2RFJ9?tag=eloabder-20&linkCode=osi&th=1&psc=1"><img src="https://m.media-amazon.com/images/I/415IZ1EQzEL._SL500_.jpg" alt="Product Image"></a><p>MemOffice 80 Colors Dual Tip Artist Alcohol Markers Set with Carrying Case - Perfect for Coloring, Drawing, Sketching, Card Making and Illustration - Perfect for Adults and Kids</p><p>$22.99</p><a href="https://www.amazon.com/dp/B078N2RFJ9?tag=eloabder-20&linkCode=osi&th=1&psc=1">View Product</a></div><div class="product"><a href="https://www.amazon.com/dp/B0891WKPN3?tag=eloabder-20&linkCode=osi&th=1&psc=1"><img src="https://m.media-amazon.com/images/I/51qPnBJt4QL._SL500_.jpg" alt="Product Image"></a><p>Caliart 34 Double Tip Brush Pens Art Markers, Aesthetic Cute Preppy Stuff School Supplies, Artist Fine & Brush Pen Coloring Markers for Kids Adult Book Cards Drawing Craft Kit Teacher Office Supplies</p><p>$9.99</p><a href="https://www.amazon.com/dp/B0891WKPN3?tag=eloabder-20&linkCode=osi&th=1&psc=1">View Product</a></div><div class="product"><a href="https://www.amazon.com/dp/B08GX1FXG5?tag=eloabder-20&linkCode=osi&th=1&psc=1"><img src="https://m.media-amazon.com/images/I/61VK97q6UUL._SL500_.jpg" alt="Product Image"></a><p>Mogyann Markers for Adult 100 Colors Dual Tip Pens with Fine and Brush Tip for Coloring and Calligraphy Drawing</p><p>$26.99</p><a href="https://www.amazon.com/dp/B08GX1FXG5?tag=eloabder-20&linkCode=osi&th=1&psc=1">View Product</a></div>
<div class="product"><a href="https://www.amazon.com/dp/B002LARR8A?tag=eloabder-20&linkCode=osi&th=1&psc=1"><img src="https://m.media-amazon.com/images/I/41G5vXNB91L._SL500_.jpg" alt="Product Image"></a><p>Prang (Formerly SunWorks) Construction Paper, 10 Assorted Colors, 12" x 18", 100 Sheets</p><p>$13.09</p><a href="https://www.amazon.com/dp/B002LARR8A?tag=eloabder-20&linkCode=osi&th=1&psc=1">View Product</a></div><div class="product"><a href="https://www.amazon.com/dp/B001AZ9S6G?tag=eloabder-20&linkCode=osi&th=1&psc=1"><img src="https://m.media-amazon.com/images/I/41kI6AxAEvL._SL500_.jpg" alt="Product Image"></a><p>Prang (Formerly SunWorks) Construction Paper, White, 12" x 18", 50 Sheets</p><p>$6.86</p><a href="https://www.amazon.com/dp/B001AZ9S6G?tag=eloabder-20&linkCode=osi&th=1&psc=1">View Product</a></div>

<div class="product"><a href="https://www.amazon.com/dp/B003JJIEKC?tag=eloabder-20&linkCode=osi&th=1&psc=1"><img src="https://m.media-amazon.com/images/I/51CnC6280iL._SL500_.jpg" alt="Product Image"></a><p>2 Rolls/Pack 7/32 Copper Foil (Copper Backed)</p><p>$24.21</p><a href="https://www.amazon.com/dp/B003JJIEKC?tag=eloabder-20&linkCode=osi&th=1&psc=1">View Product</a></div><div class="product"><a href="https://www.amazon.com/dp/B0CXXD14QS?tag=eloabder-20&linkCode=osi&th=1&psc=1"><img src="https://m.media-amazon.com/images/I/31MLEFbqdaL._SL500_.jpg" alt="Product Image"></a><p>YEZHET 7/32 Inch Black Backed Copper foil for Stained Glass (2Roll)</p><p>$16.99</p><a href="https://www.amazon.com/dp/B0CXXD14QS?tag=eloabder-20&linkCode=osi&th=1&psc=1">View Product</a></div><div class="product"><a href="https://www.amazon.com/dp/B00359QVPG?tag=eloabder-20&linkCode=osi&th=1&psc=1"><img src="https://m.media-amazon.com/images/I/41hRCFiP1dL._SL500_.jpg" alt="Product Image"></a><p>Edco 3/16 Black Backed Copper Foil</p><p>$14.75</p><a href="https://www.amazon.com/dp/B00359QVPG?tag=eloabder-20&linkCode=osi&th=1&psc=1">View Product</a></div><div class="product"><a href="https://www.amazon.com/dp/B004BNDZSG?tag=eloabder-20&linkCode=osi&th=1&psc=1"><img src="https://m.media-amazon.com/images/I/519NZ7L73gL._SL500_.jpg" alt="Product Image"></a><p>Studio Pro 1/4-Inch Black Lined Copper Foil</p><p>$10.90</p><a href="https://www.amazon.com/dp/B004BNDZSG?tag=eloabder-20&linkCode=osi&th=1&psc=1">View Product</a></div><div class="product"><a href="https://www.amazon.com/dp/B0C3Z37LZK?tag=eloabder-20&linkCode=osi&th=1&psc=1"><img src="https://m.media-amazon.com/images/I/41bhh73eatL._SL500_.jpg" alt="Product Image"></a><p>YEZHET Copper Foil Tape 2 Pack (7/32Inch) with Double-Sided Conductive, for Stained Glass, Electrical Repairs, DIY Handicrafts, Paper Circuits, Crafting</p><p>$7.99 ($0.53 / Foot)</p><a href="https://www.amazon.com/dp/B0C3Z37LZK?tag=eloabder-20&linkCode=osi&th=1&psc=1">View Product</a></div><div class="product"><a href="https://www.amazon.com/dp/B00WVKO1LG?tag=eloabder-20&linkCode=osi&th=1&psc=1"><img src="https://m.media-amazon.com/images/I/31J15yH0QGL._SL500_.jpg" alt="Product Image"></a><p>K&S 6020 Metallic Copper Crafting Foil, 0.005" Thick x 12" Width x 30" Long, 1 Piece, Made in The USA</p><p>$14.89</p><a href="https://www.amazon.com/dp/B00WVKO1LG?tag=eloabder-20&linkCode=osi&th=1&psc=1">View Product</a></div>
<div class="product"><a href="https://www.amazon.com/dp/B08YJBQ7WZ?tag=eloabder-20&linkCode=osi&th=1&psc=1"><img src="https://m.media-amazon.com/images/I/51MPyR+wDWL._SL500_.jpg" alt="Product Image"></a><p>45 Color Options Macrame Cord 2mm/3mm/4mm/5mm/6mmx109 Yards Cotton Cord, 4 Ply Twisted Yarn, Natural Perfect Supplies DIY Crafts (Natural White)</p><p>$4.98 ($0.02 / Foot)</p><a href="https://www.amazon.com/dp/B08YJBQ7WZ?tag=eloabder-20&linkCode=osi&th=1&psc=1">View Product</a></div><div class="product"><a href="https://www.amazon.com/dp/B07ZGD2G6B?tag=eloabder-20&linkCode=osi&th=1&psc=1"><img src="https://m.media-amazon.com/images/I/51pexzF494L._SL500_.jpg" alt="Product Image"></a><p>Tenn Well Leather String, 100 Yards 2.6mm Flat Suede Cord, Faux Leather Cord for Jewelry Making, Necklaces, Bracelets, Dream Catchers and DIY Crafts (Brown)</p><p>$9.99 ($0.03 / Foot)</p><a href="https://www.amazon.com/dp/B07ZGD2G6B?tag=eloabder-20&linkCode=osi&th=1&psc=1">View Product</a></div><div class="product"><a href="https://www.amazon.com/dp/B0CQF1LC2R?tag=eloabder-20&linkCode=osi&th=1&psc=1"><img src="https://m.media-amazon.com/images/I/51O0PgsjtpL._SL500_.jpg" alt="Product Image"></a><p>Anezus Rainbow Color Nylon Cord, Nylon Craft String, Silky Satin Rattail Cord Beading String for Braided Bracelets, Pendants Necklace, Macrame Keychains, Lanyards, Drawstring Bags, DIY Crafts, Sewing</p><p>$6.99 ($0.02 / Foot)</p><a href="https://www.amazon.com/dp/B0CQF1LC2R?tag=eloabder-20&linkCode=osi&th=1&psc=1">View Product</a></div><div class="product"><a href="https://www.amazon.com/dp/B0B7J9BZSN?tag=eloabder-20&linkCode=osi&th=1&psc=1"><img src="https://m.media-amazon.com/images/I/41Orf+Dg9FL._SL500_.jpg" alt="Product Image"></a><p>2 mm 330 Feet Satin Nylon Cord String for Jewelry Making Bracelet Necklaces Beading Thread Rattail Macrame Kumihimo Chinese Knot Craft</p><p>$7.99 ($0.02 / Foot)</p><a href="https://www.amazon.com/dp/B0B7J9BZSN?tag=eloabder-20&linkCode=osi&th=1&psc=1">View Product</a></div><div class="product"><a href="https://www.amazon.com/dp/B08PZ2VDPM?tag=eloabder-20&linkCode=osi&th=1&psc=1"><img src="https://m.media-amazon.com/images/I/51DQgq3cfXL._SL500_.jpg" alt="Product Image"></a><p>Tenn Well Nylon Satin Cord, 295 Feet 2mm Black Nylon String for Jewelry Making, Silky Rattail Cord for Bracelets, Necklaces, Macrame Keychains, Lanyards, Beading</p><p>$7.99 ($0.03 / Foot)</p><a href="https://www.amazon.com/dp/B08PZ2VDPM?tag=eloabder-20&linkCode=osi&th=1&psc=1">View Product</a></div><div class="product"><a href="https://www.amazon.com/dp/B07TW9PGGB?tag=eloabder-20&linkCode=osi&th=1&psc=1"><img src="https://m.media-amazon.com/images/I/41C73YuzTWL._SL500_.jpg" alt="Product Image"></a><p>Macrame Cord,3mm x109 Yards 100% Natural Macrame Cords Colored Cotton Macrame Rope Craft Cord for DIY Crafts Knitting Plant Hangers Christmas Wedding Decor(Natural Color/Beige)</p><p>$4.98 ($0.02 / Foot)</p><a href="https://www.amazon.com/dp/B07TW9PGGB?tag=eloabder-20&linkCode=osi&th=1&psc=1">View Product</a></div><div class="product"><a href="https://www.amazon.com/dp/B0CS27R34B?tag=eloabder-20&linkCode=osi&th=1&psc=1"><img src="https://m.media-amazon.com/images/I/31hxjVrOTnL._SL500_.jpg" alt="Product Image"></a><p>2 mm x 330 Feet Satin Nylon Cord, Silky Smooth Nylon String for Jewelry Making Bracelet Necklaces Beading Thread Rattail Macrame Kumihimo Chinese Knot Craft</p><p>$7.99 ($0.02 / Foot)</p><a href="https://www.amazon.com/dp/B0CS27R34B?tag=eloabder-20&linkCode=osi&th=1&psc=1">View Product</a></div><div class="product"><a href="https://www.amazon.com/dp/B07GX8B3PC?tag=eloabder-20&linkCode=osi&th=1&psc=1"><img src="https://m.media-amazon.com/images/I/416oClGC4ZL._SL500_.jpg" alt="Product Image"></a><p>Tenn Well 5mm Macrame Cord, 165Feet Braided Cotton Rope Thick Craft Twine for Macrame Plant Hangers, Wall Hangings, Drawstrings, Clothes Lines, DIY Crafts (Beige)</p><p>$8.99 ($0.05 / Foot)</p><a href="https://www.amazon.com/dp/B07GX8B3PC?tag=eloabder-20&linkCode=osi&th=1&psc=1">View Product</a></div>
<div class="product"><a href="https://www.amazon.com/dp/B08LV18F93?tag=eloabder-20&linkCode=osi&th=1&psc=1"><img src="https://m.media-amazon.com/images/I/51XMGht9fSL._SL500_.jpg" alt="Product Image"></a><p>uxcell 20pcs Corrugated Cardboard Paper Sheets,Colorful,7.87-inch x 11.82-inch,for Craft and DIY Projects</p><p>$12.49 ($0.62 / Count)</p><a href="https://www.amazon.com/dp/B08LV18F93?tag=eloabder-20&linkCode=osi&th=1&psc=1">View Product</a></div><div class="product"><a href="https://www.amazon.com/dp/B009MRH3R0?tag=eloabder-20&linkCode=osi&th=1&psc=1"><img src="https://m.media-amazon.com/images/I/51KvHbQ47aL._SL500_.jpg" alt="Product Image"></a><p>Hygloss Corrugated Cardboard Sheets, 8-Pack, 8 Pieces</p><p>$10.13 ($1.27 / Count)</p><a href="https://www.amazon.com/dp/B009MRH3R0?tag=eloabder-20&linkCode=osi&th=1&psc=1">View Product</a></div><div class="product"><a href="https://www.amazon.com/dp/B08LV1DHM7?tag=eloabder-20&linkCode=osi&th=1&psc=1"><img src="https://m.media-amazon.com/images/I/41CqXQkVMyL._SL500_.jpg" alt="Product Image"></a><p>uxcell 10pcs Corrugated Cardboard Paper Sheets,Black,7.87-inch x 11.84-inch,for Craft and DIY Projects</p><p>$8.09 ($0.81 / Count)</p><a href="https://www.amazon.com/dp/B08LV1DHM7?tag=eloabder-20&linkCode=osi&th=1&psc=1">View Product</a></div><div class="product"><a href="https://www.amazon.com/dp/B07RNHX8GZ?tag=eloabder-20&linkCode=osi&th=1&psc=1"><img src="https://m.media-amazon.com/images/I/51LdlT0J20L._SL500_.jpg" alt="Product Image"></a><p>Bright Creations Corrugated Cardboard Paper Sheets (8.5 x 11 in, Black, 48-Pack)</p><p>$16.99 ($0.35 / Count)</p><a href="https://www.amazon.com/dp/B07RNHX8GZ?tag=eloabder-20&linkCode=osi&th=1&psc=1">View Product</a></div><div class="product"><a href="https://www.amazon.com/dp/B07GZHK7KC?tag=eloabder-20&linkCode=osi&th=1&psc=1"><img src="https://m.media-amazon.com/images/I/51LbINh9qtL._SL500_.jpg" alt="Product Image"></a><p>64 Pack Colored Corrugated Cardboard Sheets for Crafts, Art Projects, DIY Signs, 8 Bright Colors (8.3 x 11.8 in)</p><p>$19.99 ($0.31 / Count)</p><a href="https://www.amazon.com/dp/B07GZHK7KC?tag=eloabder-20&linkCode=osi&th=1&psc=1">View Product</a></div><div class="product"><a href="https://www.amazon.com/dp/B08LV1FW8M?tag=eloabder-20&linkCode=osi&th=1&psc=1"><img src="https://m.media-amazon.com/images/I/41glvw8zT3L._SL500_.jpg" alt="Product Image"></a><p>uxcell 10pcs Corrugated Cardboard Paper Sheets,White,7.87-inch x 11.86-inch,for Craft and DIY Projects</p><p>$9.49 ($0.95 / Count)</p><a href="https://www.amazon.com/dp/B08LV1FW8M?tag=eloabder-20&linkCode=osi&th=1&psc=1">View Product</a></div><div class="product"><a href="https://www.amazon.com/dp/B071KP3K72?tag=eloabder-20&linkCode=osi&th=1&psc=1"><img src="https://m.media-amazon.com/images/I/41Dr9t+PB8L._SL500_.jpg" alt="Product Image"></a><p>Corobuff Corrugated Paper, Brite Blue, 48" x 25', 1 Roll</p><p>$38.52</p><a href="https://www.amazon.com/dp/B071KP3K72?tag=eloabder-20&linkCode=osi&th=1&psc=1">View Product</a></div><div class="product"><a href="https://www.amazon.com/dp/B09TB1LKLG?tag=eloabder-20&linkCode=osi&th=1&psc=1"><img src="https://m.media-amazon.com/images/I/31ttSeubU9L._SL500_.jpg" alt="Product Image"></a><p>MECCANIXITY Corrugated Paper Sheets 25pcs 11.8-inch x 7.87-inch White Cardboard for DIY Craft</p><p>$13.99</p><a href="https://www.amazon.com/dp/B09TB1LKLG?tag=eloabder-20&linkCode=osi&th=1&psc=1">View Product</a></div><div class="product"><a href="https://www.amazon.com/dp/B0C372CGHG?tag=eloabder-20&linkCode=osi&th=1&psc=1"><img src="https://m.media-amazon.com/images/I/41EDnL7EWDL._SL500_.jpg" alt="Product Image"></a><p>DMiotech 5 Pack 7.87x11.81 Inch Corrugated Cardboard Paper Sheets DIY Projects Black for Box Making, Cards, Scrapbooks</p><p>$6.99 ($1.40 / Count)</p><a href="https://www.amazon.com/dp/B0C372CGHG?tag=eloabder-20&linkCode=osi&th=1&psc=1">View Product</a></div>
<div class="product"><a href="https://www.amazon.com/dp/B08PBJSDSH?tag=eloabder-20&linkCode=osi&th=1&psc=1"><img src="https://m.media-amazon.com/images/I/41pj8xbkfyL._SL500_.jpg" alt="Product Image"></a><p>100 Pieces Cotton Spun Paper Balls White Natural Spun Cotton Paper Balls Coloring Paper Balls for Making Paper Flowers DIY Crafts Decorations</p><p>$9.49</p><a href="https://www.amazon.com/dp/B08PBJSDSH?tag=eloabder-20&linkCode=osi&th=1&psc=1">View Product</a></div><div class="product"><a href="https://www.amazon.com/dp/B083W75XRT?tag=eloabder-20&linkCode=osi&th=1&psc=1"><img src="https://m.media-amazon.com/images/I/41C8TlFRJvL._SL500_.jpg" alt="Product Image"></a><p>Lia Griffith Cotton Spun Paper Balls, White, 20mm, 24 Count</p><p>$11.30 ($0.47 / Count)</p><a href="https://www.amazon.com/dp/B083W75XRT?tag=eloabder-20&linkCode=osi&th=1&psc=1">View Product</a></div>
<div class="product"><a href="https://www.amazon.com/dp/B0B1J8TYT1?tag=eloabder-20&linkCode=osi&th=1&psc=1"><img src="https://m.media-amazon.com/images/I/41NdyrANVlL._SL500_.jpg" alt="Product Image"></a><p>HOTGODEN Medium Weight 100% Cotton Muslin Fabric: 63 inch x 2,5,10 Yards Unbleached Muslin Linen Fabric Material for Sewing Material Apparel Cloth</p><p>$12.99</p><a href="https://www.amazon.com/dp/B0B1J8TYT1?tag=eloabder-20&linkCode=osi&th=1&psc=1">View Product</a></div><div class="product"><a href="https://www.amazon.com/dp/B0B9HHD1QM?tag=eloabder-20&linkCode=osi&th=1&psc=1"><img src="https://m.media-amazon.com/images/I/313O1FHX2vL._SL500_.jpg" alt="Product Image"></a><p>Craftido-19 Options-100% Cotton Fabric by The yard in Solid Color 44”Wide by 3yd (9 ft) -Medium Weight 5.2 oz- for Quilting, Sewing, Crafts, Binding, Backing and Lining - White</p><p>$22.99</p><a href="https://www.amazon.com/dp/B0B9HHD1QM?tag=eloabder-20&linkCode=osi&th=1&psc=1">View Product</a></div><div class="product"><a href="https://www.amazon.com/dp/B0BHVMLTWV?tag=eloabder-20&linkCode=osi&th=1&psc=1"><img src="https://m.media-amazon.com/images/I/21vOg9h0nXL._SL500_.jpg" alt="Product Image"></a><p>HOTGODEN Light Weight 100% Cotton Muslin Fabric: 63 inch x 2,5,10 Yards Unbleached Muslin Linen Fabric Material for Sewing Material Apparel Cloth</p><p>$12.99</p><a href="https://www.amazon.com/dp/B0BHVMLTWV?tag=eloabder-20&linkCode=osi&th=1&psc=1">View Product</a></div><div class="product"><a href="https://www.amazon.com/dp/B093BQ3GMM?tag=eloabder-20&linkCode=osi&th=1&psc=1"><img src="https://m.media-amazon.com/images/I/61UmpTb+DVS._SL500_.jpg" alt="Product Image"></a><p>42Pcs 10"x10" Quilting Cotton Fabric Squares Sheets Pre-Cut Multi-Color Design Printed Floral Craft Fabric for DIY Sewing Scrapbooking Quilting Craft Patchwork (Red/Pink/Yellow/Green/Blue/Purple)</p><p>$12.88</p><a href="https://www.amazon.com/dp/B093BQ3GMM?tag=eloabder-20&linkCode=osi&th=1&psc=1">View Product</a></div><div class="product"><a href="https://www.amazon.com/dp/B08DTBZTFC?tag=eloabder-20&linkCode=osi&th=1&psc=1"><img src="https://m.media-amazon.com/images/I/41NKhg34TpL._SL500_.jpg" alt="Product Image"></a><p>Master FAB -Black 100% Cotton Fabric by The Yard for Sewing DIY Crafting Fashion Design Washable Cloth Bundles Voile;Full Width cuttable39 x 55inches (100x140cm) (Black Solid)</p><p>$9.99</p><a href="https://www.amazon.com/dp/B08DTBZTFC?tag=eloabder-20&linkCode=osi&th=1&psc=1">View Product</a></div>
<div class="product"><a href="https://www.amazon.com/dp/B08TZZ7F3P?tag=eloabder-20&linkCode=osi&th=1&psc=1"><img src="https://m.media-amazon.com/images/I/41J8e8Zfz1S._SL500_.jpg" alt="Product Image"></a><p>Hdviai Macrame Cord - Natural Unbleached Macrame Rope - 4 Strand Twisted Cotton Rope for Wall Hanging，DIY Craft Making，Plant Hangers，Knotting Decorative Projects (White, 8mm x 20 Yards)</p><p>$9.99 ($0.17 / Foot)</p><a href="https://www.amazon.com/dp/B08TZZ7F3P?tag=eloabder-20&linkCode=osi&th=1&psc=1">View Product</a></div><div class="product"><a href="https://www.amazon.com/dp/B094Y2M3G5?tag=eloabder-20&linkCode=osi&th=1&psc=1"><img src="https://m.media-amazon.com/images/I/51C-4p5OSsS._SL500_.jpg" alt="Product Image"></a><p>SEMINI 100% Natural Cotton Cord,5mm x40 Yard Mixed Color Twine String Cord Colored Cotton Rope Craft Cord for DIY Crafts Knitting Plant Hangers Christmas Wedding Decorate (Mix Color)</p><p>$12.99</p><a href="https://www.amazon.com/dp/B094Y2M3G5?tag=eloabder-20&linkCode=osi&th=1&psc=1">View Product</a></div><div class="product"><a href="https://www.amazon.com/dp/B07NTT82FH?tag=eloabder-20&linkCode=osi&th=1&psc=1"><img src="https://m.media-amazon.com/images/I/41aw9F3nkmL._SL500_.jpg" alt="Product Image"></a><p>Feelmate 6mm x 164 Feet Cotton Rope Macrame Cord for Crafts Jewelry Making Home Decoration Gift Wrapping</p><p>$14.99 ($0.09 / Foot)</p><a href="https://www.amazon.com/dp/B07NTT82FH?tag=eloabder-20&linkCode=osi&th=1&psc=1">View Product</a></div><div class="product"><a href="https://www.amazon.com/dp/B09KRYCT3B?tag=eloabder-20&linkCode=osi&th=1&psc=1"><img src="https://m.media-amazon.com/images/I/41H918apC-L._SL500_.jpg" alt="Product Image"></a><p>Natural Cotton Rope, JEUIHAU 328 Feet 1/4 Inch Cotton Clothesline Rope, All-Purpose Braided Cotton Rope Utility Cord for Clothes Hanging, Crafting, Macrame, Basket Making, and DIY Art Projects</p><p>$25.99 ($0.08 / Foot)</p><a href="https://www.amazon.com/dp/B09KRYCT3B?tag=eloabder-20&linkCode=osi&th=1&psc=1">View Product</a></div>
<div class="product"><a href="https://www.amazon.com/dp/B07RRD6TBN?tag=eloabder-20&linkCode=osi&th=1&psc=1"><img src="https://m.media-amazon.com/images/I/31YqtfxjDuL._SL500_.jpg" alt="Product Image"></a><p>Connecting Threads 100% Cotton Thread - 1200 Yard Spool (White)</p><p>$8.99</p><a href="https://www.amazon.com/dp/B07RRD6TBN?tag=eloabder-20&linkCode=osi&th=1&psc=1">View Product</a></div><div class="product"><a href="https://www.amazon.com/dp/B07G4N3HCZ?tag=eloabder-20&linkCode=osi&th=1&psc=1"><img src="https://m.media-amazon.com/images/I/413UnNketKL._SL500_.jpg" alt="Product Image"></a><p>2-Pack - Gutermann Natural Cotton Thread Solids 876 Yards Each - White (800C 5709)</p><p>$16.17 ($8.08 / Count)</p><a href="https://www.amazon.com/dp/B07G4N3HCZ?tag=eloabder-20&linkCode=osi&th=1&psc=1">View Product</a></div><div class="product"><a href="https://www.amazon.com/dp/B07RSFSYLY?tag=eloabder-20&linkCode=osi&th=1&psc=1"><img src="https://m.media-amazon.com/images/I/31dM1Mx2uIL._SL500_.jpg" alt="Product Image"></a><p>Connecting Threads 100% Cotton Essential Thread 5000 Yard Cone (White)</p><p>$16.99</p><a href="https://www.amazon.com/dp/B07RSFSYLY?tag=eloabder-20&linkCode=osi&th=1&psc=1">View Product</a></div><div class="product"><a href="https://www.amazon.com/dp/B074H1JTPK?tag=eloabder-20&linkCode=osi&th=1&psc=1"><img src="https://m.media-amazon.com/images/I/41tOL4rkfFL._SL500_.jpg" alt="Product Image"></a><p>Simthread 12 Multi Colors 100% Cotton Sewing Thread 50s/3 Thread for Quilting etc - 550 Yards Each 12C02</p><p>$21.99 ($0.00 / Foot)</p><a href="https://www.amazon.com/dp/B074H1JTPK?tag=eloabder-20&linkCode=osi&th=1&psc=1">View Product</a></div><div class="product"><a href="https://www.amazon.com/dp/B07RPCNYXW?tag=eloabder-20&linkCode=osi&th=1&psc=1"><img src="https://m.media-amazon.com/images/I/41iUqMPb-gL._SL500_.jpg" alt="Product Image"></a><p>Connecting Threads 100% Cotton Thread - 1200 Yard Spool (Red)</p><p>$8.99</p><a href="https://www.amazon.com/dp/B07RPCNYXW?tag=eloabder-20&linkCode=osi&th=1&psc=1">View Product</a></div>
<div class="product"><a href="https://www.amazon.com/dp/B09SL5LT8W?tag=eloabder-20&linkCode=osi&th=1&psc=1"><img src="https://m.media-amazon.com/images/I/512Dhz0oTrL._SL500_.jpg" alt="Product Image"></a><p>B-7000 Glue Clear for Rhinestone Crafts, Jewelry and Bead Adhesive B7000 Semi Fluid High Viscosity Glues for Clothes Shoes Fabric Cell Phones Screen Repair Metal Stone Nail Art Glass (4x15 ml/0.5 oz)</p><p>$5.45</p><a href="https://www.amazon.com/dp/B09SL5LT8W?tag=eloabder-20&linkCode=osi&th=1&psc=1">View Product</a></div><div class="product"><a href="https://www.amazon.com/dp/B00178KLEY?tag=eloabder-20&linkCode=osi&th=1&psc=1"><img src="https://m.media-amazon.com/images/I/31wcgL5xRkL._SL500_.jpg" alt="Product Image"></a><p>Aleene's All Purpose Tacky Glue, 8-Ounce</p><p>$2.44 ($0.30 / Fl Oz)</p><a href="https://www.amazon.com/dp/B00178KLEY?tag=eloabder-20&linkCode=osi&th=1&psc=1">View Product</a></div><div class="product"><a href="https://www.amazon.com/dp/B088NN5GD8?tag=eloabder-20&linkCode=osi&th=1&psc=1"><img src="https://m.media-amazon.com/images/I/417dgxV3dfL._SL500_.jpg" alt="Product Image"></a><p>Bearly Art Precision Craft Glue - The Mini - 2fl oz with Tip Kit - Acid Free Archival - Strong Hold Adhesive - Ideal for Fine Paper Crafting Scrapbooking and Card Making - Made in USA</p><p>$12.99</p><a href="https://www.amazon.com/dp/B088NN5GD8?tag=eloabder-20&linkCode=osi&th=1&psc=1">View Product</a></div><div class="product"><a href="https://www.amazon.com/dp/B000BY6THS?tag=eloabder-20&linkCode=osi&th=1&psc=1"><img src="https://m.media-amazon.com/images/I/41WhjtET6sL._SL500_.jpg" alt="Product Image"></a><p>Aleene's Clear Gel Tacky Glue 4oz</p><p>$2.33</p><a href="https://www.amazon.com/dp/B000BY6THS?tag=eloabder-20&linkCode=osi&th=1&psc=1">View Product</a></div><div class="product"><a href="https://www.amazon.com/dp/B00KD6ZHA4?tag=eloabder-20&linkCode=osi&th=1&psc=1"><img src="https://m.media-amazon.com/images/I/31oecXt0Q+L._SL500_.jpg" alt="Product Image"></a><p>Aleene's Gel Glue, 8-Ounce, Clear</p><p>$4.44 ($0.56 / Fl Oz)</p><a href="https://www.amazon.com/dp/B00KD6ZHA4?tag=eloabder-20&linkCode=osi&th=1&psc=1">View Product</a></div><div class="product"><a href="https://www.amazon.com/dp/B07Y6RWHP1?tag=eloabder-20&linkCode=osi&th=1&psc=1"><img src="https://m.media-amazon.com/images/I/41B6C8VaOWL._SL500_.jpg" alt="Product Image"></a><p>Bearly Art Precision Craft Glue - The Original - 4fl oz - Tip Kit Included - Dries Clear - Metal Tip - Wrinkle Resistant - Flexible and Crack Resistant - Strong Hold Adhesive - Made in USA</p><p>$19.99 ($5.00 / Fl Oz)</p><a href="https://www.amazon.com/dp/B07Y6RWHP1?tag=eloabder-20&linkCode=osi&th=1&psc=1">View Product</a></div><div class="product"><a href="https://www.amazon.com/dp/B0D1BYTYWD?tag=eloabder-20&linkCode=osi&th=1&psc=1"><img src="https://m.media-amazon.com/images/I/41P6pr3DnTL._SL500_.jpg" alt="Product Image"></a><p>Joez Wonderful 6 Sheets Foam Adhesive Squares, 990pcs Total Double Sided Self Adhesive Dots, Precut Squares Strips Foam Tape for DIY Arts & Crafts, 2 Sizes (0.47in/12mm, 0.24in/6mm)</p><p>$5.59</p><a href="https://www.amazon.com/dp/B0D1BYTYWD?tag=eloabder-20&linkCode=osi&th=1&psc=1">View Product</a></div><div class="product"><a href="https://www.amazon.com/dp/B001683NAO?tag=eloabder-20&linkCode=osi&th=1&psc=1"><img src="https://m.media-amazon.com/images/I/31cwr-m138L._SL500_.jpg" alt="Product Image"></a><p>BEACON 3-in-1 Advanced Craft Glue - Fast-Drying, Crystal Clear Adhesive for Wood, Ceramics, Fabrics, and More, 4-Ounce</p><p>$8.99 ($2.25 / Fl Oz)</p><a href="https://www.amazon.com/dp/B001683NAO?tag=eloabder-20&linkCode=osi&th=1&psc=1">View Product</a></div><div class="product"><a href="https://www.amazon.com/dp/B0C5CB2KCT?tag=eloabder-20&linkCode=osi&th=1&psc=1"><img src="https://m.media-amazon.com/images/I/51GvFpuq9BL._SL500_.jpg" alt="Product Image"></a><p>B-7000 Craft Glue for Jewelry Making - 15ml/0.5oz (2 Pack) - Multi-Function B-7000 Super Adhesive Glues Liquid Fusion Glue for Rhinestones Crafts, Clothes Shoes, Fabric, Jewelry Making, Cell Phones</p><p>$5.99</p><a href="https://www.amazon.com/dp/B0C5CB2KCT?tag=eloabder-20&linkCode=osi&th=1&psc=1">View Product</a></div><div class="product"><a href="https://www.amazon.com/dp/B0011N832C?tag=eloabder-20&linkCode=osi&th=1&psc=1"><img src="https://m.media-amazon.com/images/I/41VYA3-u1QL._SL500_.jpg" alt="Product Image"></a><p>Glue Dots, Craft Dots, Double-Sided, 1/2", .5 Inch, 200 Dots, DIY Craft Glue Tape, Sticky Adhesive Glue Points, Liquid Hot Glue Alternative, Clear</p><p>$4.88 ($0.02 / Count)</p><a href="https://www.amazon.com/dp/B0011N832C?tag=eloabder-20&linkCode=osi&th=1&psc=1">View Product</a></div>
<div class="product"><a href="https://www.amazon.com/dp/B07V3HLBVF?tag=eloabder-20&linkCode=osi&th=1&psc=1"><img src="https://m.media-amazon.com/images/I/41siDRjPEoL._SL500_.jpg" alt="Product Image"></a><p>bagmad 100 Pack 8x4.75x10 inch Plain Medium Paper Bags with Handles Bulk, Brown Kraft Bags, Craft Gift Bags, Grocery Shopping Retail Bags, Birthday Party Favors Wedding Bags Sacks (Brown, 100pcs)</p><p>$26.46 ($0.26 / Count)</p><a href="https://www.amazon.com/dp/B07V3HLBVF?tag=eloabder-20&linkCode=osi&th=1&psc=1">View Product</a></div><div class="product"><a href="https://www.amazon.com/dp/B07MLM81VG?tag=eloabder-20&linkCode=osi&th=1&psc=1"><img src="https://m.media-amazon.com/images/I/31j9z9qZ3mL._SL500_.jpg" alt="Product Image"></a><p>Qutuus Kraft Paper Bags with Handles Bulk 8x4.5x10 100 pcs Brown Paper Gift Bags Bulk Medium Size Kraft Bags, Brown Bags, Shopping Bags, Retail Bags, Craft Bags for Small Business</p><p>$25.99</p><a href="https://www.amazon.com/dp/B07MLM81VG?tag=eloabder-20&linkCode=osi&th=1&psc=1">View Product</a></div><div class="product"><a href="https://www.amazon.com/dp/B0CJ8PHN2Z?tag=eloabder-20&linkCode=osi&th=1&psc=1"><img src="https://m.media-amazon.com/images/I/41e7VEiBNIL._SL500_.jpg" alt="Product Image"></a><p>100 Pack 5.8x3.2x8.25 Inch Brown Kraft Paper Gift Bags with Handles - Bulk Small Plain Natural Bags for Birthday Party Favors, Grocery, Retail Shopping, Wedding, Craft, Goody, Takeouts, and Business</p><p>$18.99</p><a href="https://www.amazon.com/dp/B0CJ8PHN2Z?tag=eloabder-20&linkCode=osi&th=1&psc=1">View Product</a></div><div class="product"><a href="https://www.amazon.com/dp/B0BWMY43TD?tag=eloabder-20&linkCode=osi&th=1&psc=1"><img src="https://m.media-amazon.com/images/I/41FVul0hWRL._SL500_.jpg" alt="Product Image"></a><p>Brothersbox Brown Paper Bags with Handles Bulk 100PCS Kraft Paper Bags, 8 * 4.76 * 10 Inch Medium Craft Paper Gift Bags for Birthday Party Grocery Retail Shopping Business</p><p>$24.99</p><a href="https://www.amazon.com/dp/B0BWMY43TD?tag=eloabder-20&linkCode=osi&th=1&psc=1">View Product</a></div><div class="product"><a href="https://www.amazon.com/dp/B0C13GRG4D?tag=eloabder-20&linkCode=osi&th=1&psc=1"><img src="https://m.media-amazon.com/images/I/41L33B24HtL._SL500_.jpg" alt="Product Image"></a><p>Toovip 90 Pack Plain Brown Kraft Paper Bags with Handles Bulk, Multiple 3 Assorted Sizes Gift Bags for Favors Grocery Retail Party Birthday Shopping Business Goody Craft Merchandise Take Out Sacks</p><p>$26.99 ($0.30 / Count)</p><a href="https://www.amazon.com/dp/B0C13GRG4D?tag=eloabder-20&linkCode=osi&th=1&psc=1">View Product</a></div><div class="product"><a href="https://www.amazon.com/dp/B09Z2N3QKT?tag=eloabder-20&linkCode=osi&th=1&psc=1"><img src="https://m.media-amazon.com/images/I/416VQ3Ke3PL._SL500_.jpg" alt="Product Image"></a><p>Moretoes 40pcs Brown Paper Bags with Handles Assorted Size Gift Bags, Kraft Paper Bags, Paper Shopping Bags, Craft Bags, Merchandise Bags</p><p>$20.99</p><a href="https://www.amazon.com/dp/B09Z2N3QKT?tag=eloabder-20&linkCode=osi&th=1&psc=1">View Product</a></div><div class="product"><a href="https://www.amazon.com/dp/B0CHMTKBWS?tag=eloabder-20&linkCode=osi&th=1&psc=1"><img src="https://m.media-amazon.com/images/I/31QBYQW7LOL._SL500_.jpg" alt="Product Image"></a><p>Oikss 100 Pack 10x5x13 Plain Natural Brown Kraft Paper Bags with Handles Bulk for Birthday Party Favors Grocery Retail Shopping Business Goody Recycled Craft Gift Bags (Large Size, 100 Count)</p><p>$30.99</p><a href="https://www.amazon.com/dp/B0CHMTKBWS?tag=eloabder-20&linkCode=osi&th=1&psc=1">View Product</a></div><div class="product"><a href="https://www.amazon.com/dp/B0CRD6RXP3?tag=eloabder-20&linkCode=osi&th=1&psc=1"><img src="https://m.media-amazon.com/images/I/51lEnA2mgNL._SL500_.jpg" alt="Product Image"></a><p>XPCARE 100Pack Brown Paper Bags 8x4.5x10 Inch, Plain Medium Paper Bags with Handles Bulk, Kraft Paper Gift Bags, Retail Bags, Party Bags, Shopping Bags, Favor Bags</p><p>$19.99</p><a href="https://www.amazon.com/dp/B0CRD6RXP3?tag=eloabder-20&linkCode=osi&th=1&psc=1">View Product</a></div><div class="product"><a href="https://www.amazon.com/dp/B07V3J3Y5V?tag=eloabder-20&linkCode=osi&th=1&psc=1"><img src="https://m.media-amazon.com/images/I/41wn1f3QStL._SL500_.jpg" alt="Product Image"></a><p>bagmad 100 Pack 5.25x3.25x8 inch Brown Small Paper Bags with Handles Bulk, Gift Paper Bags, Kraft Birthday Party Favors Grocery Retail Shopping Craft Bags Takeouts Business (Plain Natural 100pcs)</p><p>$20.99 ($0.21 / Count)</p><a href="https://www.amazon.com/dp/B07V3J3Y5V?tag=eloabder-20&linkCode=osi&th=1&psc=1">View Product</a></div><div class="product"><a href="https://www.amazon.com/dp/B09HBN5248?tag=eloabder-20&linkCode=osi&th=1&psc=1"><img src="https://m.media-amazon.com/images/I/41iWymlepRL._SL500_.jpg" alt="Product Image"></a><p>Oikss 100 Pack 5.25x3.25x8.25 Inch Small Plain Natural Paper Kraft Gift Bags with Handles Bulk for Birthday Party Favors Grocery Retail Shopping Business Goody Craft Bags Cub (Brown 100 Count)</p><p>$20.99 ($0.21 / Count)</p><a href="https://www.amazon.com/dp/B09HBN5248?tag=eloabder-20&linkCode=osi&th=1&psc=1">View Product</a></div>
<div class="product"><a href="https://www.amazon.com/dp/B09C1YL7RQ?tag=eloabder-20&linkCode=osi&th=1&psc=1"><img src="https://m.media-amazon.com/images/I/615lFU8obCL._SL500_.jpg" alt="Product Image"></a><p>1000+ pcs Pony Beads, Multi-Colored Bracelet Beads for Hair Braids, Crafts, Plastic Beads (Medium Pack, Classic)…</p><p>$6.99 ($0.01 / Count)</p><a href="https://www.amazon.com/dp/B09C1YL7RQ?tag=eloabder-20&linkCode=osi&th=1&psc=1">View Product</a></div>
<div class="product"><a href="https://www.amazon.com/dp/B0C1RC5Y7F?tag=eloabder-20&linkCode=osi&th=1&psc=1"><img src="https://m.media-amazon.com/images/I/41Sf-YEnE+L._SL500_.jpg" alt="Product Image"></a><p>PerkHomy Brown Kraft Paper Roll 17.5" x 1,200" (100') for Gift Wrapping Bulletin Board Kids Craft Art Bouquet Flower Packing Moving Shipping Floor Covering Table 70GSM 50LB (Brown, 17.5" x 100')</p><p>$5.98</p><a href="https://www.amazon.com/dp/B0C1RC5Y7F?tag=eloabder-20&linkCode=osi&th=1&psc=1">View Product</a></div>
<div class="product"><a href="https://www.amazon.com/dp/B0044SA67G?tag=eloabder-20&linkCode=osi&th=1&psc=1"><img src="https://m.media-amazon.com/images/I/51UEqn6-w3L._SL500_.jpg" alt="Product Image"></a><p>Hygloss Products - 77640 Colorful Blank Books – Books for Journaling, Sketching, Writing & More – Great for Arts & Crafts - 10 Assorted Bright, Fun Colors - Pocket-Size - 4.25 x 5.5 Inches - 10 Pack</p><p>$8.18 ($0.82 / Count)</p><a href="https://www.amazon.com/dp/B0044SA67G?tag=eloabder-20&linkCode=osi&th=1&psc=1">View Product</a></div><div class="product"><a href="https://www.amazon.com/dp/B09WQCHK3M?tag=eloabder-20&linkCode=osi&th=1&psc=1"><img src="https://m.media-amazon.com/images/I/61JMYPiYGRL._SL500_.jpg" alt="Product Image"></a><p>Aigybobo Origami Paper Set, 308PCS Kids Craft Paper Kit with Instructional Book for Girls Age 6,7,8,9,10,11,12, Art Projects Supplies for School Class Craft Lessons- Christmas Gifts for Boys&Girls</p><p>$12.99</p><a href="https://www.amazon.com/dp/B09WQCHK3M?tag=eloabder-20&linkCode=osi&th=1&psc=1">View Product</a></div><div class="product"><a href="https://www.amazon.com/dp/B00I7E56NC?tag=eloabder-20&linkCode=osi&th=1&psc=1"><img src="https://m.media-amazon.com/images/I/21cxSReF5yL._SL500_.jpg" alt="Product Image"></a><p>Hygloss Products White Blank Books – Great Books for Journaling, Sketching, Writing & More – Fun for Arts & Crafts - Pocket-size - 4.25 x 5.5 Inches - 10 Pack</p><p>$13.00</p><a href="https://www.amazon.com/dp/B00I7E56NC?tag=eloabder-20&linkCode=osi&th=1&psc=1">View Product</a></div><div class="product"><a href="https://www.amazon.com/dp/B07YGRCXVT?tag=eloabder-20&linkCode=osi&th=1&psc=1"><img src="https://m.media-amazon.com/images/I/51Oxy0SqbES._SL500_.jpg" alt="Product Image"></a><p>Origami Paper | 350 Origami Paper Kit | Set Includes - 300 Sheets 20 Colors 6x6 | 50 Traditional Japanese Patterns | Origami Book 25 Easy Colored Projects | Kids Crafts | Christmas Gifts for boys 8-12</p><p>$17.99</p><a href="https://www.amazon.com/dp/B07YGRCXVT?tag=eloabder-20&linkCode=osi&th=1&psc=1">View Product</a></div><div class="product"><a href="https://www.amazon.com/dp/B07VDCVN3T?tag=eloabder-20&linkCode=osi&th=1&psc=1"><img src="https://m.media-amazon.com/images/I/516u8vopNML._SL500_.jpg" alt="Product Image"></a><p>Gamenote Colorful Origami Kit for Kids 54 Projects 120 Double Sided Origami Paper 12 Sheets Practice Papers Instructional Origami Book Origami Gift for 4+ Girls Boys Adult Beginners Training Craft</p><p>$11.99</p><a href="https://www.amazon.com/dp/B07VDCVN3T?tag=eloabder-20&linkCode=osi&th=1&psc=1">View Product</a></div>



<div class="product"><a href="https://www.amazon.com/dp/B01GCLS32M?tag=eloabder-20&linkCode=osi&th=1&psc=1"><img src="https://m.media-amazon.com/images/I/51xf1ALKGyL._SL500_.jpg" alt="Product Image"></a><p>42pcs Felt Fabric Sheet 4"x4" Assorted Color DIY Craft Squares Nonwoven 1mm Thick</p><p>$6.68</p><a href="https://www.amazon.com/dp/B01GCLS32M?tag=eloabder-20&linkCode=osi&th=1&psc=1">View Product</a></div><div class="product"><a href="https://www.amazon.com/dp/B0CY56NFL7?tag=eloabder-20&linkCode=osi&th=1&psc=1"><img src="https://m.media-amazon.com/images/I/51jZtTDxNCL._SL500_.jpg" alt="Product Image"></a><p>XSEINO 12 Rolls 8"x35"(20.5x90cm) 1.4mm Thick Soft Felt Fabric Sheet 12 Assorted Colors Felt Pack for DIY Craft Sewing Squares Nonwoven Patchwork</p><p>$11.99</p><a href="https://www.amazon.com/dp/B0CY56NFL7?tag=eloabder-20&linkCode=osi&th=1&psc=1">View Product</a></div><div class="product"><a href="https://www.amazon.com/dp/B07VHMT14L?tag=eloabder-20&linkCode=osi&th=1&psc=1"><img src="https://m.media-amazon.com/images/I/61DSrnEAvjL._SL500_.jpg" alt="Product Image"></a><p>150Pcs 4" x 4" (10cm x 10cm) Cotton Craft Fabric Bundle Squares,Squares Sheets Patchwork,Pre-Cut Quilt Squares,DIY Sewing Quarters Bundle,Quilting Fabric Bundles</p><p>$9.99</p><a href="https://www.amazon.com/dp/B07VHMT14L?tag=eloabder-20&linkCode=osi&th=1&psc=1">View Product</a></div><div class="product"><a href="https://www.amazon.com/dp/B08GJHYMGN?tag=eloabder-20&linkCode=osi&th=1&psc=1"><img src="https://m.media-amazon.com/images/I/51wD1FT1eeL._SL500_.jpg" alt="Product Image"></a><p>50pcs 8 x 8 inches Multicolor Cotton Fabric Bundle Squares for Quilting Sewing, Precut Fabric Squares for Craft Patchwork</p><p>$13.77</p><a href="https://www.amazon.com/dp/B08GJHYMGN?tag=eloabder-20&linkCode=osi&th=1&psc=1">View Product</a></div><div class="product"><a href="https://www.amazon.com/dp/B0C6K98T96?tag=eloabder-20&linkCode=osi&th=1&psc=1"><img src="https://m.media-amazon.com/images/I/51M-+hitpAL._SL500_.jpg" alt="Product Image"></a><p>42pcs 6 x 6 inches Felt Fabric Sheets - Fabrics DIY Craftwork Sewing Patchwork, Felt Crafts Assorted Colour Polyester Felt Sheet for Art and Craft</p><p>$4.99</p><a href="https://www.amazon.com/dp/B0C6K98T96?tag=eloabder-20&linkCode=osi&th=1&psc=1">View Product</a></div><div class="product"><a href="https://www.amazon.com/dp/B0C9BYD9ND?tag=eloabder-20&linkCode=osi&th=1&psc=1"><img src="https://m.media-amazon.com/images/I/418r7XqmEKL._SL500_.jpg" alt="Product Image"></a><p>40Pcs Felt Fabric Sheets - 4x4 inch DIY Craft Felt, 1mm Thick Non-Woven Patchwork Material for School Projects & Decoration - 40 Assorted Colors (10 x 10cm)</p><p>$4.99</p><a href="https://www.amazon.com/dp/B0C9BYD9ND?tag=eloabder-20&linkCode=osi&th=1&psc=1">View Product</a></div><div class="product"><a href="https://www.amazon.com/dp/B0BWRN4RHP?tag=eloabder-20&linkCode=osi&th=1&psc=1"><img src="https://m.media-amazon.com/images/I/51HHQcV3njL._SL500_.jpg" alt="Product Image"></a><p>Large Stiff Felt Sheets Bundle: LOTOFUN 10pcs 8x35Inch Assorted Rainbow Color Felts Sheet for Kids Crafts Squares Nonwoven Patchwork DIY Sewing</p><p>$11.99</p><a href="https://www.amazon.com/dp/B0BWRN4RHP?tag=eloabder-20&linkCode=osi&th=1&psc=1">View Product</a></div>
<div class="product"><a href="https://www.amazon.com/dp/B003U6QIUC?tag=eloabder-20&linkCode=osi&th=1&psc=1"><img src="https://m.media-amazon.com/images/I/51PyPJgIPlL._SL500_.jpg" alt="Product Image"></a><p>School Smart 85836 Maribu Feathers - 1/2 Ounce - Set of 150 - Assorted Colors</p><p>$3.52</p><a href="https://www.amazon.com/dp/B003U6QIUC?tag=eloabder-20&linkCode=osi&th=1&psc=1">View Product</a></div>
<div class="product"><a href="https://www.amazon.com/dp/B089DPDYKV?tag=eloabder-20&linkCode=osi&th=1&psc=1"><img src="https://m.media-amazon.com/images/I/51L58by1dXL._SL500_.jpg" alt="Product Image"></a><p>Better Office Products 100 Pack EVA Foam Sheets, 5.5 x 8.5 Inch, Assorted Colors (20 Colors), 2mm Thick, for Arts and Crafts, 100 Sheets</p><p>$13.99 ($0.14 / Count)</p><a href="https://www.amazon.com/dp/B089DPDYKV?tag=eloabder-20&linkCode=osi&th=1&psc=1">View Product</a></div><div class="product"><a href="https://www.amazon.com/dp/B08YXYN327?tag=eloabder-20&linkCode=osi&th=1&psc=1"><img src="https://m.media-amazon.com/images/I/41VfV+-ZFTL._SL500_.jpg" alt="Product Image"></a><p>EVA Foam Cosplay - 2mm (1mm to 10mm) - Black or White - 14" x 39" Sheet - Ultra High Density Craft Foam 85 kg/m3 - by The Foamory</p><p>$14.99</p><a href="https://www.amazon.com/dp/B08YXYN327?tag=eloabder-20&linkCode=osi&th=1&psc=1">View Product</a></div><div class="product"><a href="https://www.amazon.com/dp/B0CMTJDYRN?tag=eloabder-20&linkCode=osi&th=1&psc=1"><img src="https://m.media-amazon.com/images/I/310JuSzt+mL._SL500_.jpg" alt="Product Image"></a><p>Do²ping White Foam Sheets Crafts, 8.5x5.5 Inch Eva Craft Foam Paper for Crafts Project Classroom Scrapbook DIY Cosplay (White-10 Sheets)</p><p>$4.89 ($0.49 / Count)</p><a href="https://www.amazon.com/dp/B0CMTJDYRN?tag=eloabder-20&linkCode=osi&th=1&psc=1">View Product</a></div><div class="product"><a href="https://www.amazon.com/dp/B0C8B6N9TG?tag=eloabder-20&linkCode=osi&th=1&psc=1"><img src="https://m.media-amazon.com/images/I/51j0TiXHCTL._SL500_.jpg" alt="Product Image"></a><p>120 Pack EVA Foam Sheets, 8 x 6 Inch, 1mm Thick, Assorted 15 Colors Craft Foam Paper for School Supply and DIY Handcraft Projects</p><p>$15.99 ($0.13 / Count)</p><a href="https://www.amazon.com/dp/B0C8B6N9TG?tag=eloabder-20&linkCode=osi&th=1&psc=1">View Product</a></div>
<div class="product"><a href="https://www.amazon.com/dp/B01EK7LGH4?tag=eloabder-20&linkCode=osi&th=1&psc=1"><img src="https://m.media-amazon.com/images/I/41Xx+D+j6XL._SL500_.jpg" alt="Product Image"></a><p>Aleene's 3 Pack, 8 oz Tacky Glue, 8 FL OZ, Original Version 3 Count</p><p>$11.17 ($0.47 / Fl Oz)</p><a href="https://www.amazon.com/dp/B01EK7LGH4?tag=eloabder-20&linkCode=osi&th=1&psc=1">View Product</a></div><div class="product"><a href="https://www.amazon.com/dp/B0D59G56SG?tag=eloabder-20&linkCode=osi&th=1&psc=1"><img src="https://m.media-amazon.com/images/I/41BsDwUSwdL._SL500_.jpg" alt="Product Image"></a><p>4oz Craft Glue & Precision Tips, Strong Tacky Glue, Craft Glue Bottles with Fine Tip, Craft Glue Dry Clear, Fabric Glue Permanent for Paper Crafting Scrapbooking/Card Making/Etc</p><p>$8.58</p><a href="https://www.amazon.com/dp/B0D59G56SG?tag=eloabder-20&linkCode=osi&th=1&psc=1">View Product</a></div><div class="product"><a href="https://www.amazon.com/dp/B004DNX6EW?tag=eloabder-20&linkCode=osi&th=1&psc=1"><img src="https://m.media-amazon.com/images/I/51RkAeJv5hL._SL500_.jpg" alt="Product Image"></a><p>ELMERS CraftBond Extra Strength Glue Sticks, 6 Grams, 4 Count</p><p>$9.89 ($2.47 / Count)</p><a href="https://www.amazon.com/dp/B004DNX6EW?tag=eloabder-20&linkCode=osi&th=1&psc=1">View Product</a></div>
<div class="product"><a href="https://www.amazon.com/dp/B01ELWWX98?tag=eloabder-20&linkCode=osi&th=1&psc=1"><img src="https://m.media-amazon.com/images/I/51g67GhksOL._SL500_.jpg" alt="Product Image"></a><p>Maybe Swearing Will Help Adult Coloring Book Set - for Adults Relaxation with Markers in a Case - Motivational Swear Word Anxiety Relief - Color Cuss & Laugh Your Way to Less Stress</p><p>$24.99</p><a href="https://www.amazon.com/dp/B01ELWWX98?tag=eloabder-20&linkCode=osi&th=1&psc=1">View Product</a></div><div class="product"><a href="https://www.amazon.com/dp/B09X1YX59W?tag=eloabder-20&linkCode=osi&th=1&psc=1"><img src="https://m.media-amazon.com/images/I/61Cr68venIL._SL500_.jpg" alt="Product Image"></a><p>Hula Home Stained Glass Mandala Art Kit - DIY Window Clings with Markers, 10 Suncatchers - Perfect Hobby for Adults, Kids, Teens & Seniors - Ideal Gift for Beginners, Women & Elderly</p><p>$15.99</p><a href="https://www.amazon.com/dp/B09X1YX59W?tag=eloabder-20&linkCode=osi&th=1&psc=1">View Product</a></div><div class="product"><a href="https://www.amazon.com/dp/B0CGD74KX7?tag=eloabder-20&linkCode=osi&th=1&psc=1"><img src="https://m.media-amazon.com/images/I/51rNpMlv3wL._SL500_.jpg" alt="Product Image"></a><p>Shimmer Markers Outline Double Line: 12 Colors Metallic Glitter Pens Set Sparkle Kid Age 4 8 10 14 16 Year Old Gift Doodle Drawing Supplies Art Craft Teen Girl Cute Stuff Mother's Day Basket Ideas</p><p>$9.99</p><a href="https://www.amazon.com/dp/B0CGD74KX7?tag=eloabder-20&linkCode=osi&th=1&psc=1">View Product</a></div>

<div class="product"><a href="https://www.amazon.com/dp/B08395C5GC?tag=eloabder-20&linkCode=osi&th=1&psc=1"><img src="https://m.media-amazon.com/images/I/61OgJOjMgQL._SL500_.jpg" alt="Product Image"></a><p>hapray Origami Kit 144 sheets Origami Paper for Kids 72 Patterns with Craft Guiding Book</p><p>$13.97</p><a href="https://www.amazon.com/dp/B08395C5GC?tag=eloabder-20&linkCode=osi&th=1&psc=1">View Product</a></div><div class="product"><a href="https://www.amazon.com/dp/B098WP659T?tag=eloabder-20&linkCode=osi&th=1&psc=1"><img src="https://m.media-amazon.com/images/I/61D4gTo+S1L._SL500_.jpg" alt="Product Image"></a><p>pigipigi Craft Origami Paper for Kids - 208 Sheets Vivid Colorful Folding Papers 54 Patterns Art Projects Kit for 5 6 7 8 9 10 11 12 Years Old Girl Boy Teen Birthday Gift Preschool Educational Toy</p><p>$11.99</p><a href="https://www.amazon.com/dp/B098WP659T?tag=eloabder-20&linkCode=osi&th=1&psc=1">View Product</a></div>
<div class="product"><a href="https://www.amazon.com/dp/B08TWGWRG4?tag=eloabder-20&linkCode=osi&th=1&psc=1"><img src="https://m.media-amazon.com/images/I/51KMwCTx2eL._SL500_.jpg" alt="Product Image"></a><p>Homum 200pcs Premium Gift Tags with 200 Root Natural Jute Twine, Double-Sided Available Kraft Paper Price Tags, Craft Tags Labels Jewelry Tags with String for Wedding Christmas Day Thanksgiving</p><p>$5.99</p><a href="https://www.amazon.com/dp/B08TWGWRG4?tag=eloabder-20&linkCode=osi&th=1&psc=1">View Product</a></div><div class="product"><a href="https://www.amazon.com/dp/B0BNG993ZV?tag=eloabder-20&linkCode=osi&th=1&psc=1"><img src="https://m.media-amazon.com/images/I/51xRPDQUVHL._SL500_.jpg" alt="Product Image"></a><p>200 Pack 2.2 Inch Wood Tags with Hole and Twine, Clipped Corner Rectangle Wooden Gifts Tag for Crafts Unfinished Labels (1.2x2.2 in)</p><p>$9.99 ($0.05 / Count)</p><a href="https://www.amazon.com/dp/B0BNG993ZV?tag=eloabder-20&linkCode=osi&th=1&psc=1">View Product</a></div><div class="product"><a href="https://www.amazon.com/dp/B07N1T58K9?tag=eloabder-20&linkCode=osi&th=1&psc=1"><img src="https://m.media-amazon.com/images/I/41dUfeOE8BL._SL500_.jpg" alt="Product Image"></a><p>2.5" x 3" Vintage Frame Brown Kraft Present Tag Sticker / 250 Present Labels/Canning Packaging Organization Label/Made in The USA</p><p>$15.99</p><a href="https://www.amazon.com/dp/B07N1T58K9?tag=eloabder-20&linkCode=osi&th=1&psc=1">View Product</a></div>
<div class="product"><a href="https://www.amazon.com/dp/B08Y8YRXVQ?tag=eloabder-20&linkCode=osi&th=1&psc=1"><img src="https://m.media-amazon.com/images/I/51DyT7Dd1BL._SL500_.jpg" alt="Product Image"></a><p>72 Pieces Craft Magnets Glass Ceramic Ferrite Magnet with Adhesive Backing and Transparent Clear Glass Cabochons for DIY Craft Fridge Refrigerator Magnets Pendants(Round,1 Inch)</p><p>$12.99 ($0.18 / Count)</p><a href="https://www.amazon.com/dp/B08Y8YRXVQ?tag=eloabder-20&linkCode=osi&th=1&psc=1">View Product</a></div><div class="product"><a href="https://www.amazon.com/dp/B07XDC7FP9?tag=eloabder-20&linkCode=osi&th=1&psc=1"><img src="https://m.media-amazon.com/images/I/41JKgogWT9L._SL500_.jpg" alt="Product Image"></a><p>Magnetic Dots - Self Adhesive Magnet Dots (0.8" x 0.8") - Classroom Must Have Peel & Stick Magnetic Circles - Flexible Sticky Magnets - Sheets is Alternative, Stickers, Strip, Magnetic Tape (120 Pcs)</p><p>$17.99</p><a href="https://www.amazon.com/dp/B07XDC7FP9?tag=eloabder-20&linkCode=osi&th=1&psc=1">View Product</a></div><div class="product"><a href="https://www.amazon.com/dp/B0CSS92G7H?tag=eloabder-20&linkCode=osi&th=1&psc=1"><img src="https://m.media-amazon.com/images/I/51HRyW91ivL._SL500_.jpg" alt="Product Image"></a><p>116pcs Craft Magnets Glass Ceramic Ferrite Magnet with Adhesive Backing and Clear Glass Cabochons for DIY Craft Fridge Refrigerator Magnets (Round,1 Inch,58 Sets)</p><p>$11.96</p><a href="https://www.amazon.com/dp/B0CSS92G7H?tag=eloabder-20&linkCode=osi&th=1&psc=1">View Product</a></div><div class="product"><a href="https://www.amazon.com/dp/B09WCXS3NV?tag=eloabder-20&linkCode=osi&th=1&psc=1"><img src="https://m.media-amazon.com/images/I/51jUQGCcMPL._SL500_.jpg" alt="Product Image"></a><p>DIYMAG Magnetic Adhesive Sheets, |4" x 6"|, 10 Pack Cuttable, Flexible magnet sheets with adhesive for Crafts, Photos, Easy Peel and Stick</p><p>$5.99 ($0.60 / Count)</p><a href="https://www.amazon.com/dp/B09WCXS3NV?tag=eloabder-20&linkCode=osi&th=1&psc=1">View Product</a></div><div class="product"><a href="https://www.amazon.com/dp/B08MVRBN2C?tag=eloabder-20&linkCode=osi&th=1&psc=1"><img src="https://m.media-amazon.com/images/I/51YQW8Hbf3S._SL500_.jpg" alt="Product Image"></a><p>Round Magnets with Adhesive Backing, 120 Pieces Magnet Circles (Diameter 0.8’” x 0.08”) on 4 Tape Sheets, with 3M Strong Adhesive Backing. Perfect for DIY, Art Projects, whiteboards & Fridge</p><p>$10.95</p><a href="https://www.amazon.com/dp/B08MVRBN2C?tag=eloabder-20&linkCode=osi&th=1&psc=1">View Product</a></div><div class="product"><a href="https://www.amazon.com/dp/B0CJHYN7K2?tag=eloabder-20&linkCode=osi&th=1&psc=1"><img src="https://m.media-amazon.com/images/I/51ZowdEZwbL._SL500_.jpg" alt="Product Image"></a><p>124pcs Craft Magnets Glass w Adhesive Backing and Transparent Clear Glass Cabochons DIY Craft Fridge Magnets Sticker for Refrigerator(62 Sets,1 Inch)</p><p>$13.99 ($0.23 / Count)</p><a href="https://www.amazon.com/dp/B0CJHYN7K2?tag=eloabder-20&linkCode=osi&th=1&psc=1">View Product</a></div><div class="product"><a href="https://www.amazon.com/dp/B09BBHBZMG?tag=eloabder-20&linkCode=osi&th=1&psc=1"><img src="https://m.media-amazon.com/images/I/51kT5DaZIPL._SL500_.jpg" alt="Product Image"></a><p>Mr. Pen- Adhesive Magnetic Sheets, 4" x 6", 10 Pack, with Adhesive Backing, Flexible Picture Magnets, Cuttable Magnetic Sheets.</p><p>$5.85</p><a href="https://www.amazon.com/dp/B09BBHBZMG?tag=eloabder-20&linkCode=osi&th=1&psc=1">View Product</a></div><div class="product"><a href="https://www.amazon.com/dp/B07V4STWPV?tag=eloabder-20&linkCode=osi&th=1&psc=1"><img src="https://m.media-amazon.com/images/I/51g56RBuH8L._SL500_.jpg" alt="Product Image"></a><p>Magnetic Sheets with Adhesive Backing - Each 4" x 6" - Flexible Magnetic Paper with Strong Self Adhesive - Sticky Magnet Sheets for Photo and Picture Magnets, Stickers and Other Craft Magnets</p><p>$5.99 ($0.60 / Count)</p><a href="https://www.amazon.com/dp/B07V4STWPV?tag=eloabder-20&linkCode=osi&th=1&psc=1">View Product</a></div>
<div class="product"><a href="https://www.amazon.com/dp/B09VCYS41G?tag=eloabder-20&linkCode=osi&th=1&psc=1"><img src="https://m.media-amazon.com/images/I/61bdWXYPddL._SL500_.jpg" alt="Product Image"></a><p>Betem 24 Colors Dual Tip Acrylic Paint Pens Markers, Premium Acrylic Paint Pens for Wood, Canvas, Stone, Rock Painting, Glass, Ceramic Surfaces, DIY Crafts Making Art Supplies</p><p>$11.99</p><a href="https://www.amazon.com/dp/B09VCYS41G?tag=eloabder-20&linkCode=osi&th=1&psc=1">View Product</a></div><div class="product"><a href="https://www.amazon.com/dp/B0BN7WJFPR?tag=eloabder-20&linkCode=osi&th=1&psc=1"><img src="https://m.media-amazon.com/images/I/51vvJ6c6MPL._SL500_.jpg" alt="Product Image"></a><p>24 Colors Acrylic Paint Pens, Dual Tip Acrylic Paint Markers with Brush Tip and Fine Tip, Acrylic Pens for Rock Painting, Wood, Canvas, Stone, Glass, Ceramic,DIY Crafts Making Art Supplies</p><p>$9.99</p><a href="https://www.amazon.com/dp/B0BN7WJFPR?tag=eloabder-20&linkCode=osi&th=1&psc=1">View Product</a></div><div class="product"><a href="https://www.amazon.com/dp/B0CX1BD86P?tag=eloabder-20&linkCode=osi&th=1&psc=1"><img src="https://m.media-amazon.com/images/I/51w2YBDoYfL._SL500_.jpg" alt="Product Image"></a><p>TBC The Best Crafts 24 Colors Dual Tip Acrylic Paint Markers,Waterproof, Non-Toxic, odorless, Suitable for Paper, Pottery, Stones, Backpacks, Glass</p><p>$9.99</p><a href="https://www.amazon.com/dp/B0CX1BD86P?tag=eloabder-20&linkCode=osi&th=1&psc=1">View Product</a></div><div class="product"><a href="https://www.amazon.com/dp/B09SWJRSSX?tag=eloabder-20&linkCode=osi&th=1&psc=1"><img src="https://m.media-amazon.com/images/I/61OthBr2r9L._SL500_.jpg" alt="Product Image"></a><p>Acrylic Paint Pens Paint Markers Set of 18: Fine Point for Rock Painting Glass Wood Ceramic Fabric Metal Canvas Easter Eggs Pumpkin Kit, Drawing Art Crafts for Adults Scrapbooking Supplies</p><p>$10.99</p><a href="https://www.amazon.com/dp/B09SWJRSSX?tag=eloabder-20&linkCode=osi&th=1&psc=1">View Product</a></div><div class="product"><a href="https://www.amazon.com/dp/B09H2JRV1Y?tag=eloabder-20&linkCode=osi&th=1&psc=1"><img src="https://m.media-amazon.com/images/I/511FMxcdCzL._SL500_.jpg" alt="Product Image"></a><p>IVSUN 24 Colors Premium Extra Fine Point Acrylic Paint Marker Pens for Wood, Canvas, Stone, Rock Painting, Glass, Ceramic Surfaces, DIY Crafts Making Art Supplies (24PCS (0.7mm))</p><p>$8.99</p><a href="https://www.amazon.com/dp/B09H2JRV1Y?tag=eloabder-20&linkCode=osi&th=1&psc=1">View Product</a></div><div class="product"><a href="https://www.amazon.com/dp/B0BN8CW9ZY?tag=eloabder-20&linkCode=osi&th=1&psc=1"><img src="https://m.media-amazon.com/images/I/51n2byYcjqL._SL500_.jpg" alt="Product Image"></a><p>Acrylic Paint Pens Markers, 24 Colors Dual Tip Acrylic Paint Pens for Rock Painting, Wood, Canvas, Stone, Glass, Ceramic Surfaces, DIY Crafts Making Art Supplies (Round Tip and Fine Tip)</p><p>$9.99</p><a href="https://www.amazon.com/dp/B0BN8CW9ZY?tag=eloabder-20&linkCode=osi&th=1&psc=1">View Product</a></div><div class="product"><a href="https://www.amazon.com/dp/B07DB1TVND?tag=eloabder-20&linkCode=osi&th=1&psc=1"><img src="https://m.media-amazon.com/images/I/51KvMUBvqRL._SL500_.jpg" alt="Product Image"></a><p>JR.WHITE Acrylic Paint Pens Paint Markers for Rock Painting, Canvas, Wood, Glass, Fabric, Metal, Plastic, Arts Crafts Easter Eggs, Pumpkin, Scrapbooking Supplies, Graffiti Markers for Adults Kids</p><p>$11.19 ($0.93 / Count )</p><a href="https://www.amazon.com/dp/B07DB1TVND?tag=eloabder-20&linkCode=osi&th=1&psc=1">View Product</a></div><div class="product"><a href="https://www.amazon.com/dp/B07M6Y4FXZ?tag=eloabder-20&linkCode=osi&th=1&psc=1"><img src="https://m.media-amazon.com/images/I/61wQ1qJutWL._SL500_.jpg" alt="Product Image"></a><p>AROIC Paint Pens Paint Markers, 16 colors Oil-Based Waterproof Paint Marker Pen Set On Rock, Wood, Fabric, Metal, Plastic, Glass, Canvas, Mugs, Waterproof, DIY Craft and More</p><p>$11.99</p><a href="https://www.amazon.com/dp/B07M6Y4FXZ?tag=eloabder-20&linkCode=osi&th=1&psc=1">View Product</a></div>

<div class="product"><a href="https://www.amazon.com/dp/B0BQTYYVZH?tag=eloabder-20&linkCode=osi&th=1&psc=1"><img src="https://m.media-amazon.com/images/I/31i9+BVpDCL._SL500_.jpg" alt="Product Image"></a><p>Vanhench Brown Wrapping Paper, Craft Paper, Kraft Paper 17.5"x 1200"(100'), Gift Wrapping Bulletin Board Arts & Crafts, Bouquet Flower Table Covering Poster Packing Shipping Moving Supplies 65GSM 45LB</p><p>$5.98</p><a href="https://www.amazon.com/dp/B0BQTYYVZH?tag=eloabder-20&linkCode=osi&th=1&psc=1">View Product</a></div><div class="product"><a href="https://www.amazon.com/dp/B0CQZ1TYX9?tag=eloabder-20&linkCode=osi&th=1&psc=1"><img src="https://m.media-amazon.com/images/I/41RknmvlWSL._SL500_.jpg" alt="Product Image"></a><p>PerkHomy 36" x 2,400" (200') Brown Kraft Paper Roll for Gift Wrapping Bulletin Board Bouquet Flower Kids Wall Art Craft Packing Moving Shipping Parcel Postal Floor Covering Table Runner 70GSM 50LB</p><p>$30.99 ($0.05 / Sq Ft)</p><a href="https://www.amazon.com/dp/B0CQZ1TYX9?tag=eloabder-20&linkCode=osi&th=1&psc=1">View Product</a></div><div class="product"><a href="https://www.amazon.com/dp/B0C743LQ3M?tag=eloabder-20&linkCode=osi&th=1&psc=1"><img src="https://m.media-amazon.com/images/I/21HvZSNwJML._SL500_.jpg" alt="Product Image"></a><p>White Wrapping Paper Craft Paper Kraft Paper Roll 15" x 450", Bulletin Board Paper Roll, Arts & Crafts, Gift Wrapping Moving Packing Painting Drawing Paint Easel Poster Chart Paper, Kids Art Supplies</p><p>$4.99 ($0.11 / Sq Ft)</p><a href="https://www.amazon.com/dp/B0C743LQ3M?tag=eloabder-20&linkCode=osi&th=1&psc=1">View Product</a></div><div class="product"><a href="https://www.amazon.com/dp/B0D14FL3DF?tag=eloabder-20&linkCode=osi&th=1&psc=1"><img src="https://m.media-amazon.com/images/I/31IQZPHBHfL._SL500_.jpg" alt="Product Image"></a><p>SMART&CASUAL 15" x 450" (37.5') Kraft Paper Roll for Art Craft Supplies Gift Wrapping Moving Packing Kids Painting Drawing Paint Easel Poster Chart Paper (White, 15"W x 450"L (37.5'))</p><p>$4.98</p><a href="https://www.amazon.com/dp/B0D14FL3DF?tag=eloabder-20&linkCode=osi&th=1&psc=1">View Product</a></div><div class="product"><a href="https://www.amazon.com/dp/B0CX5D7W62?tag=eloabder-20&linkCode=osi&th=1&psc=1"><img src="https://m.media-amazon.com/images/I/31+skUeyllL._SL500_.jpg" alt="Product Image"></a><p>SMART&CASUAL 17.8"×1,200"(100') Brown Kraft Wrapping Paper for Craft Gift Bulletin Board Bouquet Flower Table Covering Packing Shipping Moving 70GSM 50LB</p><p>$7.98</p><a href="https://www.amazon.com/dp/B0CX5D7W62?tag=eloabder-20&linkCode=osi&th=1&psc=1">View Product</a></div><div class="product"><a href="https://www.amazon.com/dp/B0C2P7FGFM?tag=eloabder-20&linkCode=osi&th=1&psc=1"><img src="https://m.media-amazon.com/images/I/31Mnush+a-L._SL500_.jpg" alt="Product Image"></a><p>Brown Packing Paper 15"×450"(38'), Brown Paper Roll, Art Craft Paper, Kraft Paper Roll for Moving Boxes Supplies, Gift Wrapping Bouquet Flower Paper, Poster Bulletin Board Paper, Arts and Crafts</p><p>$4.99</p><a href="https://www.amazon.com/dp/B0C2P7FGFM?tag=eloabder-20&linkCode=osi&th=1&psc=1">View Product</a></div><div class="product"><a href="https://www.amazon.com/dp/B0BNCBSZRR?tag=eloabder-20&linkCode=osi&th=1&psc=1"><img src="https://m.media-amazon.com/images/I/31NTgModxdL._SL500_.jpg" alt="Product Image"></a><p>Kraft Paper Sheets - 15 x 15 in. - 240 Sheets of Brown Wrapping Paper – Heavy Duty Craft Paper for Shipping - Light Brown Construction Paper - 80 GSM - 375 Square feet</p><p>$23.89 ($0.10 / Count)</p><a href="https://www.amazon.com/dp/B0BNCBSZRR?tag=eloabder-20&linkCode=osi&th=1&psc=1">View Product</a></div><div class="product"><a href="https://www.amazon.com/dp/B09J9ZGX8S?tag=eloabder-20&linkCode=osi&th=1&psc=1"><img src="https://m.media-amazon.com/images/I/31R819QZXxL._SL500_.jpg" alt="Product Image"></a><p>IDL Packaging 36" x 2160" (180 ft) Brown Kraft Paper Roll, 30 lbs - Quality Paper for Packing, Moving, Shipping, Crafts - 100% Recyclable Natural Kraft Wrapping Paper</p><p>$33.95 ($0.06 / Sq Ft)</p><a href="https://www.amazon.com/dp/B09J9ZGX8S?tag=eloabder-20&linkCode=osi&th=1&psc=1">View Product</a></div>
<div class="product"><a href="https://www.amazon.com/dp/B0BR9M5GT6?tag=eloabder-20&linkCode=osi&th=1&psc=1"><img src="https://m.media-amazon.com/images/I/61jKQSVpNKL._SL500_.jpg" alt="Product Image"></a><p>Drawdart 47 Pack Acrylic Paint Set, 36 Colors Art Painting Supplies for Canvas Wood Fabric Ceramic Crafts, Non Toxic & Rich Pigments for Artists & Hobby Painters, 2 fl oz / 60 ml Bottles</p><p>$24.99 ($0.35 / Fl Oz)</p><a href="https://www.amazon.com/dp/B0BR9M5GT6?tag=eloabder-20&linkCode=osi&th=1&psc=1">View Product</a></div><div class="product"><a href="https://www.amazon.com/dp/B006AT7P6M?tag=eloabder-20&linkCode=osi&th=1&psc=1"><img src="https://m.media-amazon.com/images/I/415ZwGErxOL._SL500_.jpg" alt="Product Image"></a><p>Apple Barrel Acrylic Paint in Assorted Colors (2 oz), 20501, Bright Red</p><p>$0.58 ($0.29 / Fl Oz)</p><a href="https://www.amazon.com/dp/B006AT7P6M?tag=eloabder-20&linkCode=osi&th=1&psc=1">View Product</a></div><div class="product"><a href="https://www.amazon.com/dp/B0BNV7BMN2?tag=eloabder-20&linkCode=osi&th=1&psc=1"><img src="https://m.media-amazon.com/images/I/51K4iYzckvL._SL500_.jpg" alt="Product Image"></a><p>Fantastory Acrylic Paint Set, 24 Classic Colors(2oz), Professional Craft Paint Kit,Canvas/Rock/Stone/Ceramic/Model/Wood Painting with 12 Brushes</p><p>$25.99 ($0.36 / Fl Oz)</p><a href="https://www.amazon.com/dp/B0BNV7BMN2?tag=eloabder-20&linkCode=osi&th=1&psc=1">View Product</a></div><div class="product"><a href="https://www.amazon.com/dp/B0728B4CLJ?tag=eloabder-20&linkCode=osi&th=1&psc=1"><img src="https://m.media-amazon.com/images/I/41aBzZtF9-L._SL500_.jpg" alt="Product Image"></a><p>FolkArt Acrylic Paint in Assorted Colors (2 oz), , Mossy Meadow</p><p>$1.17 ($0.58 / Fl Oz)</p><a href="https://www.amazon.com/dp/B0728B4CLJ?tag=eloabder-20&linkCode=osi&th=1&psc=1">View Product</a></div><div class="product"><a href="https://www.amazon.com/dp/B0BY3G2CXG?tag=eloabder-20&linkCode=osi&th=1&psc=1"><img src="https://m.media-amazon.com/images/I/51Cn6kY12wL._SL500_.jpg" alt="Product Image"></a><p>36 Assorted Acrylic Paint Set by Craft Smart - Non-Toxic Paint for Drawing, Painting, Art & Crafts Supplies - 1 Pack</p><p>$28.98</p><a href="https://www.amazon.com/dp/B0BY3G2CXG?tag=eloabder-20&linkCode=osi&th=1&psc=1">View Product</a></div>

<div class="product"><a href="https://www.amazon.com/dp/B08722TFPH?tag=eloabder-20&linkCode=osi&th=1&psc=1"><img src="https://m.media-amazon.com/images/I/51DqPIU5lcL._SL500_.jpg" alt="Product Image"></a><p>LIUYAXI 20 Colors 100 Yard Satin Ribbon Fabric Ribbon Silk Ribbon Assorted Colors Rolls, 2/5" Wide 5 Yard/Roll, Ribbons Perfect for Gift Wrapping,Crafts, Hair Bows, Wedding Party Decoration and More</p><p>$7.99 ($0.03 / Foot)</p><a href="https://www.amazon.com/dp/B08722TFPH?tag=eloabder-20&linkCode=osi&th=1&psc=1">View Product</a></div><div class="product"><a href="https://www.amazon.com/dp/B08M3BDRX3?tag=eloabder-20&linkCode=osi&th=1&psc=1"><img src="https://m.media-amazon.com/images/I/51qwMfv7kXL._SL500_.jpg" alt="Product Image"></a><p>Winlyn 36 Colors 900 Yards Fabric Ribbons Satin Ribbons Metallic Glitter Ribbons Rolls Craft Ribbons Embellish Decorative Ribbons 2/5" Wide for Floral Bouquet Gifts Crafts Bows Party Wedding</p><p>$13.99 ($0.01 / Foot)</p><a href="https://www.amazon.com/dp/B08M3BDRX3?tag=eloabder-20&linkCode=osi&th=1&psc=1">View Product</a></div><div class="product"><a href="https://www.amazon.com/dp/B08NXF43DB?tag=eloabder-20&linkCode=osi&th=1&psc=1"><img src="https://m.media-amazon.com/images/I/51fTtUVKi5L._SL500_.jpg" alt="Product Image"></a><p>MEEDEE Rainbow Ribbon Solid Color Assortment 10 Colors Double Face Satin Ribbon for Gift Wrapping Happy Birthday Party Decorations, 3/8" X 5 Yard Each Total 50 Yds Per Package</p><p>$7.99 ($0.05 / Foot)</p><a href="https://www.amazon.com/dp/B08NXF43DB?tag=eloabder-20&linkCode=osi&th=1&psc=1">View Product</a></div><div class="product"><a href="https://www.amazon.com/dp/B01N8W0Z45?tag=eloabder-20&linkCode=osi&th=1&psc=1"><img src="https://m.media-amazon.com/images/I/61OkEfd-1BL._SL500_.jpg" alt="Product Image"></a><p>QingHan Grosgrain Ribbons for Crafts Gifts Wrapping 3/8" Boutique Polka Dot Fabric Ribbon 40yd (20 x 2yd)</p><p>$5.99 ($0.05 / Foot)</p><a href="https://www.amazon.com/dp/B01N8W0Z45?tag=eloabder-20&linkCode=osi&th=1&psc=1">View Product</a></div><div class="product"><a href="https://www.amazon.com/dp/B0CS5G5PCX?tag=eloabder-20&linkCode=osi&th=1&psc=1"><img src="https://m.media-amazon.com/images/I/51xzSU+d8QL._SL500_.jpg" alt="Product Image"></a><p>Ribbli Rainbow Satin Ribbon 3/8 Inch x 12 Rolls Total 60 Yards- Colorful Ribbon for Gift Wrapping Craft Party Decoration Baby Shower Wedding</p><p>$7.99 ($0.04 / Foot)</p><a href="https://www.amazon.com/dp/B0CS5G5PCX?tag=eloabder-20&linkCode=osi&th=1&psc=1">View Product</a></div><div class="product"><a href="https://www.amazon.com/dp/B009V35YVC?tag=eloabder-20&linkCode=osi&th=1&psc=1"><img src="https://m.media-amazon.com/images/I/41OYxs2N6GL._SL500_.jpg" alt="Product Image"></a><p>LaRibbons 10 Color 50Yards Solid Satin Ribbon,3/8" X 5 Yard/Roll Colorful Double Face Rainbow Ribbon for Crafts,Flower Bouquet,Gift Wrapping,Hair Bows,Birthday,Wedding Party Decoration</p><p>$4.99</p><a href="https://www.amazon.com/dp/B009V35YVC?tag=eloabder-20&linkCode=osi&th=1&psc=1">View Product</a></div><div class="product"><a href="https://www.amazon.com/dp/B07BDG8KXB?tag=eloabder-20&linkCode=osi&th=1&psc=1"><img src="https://m.media-amazon.com/images/I/61zpTp+xLjL._SL500_.jpg" alt="Product Image"></a><p>Supla 16 Colors 400 Yard Fabric Ribbon Silk Satin Roll Satin Ribbon Rolls in 2/5" Wide, 25 Yard/roll,16 Rolls,Satin Ribbon Fabric Ribbon Embellish Ribbon Ribbon for Bows Crafts Gifts Party Wedding</p><p>$8.99 ($0.01 / Foot)</p><a href="https://www.amazon.com/dp/B07BDG8KXB?tag=eloabder-20&linkCode=osi&th=1&psc=1">View Product</a></div><div class="product"><a href="https://www.amazon.com/dp/B0CRD7S24X?tag=eloabder-20&linkCode=osi&th=1&psc=1"><img src="https://m.media-amazon.com/images/I/51Xe-SI-ZHL._SL500_.jpg" alt="Product Image"></a><p>LIUYAXI 100 Yards Solid Grosgrain Ribbon, 3/8" X 5 Yard/Roll, 20 Colors Rainbow Multicolor Fabric Ribbons Roll Perfect for Crafts Gifts Wrapping Flower Bouquet Hair Bows & Other Projects</p><p>$7.99 ($0.03 / Foot)</p><a href="https://www.amazon.com/dp/B0CRD7S24X?tag=eloabder-20&linkCode=osi&th=1&psc=1">View Product</a></div>


<div class="product"><a href="https://www.amazon.com/dp/B08MZ6MQZM?tag=eloabder-20&linkCode=osi&th=1&psc=1"><img src="https://m.media-amazon.com/images/I/51rVPzuNy4L._SL500_.jpg" alt="Product Image"></a><p>Basic Shapes 1: Circles, Triangles, Squares, Ovals, 676 Pieces US Made Card Stock Punch Out Geometric Shapes in 3 Sizes and 4 PRIMARY Colors for Math, Pattern Play and DIY Crafting</p><p>$11.99</p><a href="https://www.amazon.com/dp/B08MZ6MQZM?tag=eloabder-20&linkCode=osi&th=1&psc=1">View Product</a></div><div class="product"><a href="https://www.amazon.com/dp/B072JW6NQT?tag=eloabder-20&linkCode=osi&th=1&psc=1"><img src="https://m.media-amazon.com/images/I/61uY6781clL._SL500_.jpg" alt="Product Image"></a><p>260 Pieces Colorful Glitter Foam Stickers Self Adhesive Stars Mini Heart Shapes Glitter Stickers, Kid's Arts Craft Supplies Greeting Cards Home Decoration Stars&Heart Shapes</p><p>$6.74 ($0.03 / Count)</p><a href="https://www.amazon.com/dp/B072JW6NQT?tag=eloabder-20&linkCode=osi&th=1&psc=1">View Product</a></div>


<div class="product"><a href="https://www.amazon.com/dp/B07KD1WKXY?tag=eloabder-20&linkCode=osi&th=1&psc=1"><img src="https://m.media-amazon.com/images/I/51y9zQOd9XL._SL500_.jpg" alt="Product Image"></a><p>(109 Yards/1.5mm/35 Colors Optional) Cotton Baker Twine DIY Craft Macramé Natural Cotton Rope Craft Making Knitting String Rope DIY Wedding Decor Supply Christmas Wrapping(deep green)</p><p>$4.98 ($0.02 / Foot)</p><a href="https://www.amazon.com/dp/B07KD1WKXY?tag=eloabder-20&linkCode=osi&th=1&psc=1">View Product</a></div><div class="product"><a href="https://www.amazon.com/dp/B0C7G868WP?tag=eloabder-20&linkCode=osi&th=1&psc=1"><img src="https://m.media-amazon.com/images/I/51YFxbYrxGL._SL500_.jpg" alt="Product Image"></a><p>Ohtomber Bracelet String Elastic Cord - 2 Rolls 1MM Stretchy String for Bracelet Making, Rainbow Elastic Bracelets String Thread for Clay Beads, Bracelets, Jewelry Making, Necklaces, Sewing and Crafts</p><p>$5.99 ($0.01 / Foot)</p><a href="https://www.amazon.com/dp/B0C7G868WP?tag=eloabder-20&linkCode=osi&th=1&psc=1">View Product</a></div>
<div class="product"><a href="https://www.amazon.com/dp/B0CHTZD63Q?tag=eloabder-20&linkCode=osi&th=1&psc=1"><img src="https://m.media-amazon.com/images/I/511hgeOlnkL._SL500_.jpg" alt="Product Image"></a><p>Secopad Scrapbook Tape, 4 Pack Double Sided Tape Roller for Crafts, Sticky Glue Tape Runner Scrapbooking Supplies Journaling School Office for Kids and Adults, 0.3IN x 26FT</p><p>$6.63 ($1.66 / Count)</p><a href="https://www.amazon.com/dp/B0CHTZD63Q?tag=eloabder-20&linkCode=osi&th=1&psc=1">View Product</a></div><div class="product"><a href="https://www.amazon.com/dp/B0BKZ2WVFY?tag=eloabder-20&linkCode=osi&th=1&psc=1"><img src="https://m.media-amazon.com/images/I/519ga5fVbbL._SL500_.jpg" alt="Product Image"></a><p>Guirnd 12PCS Colored Masking Tape, Kids Art Supplies Colored Tape, DIY Craft Tape, Colored Tape Rolls, Colored Painters Tape 1.7cm x 12m (2/3In x 13Yards)</p><p>$5.99 ($0.50 / Count)</p><a href="https://www.amazon.com/dp/B0BKZ2WVFY?tag=eloabder-20&linkCode=osi&th=1&psc=1">View Product</a></div><div class="product"><a href="https://www.amazon.com/dp/B0B1ZYCJPG?tag=eloabder-20&linkCode=osi&th=1&psc=1"><img src="https://m.media-amazon.com/images/I/51zcGqodSPL._SL500_.jpg" alt="Product Image"></a><p>Simetufy 5400 Pcs 1 Inch Tissue Paper Squares, 36 Assorted Colored Tissue Paper for Crafts, Art Rainbow Tissue Paper Bulk for Art Projects, Collage, Suncatchers, Scrapbooking - Non Bleeding</p><p>$7.49</p><a href="https://www.amazon.com/dp/B0B1ZYCJPG?tag=eloabder-20&linkCode=osi&th=1&psc=1">View Product</a></div>

<div class="product"><a href="https://www.amazon.com/dp/B07RZFHS87?tag=eloabder-20&linkCode=osi&th=1&psc=1"><img src="https://m.media-amazon.com/images/I/418QZBtYWTL._SL500_.jpg" alt="Product Image"></a><p>Lazydrop Double-Sided Tape for Arts, Crafts, Photography, Scrapbooking, Tear-by-Hand, Paper Backing (6 Rolls) (Width: 6mm/ 9mm/ 12mm/ 15mm)</p><p>$7.99 ($0.01 / Foot)</p><a href="https://www.amazon.com/dp/B07RZFHS87?tag=eloabder-20&linkCode=osi&th=1&psc=1">View Product</a></div><div class="product"><a href="https://www.amazon.com/dp/B0BPS4V3TG?tag=eloabder-20&linkCode=osi&th=1&psc=1"><img src="https://m.media-amazon.com/images/I/41fTeS+RuRL._SL500_.jpg" alt="Product Image"></a><p>Double Sided Tape for Crafts, Double-Sided Tape for Arts, Scrapbook Supplies, Photography, Gifts Box, Scrapbooking, Card Making, Paper Backing, Tear-by-Hand, 6 Roll Heavy Duty Multi-Size Adhesive Tape</p><p>$6.29 ($0.02 / Foot)</p><a href="https://www.amazon.com/dp/B0BPS4V3TG?tag=eloabder-20&linkCode=osi&th=1&psc=1">View Product</a></div><div class="product"><a href="https://www.amazon.com/dp/B098FCBMQV?tag=eloabder-20&linkCode=osi&th=1&psc=1"><img src="https://m.media-amazon.com/images/I/41E1XYg1+gL._SL500_.jpg" alt="Product Image"></a><p>Craftzilla Colored Masking Tape – 7 Roll Multi Pack – 210 Feet x 1 Inch of Colorful Craft Tape – Vibrant Rainbow Masking Tape –Colored Tape Rolls for Arts & Crafts, Labeling and Color-Coding</p><p>$12.95 ($0.01 / Foot)</p><a href="https://www.amazon.com/dp/B098FCBMQV?tag=eloabder-20&linkCode=osi&th=1&psc=1">View Product</a></div><div class="product"><a href="https://www.amazon.com/dp/B0CBRTT4SY?tag=eloabder-20&linkCode=osi&th=1&psc=1"><img src="https://m.media-amazon.com/images/I/41Ne5OTMBHL._SL500_.jpg" alt="Product Image"></a><p>XEHAHOSH 3 Rolls Double Sided Tape for Crafts, Arts, Scrapbooking, Photography, Paper Backing, Tear-by-Hand. 0.6in by 43-FT</p><p>$5.29</p><a href="https://www.amazon.com/dp/B0CBRTT4SY?tag=eloabder-20&linkCode=osi&th=1&psc=1">View Product</a></div><div class="product"><a href="https://www.amazon.com/dp/B08ZJB4XBX?tag=eloabder-20&linkCode=osi&th=1&psc=1"><img src="https://m.media-amazon.com/images/I/41FzzlZNG0L._SL500_.jpg" alt="Product Image"></a><p>8 Rolls Colored Masking Tape Rainbow Colors Painters Tape Colorful Craft Art Paper Tape for Kids Labeling Arts Crafts DIY Decorative Coding Decoration Teaching Supplies, 0.6 Inch x 16 Yard, 8 Colors</p><p>$6.99 ($0.87 / Count)</p><a href="https://www.amazon.com/dp/B08ZJB4XBX?tag=eloabder-20&linkCode=osi&th=1&psc=1">View Product</a></div><div class="product"><a href="https://www.amazon.com/dp/B09GDZH5PV?tag=eloabder-20&linkCode=osi&th=1&psc=1"><img src="https://m.media-amazon.com/images/I/41cZAy06SiL._SL500_.jpg" alt="Product Image"></a><p>DGTANGYIN 1/4" 2 Rolls Double Sided Adhesive Sticky Tape for Arts, DIY, Crafts, Photography, Scrapbooking, Card Making, Gift Wrapping, Office School Stationery Supplies, Home Supplies(Width: 6mm)</p><p>$3.99 ($0.00 / Foot)</p><a href="https://www.amazon.com/dp/B09GDZH5PV?tag=eloabder-20&linkCode=osi&th=1&psc=1">View Product</a></div>
<div class="product"><a href="https://www.amazon.com/dp/B09XR1XBWG?tag=eloabder-20&linkCode=osi&th=1&psc=1"><img src="https://m.media-amazon.com/images/I/31h+RS-Nv6L._SL500_.jpg" alt="Product Image"></a><p>10PCS 7mil Blank Mylar Stencil Sheets,12X12 inch Milky Translucent PET Blank Stencils Sheets,Template Material for Cutting Machines, Laser Cutting, Food-Safe Craft Plastic</p><p>$8.99</p><a href="https://www.amazon.com/dp/B09XR1XBWG?tag=eloabder-20&linkCode=osi&th=1&psc=1">View Product</a></div>

<div class="product"><a href="https://www.amazon.com/dp/B09TSLYX33?tag=eloabder-20&linkCode=osi&th=1&psc=1"><img src="https://m.media-amazon.com/images/I/41xNrpMfOLL._SL500_.jpg" alt="Product Image"></a><p>18 Gauge Aluminum Craft Wire, 165 Feet 1mm Bendable Metal Wire for Jewelry Making, Sculpting, Floral Making, Wreath Making, Crafting, Wire Wrapping, Christmas Ornaments (Silver)</p><p>$6.99</p><a href="https://www.amazon.com/dp/B09TSLYX33?tag=eloabder-20&linkCode=osi&th=1&psc=1">View Product</a></div><div class="product"><a href="https://www.amazon.com/dp/B002HRAEOG?tag=eloabder-20&linkCode=osi&th=1&psc=1"><img src="https://m.media-amazon.com/images/I/41HimGENjYL._SL500_.jpg" alt="Product Image"></a><p>FloraCraft 26 Gauge Floral Wire 270 Feet Bright Silver</p><p>$4.29</p><a href="https://www.amazon.com/dp/B002HRAEOG?tag=eloabder-20&linkCode=osi&th=1&psc=1">View Product</a></div><div class="product"><a href="https://www.amazon.com/dp/B06ZXY1PXB?tag=eloabder-20&linkCode=osi&th=1&psc=1"><img src="https://m.media-amazon.com/images/I/41Nh+1dv7FL._SL500_.jpg" alt="Product Image"></a><p>Mandala Crafts Anodized Aluminum Wire for Sculpting, Armature, Jewelry Making, Gem Metal Wrap, Garden, Colored and Soft, 1 Roll(14 Gauge, Silver)</p><p>$10.19 ($0.17 / Foot)</p><a href="https://www.amazon.com/dp/B06ZXY1PXB?tag=eloabder-20&linkCode=osi&th=1&psc=1">View Product</a></div><div class="product"><a href="https://www.amazon.com/dp/B07ZYNTH7D?tag=eloabder-20&linkCode=osi&th=1&psc=1"><img src="https://m.media-amazon.com/images/I/51ku4vQDwXL._SL500_.jpg" alt="Product Image"></a><p>12 Gauge Aluminum Wire 100 Feet, Anezus Metal Armature Wire Bendable Sculpting Wire for Crafts Wreath Making Jewelry Making Beading Floral (Silver, 2mm)</p><p>$12.99 ($0.13 / Foot)</p><a href="https://www.amazon.com/dp/B07ZYNTH7D?tag=eloabder-20&linkCode=osi&th=1&psc=1">View Product</a></div><div class="product"><a href="https://www.amazon.com/dp/B07CQL7Y5B?tag=eloabder-20&linkCode=osi&th=1&psc=1"><img src="https://m.media-amazon.com/images/I/51mHjBYsT0L._SL500_.jpg" alt="Product Image"></a><p>TecUnite Aluminum Craft Wire for Sculpting Armature Bendable Craft Wire for DIY Jewelry Making (1 Roll,Silver,10 M X 3 mm)</p><p>$8.99 ($0.27 / Foot)</p><a href="https://www.amazon.com/dp/B07CQL7Y5B?tag=eloabder-20&linkCode=osi&th=1&psc=1">View Product</a></div><div class="product"><a href="https://www.amazon.com/dp/B095Y844QP?tag=eloabder-20&linkCode=osi&th=1&psc=1"><img src="https://m.media-amazon.com/images/I/51w+5umyhOS._SL500_.jpg" alt="Product Image"></a><p>Tenn Well 12 Gauge Aluminum Wire, 100 Feet 2mm Bendable Metal Craft Wire for Sculpting, Armature, Jewelry Making, Floral Making, Doll Making, Modelling, Crafting, Bonsai Training</p><p>$11.99 ($0.12 / Foot)</p><a href="https://www.amazon.com/dp/B095Y844QP?tag=eloabder-20&linkCode=osi&th=1&psc=1">View Product</a></div>
<div class="product"><a href="https://www.amazon.com/dp/B0CYPH4FLQ?tag=eloabder-20&linkCode=osi&th=1&psc=1"><img src="https://m.media-amazon.com/images/I/41u786i6oZL._SL500_.jpg" alt="Product Image"></a><p>DIYDEC 24 Pack Basswood Sheets 4 x 6 x 1/16 Inch Thin Plywood Wood Sheets Unfinished Wood Squares Boards Balsa Wood Sheets for Crafts Architectural Models Laser Cutting Wood Burning and Drawing</p><p>$6.99</p><a href="https://www.amazon.com/dp/B0CYPH4FLQ?tag=eloabder-20&linkCode=osi&th=1&psc=1">View Product</a></div><div class="product"><a href="https://www.amazon.com/dp/B082HR4RV3?tag=eloabder-20&linkCode=osi&th=1&psc=1"><img src="https://m.media-amazon.com/images/I/51kfms0w39L._SL500_.jpg" alt="Product Image"></a><p>5ARTH Natural Wood Slices - 30 Pcs 3.5-4 inches Craft Unfinished Wood kit Predrilled with Hole Wooden Circles for Arts Wood Slices Christmas Ornaments DIY Crafts</p><p>$21.99</p><a href="https://www.amazon.com/dp/B082HR4RV3?tag=eloabder-20&linkCode=osi&th=1&psc=1">View Product</a></div>
<div class="product"><a href="https://www.amazon.com/dp/B089T7PX27?tag=eloabder-20&linkCode=osi&th=1&psc=1"><img src="https://m.media-amazon.com/images/I/41aDJyks7kL._SL500_.jpg" alt="Product Image"></a><p>Crayola Air Dry Clay (5lbs), Natural White Modeling Clay for Kids, Sculpting Material, Bulk Craft Supplies for School Classrooms [Amazon Exclusive]</p><p>$17.41</p><a href="https://www.amazon.com/dp/B089T7PX27?tag=eloabder-20&linkCode=osi&th=1&psc=1">View Product</a></div><div class="product"><a href="https://www.amazon.com/dp/B0BDM5WLQX?tag=eloabder-20&linkCode=osi&th=1&psc=1"><img src="https://m.media-amazon.com/images/I/41oBPm5+PkL._SL500_.jpg" alt="Product Image"></a><p>ifergoo White Air Dry Clay, Modeling Clay for School Art & Craft Project. Refill White Clay for Kids Age 3-12, Boys and Girls Gift</p><p>$6.99 ($1.65 / Ounce)</p><a href="https://www.amazon.com/dp/B0BDM5WLQX?tag=eloabder-20&linkCode=osi&th=1&psc=1">View Product</a></div><div class="product"><a href="https://www.amazon.com/dp/B0B8TLRRKM?tag=eloabder-20&linkCode=osi&th=1&psc=1"><img src="https://m.media-amazon.com/images/I/418ijOdZBzL._SL500_.jpg" alt="Product Image"></a><p>Pepy Premium European Air Dry Modeling Clay White 2.2 lb Bar, Easy to Use Air-Hardening Clay for Classroom and Montessori Sculpting and Crafts Projects</p><p>$9.97 ($0.28 / Ounce)</p><a href="https://www.amazon.com/dp/B0B8TLRRKM?tag=eloabder-20&linkCode=osi&th=1&psc=1">View Product</a></div>

<div class="product"><a href="https://www.amazon.com/dp/B083TT4XVN?tag=eloabder-20&linkCode=osi&th=1&psc=1"><img src="https://m.media-amazon.com/images/I/41QMxzlQglL._SL500_.jpg" alt="Product Image"></a><p>6" Jumbo Wood Craft Sticks - Pack of 1,000</p><p>$15.21 ($0.02 / Count)</p><a href="https://www.amazon.com/dp/B083TT4XVN?tag=eloabder-20&linkCode=osi&th=1&psc=1">View Product</a></div><div class="product"><a href="https://www.amazon.com/dp/B0B9RRJ2BG?tag=eloabder-20&linkCode=osi&th=1&psc=1"><img src="https://m.media-amazon.com/images/I/31gmdN8H+PL._SL500_.jpg" alt="Product Image"></a><p>Perfect Stix Wooden Poplar Wood Craft Sticks. Jumbo Size, 6 x 3/4, Wood, Natural Poplar Wood, 500Ct. Multipurpose Craft, Popsicles, Waxing, Arts and Crafts.</p><p>$9.68</p><a href="https://www.amazon.com/dp/B0B9RRJ2BG?tag=eloabder-20&linkCode=osi&th=1&psc=1">View Product</a></div><div class="product"><a href="https://www.amazon.com/dp/B08R31MRJ9?tag=eloabder-20&linkCode=osi&th=1&psc=1"><img src="https://m.media-amazon.com/images/I/51fYWGLzOGL._SL500_.jpg" alt="Product Image"></a><p>Pandaspa 200 Pieces Jumbo Craft Sticks, Premium Natural Wood for Building, Mixing, and Creating Craft Projects, Size 6 x 3/4</p><p>$9.95</p><a href="https://www.amazon.com/dp/B08R31MRJ9?tag=eloabder-20&linkCode=osi&th=1&psc=1">View Product</a></div><div class="product"><a href="https://www.amazon.com/dp/B081R25K4S?tag=eloabder-20&linkCode=osi&th=1&psc=1"><img src="https://m.media-amazon.com/images/I/41vxFW4BIvL._SL500_.jpg" alt="Product Image"></a><p>Perfect Stix - PS-114st-1,000 4.5" Craft Sticks/ Ice Cream Sticks/ Natural Wood - Box of 1,000ct</p><p>$13.99</p><a href="https://www.amazon.com/dp/B081R25K4S?tag=eloabder-20&linkCode=osi&th=1&psc=1">View Product</a></div><div class="product"><a href="https://www.amazon.com/dp/B08NY4HWVH?tag=eloabder-20&linkCode=osi&th=1&psc=1"><img src="https://m.media-amazon.com/images/I/41qHSFWo+AL._SL500_.jpg" alt="Product Image"></a><p>Fansunta 100pcs 15.7x0.35 Inch Strong Natural Bamboo Sticks, Wooden Craft Sticks, Extra Long Sticks, Wood Strips for Craft Projects</p><p>$11.99</p><a href="https://www.amazon.com/dp/B08NY4HWVH?tag=eloabder-20&linkCode=osi&th=1&psc=1">View Product</a></div>
<div class="product"><a href="https://www.amazon.com/dp/B0CY84GCRZ?tag=eloabder-20&linkCode=osi&th=1&psc=1"><img src="https://m.media-amazon.com/images/I/315gdwLiZfL._SL500_.jpg" alt="Product Image"></a><p>14 Rolls Double Sided Tape for Crafts Scrapbooking Multi-Purpose and Multi-Size Tape for Arts, Photography, Gift Boxes, Card Making, Paper Backing, Office Supplies(3mm/5mm/8mm/10mm/12mm/15mm/18mm)</p><p>$4.99 ($0.36 / Count)</p><a href="https://www.amazon.com/dp/B0CY84GCRZ?tag=eloabder-20&linkCode=osi&th=1&psc=1">View Product</a></div>

<div class="product"><a href="https://www.amazon.com/dp/B0D14HHL9F?tag=eloabder-20&linkCode=osi&th=1&psc=1"><img src="https://m.media-amazon.com/images/I/31pj+acWaSL._SL500_.jpg" alt="Product Image"></a><p>Weeding Tools for Vinyl,Vinyl Weeding Tools for Permanent Vinyl/HTV Vinyl/Holographic Vinyl,Craft Vinyl Weeding Tools Kit with Hook and Pick with Tweezers</p><p>$4.99</p><a href="https://www.amazon.com/dp/B0D14HHL9F?tag=eloabder-20&linkCode=osi&th=1&psc=1">View Product</a></div>
<div class="product"><a href="https://www.amazon.com/dp/B06XDJJ6D1?tag=eloabder-20&linkCode=osi&th=1&psc=1"><img src="https://m.media-amazon.com/images/I/516tOQjdgIL._SL500_.jpg" alt="Product Image"></a><p>Color Swell Bulk Crayon Packs - 36 Boxes of 24 Vibrant Colored Durable Bulk Crayons of Teacher Quality for Classroom and Home</p><p>$36.99</p><a href="https://www.amazon.com/dp/B06XDJJ6D1?tag=eloabder-20&linkCode=osi&th=1&psc=1">View Product</a></div><div class="product"><a href="https://www.amazon.com/dp/B0D2W1SJHC?tag=eloabder-20&linkCode=osi&th=1&psc=1"><img src="https://m.media-amazon.com/images/I/51Of59YBGeL._SL500_.jpg" alt="Product Image"></a><p>Shuttle Art Crayons Bulk Set - 40 Boxes of 24 Assorted Colors, 960 Count Durable & Non-Toxic Teacher-Quality Crayons, School Supplies bulk in Crayons For Family Class Party Favors</p><p>$36.99</p><a href="https://www.amazon.com/dp/B0D2W1SJHC?tag=eloabder-20&linkCode=osi&th=1&psc=1">View Product</a></div><div class="product"><a href="https://www.amazon.com/dp/B013I7IQTS?tag=eloabder-20&linkCode=osi&th=1&psc=1"><img src="https://m.media-amazon.com/images/I/51eRV44y2SL._SL500_.jpg" alt="Product Image"></a><p>Crayola Crayons, 8 Count (Case of 48)</p><p>$43.03</p><a href="https://www.amazon.com/dp/B013I7IQTS?tag=eloabder-20&linkCode=osi&th=1&psc=1">View Product</a></div><div class="product"><a href="https://www.amazon.com/dp/B07F98CYQ2?tag=eloabder-20&linkCode=osi&th=1&psc=1"><img src="https://m.media-amazon.com/images/I/51pOC5gmdFL._SL500_.jpg" alt="Product Image"></a><p>Craytastic! 52 Sets of 4-Packs in Cello (208 Count total bulk Crayons) - Large Box of Crayons Bulk For School Teachers, Restaurants, Party Favors, Crayon Packs, Non-Toxic Crayons</p><p>$13.79</p><a href="https://www.amazon.com/dp/B07F98CYQ2?tag=eloabder-20&linkCode=osi&th=1&psc=1">View Product</a></div><div class="product"><a href="https://www.amazon.com/dp/B01HZMQA0Y?tag=eloabder-20&linkCode=osi&th=1&psc=1"><img src="https://m.media-amazon.com/images/I/51GSg7CA-YL._SL500_.jpg" alt="Product Image"></a><p>Colorations Regular Size Triangular Crayon Class Pack, 16 Colors, 13 of Each, Set of 208, Easy to Hold & Grip, Toddler Crayons, Non Toxic Crayons, Kids Crayons, Bulk School Supplies, Triangle Crayons</p><p>$42.98 ($0.21 / Count)</p><a href="https://www.amazon.com/dp/B01HZMQA0Y?tag=eloabder-20&linkCode=osi&th=1&psc=1">View Product</a></div>

<div class="product"><a href="https://www.amazon.com/dp/B0D3HPD7WP?tag=eloabder-20&linkCode=osi&th=1&psc=1"><img src="https://m.media-amazon.com/images/I/31KSmmAWUWL._SL500_.jpg" alt="Product Image"></a><p>50 Sheets Grey Cardstock Paper, Colored Printer Paper 8.5 x 11, Thick Construction Paper for Cards Making, Scrapbook，Office Printing, Invitations, Certificates，DIY Crafting 92 lb/250gsm</p><p>$9.99</p><a href="https://www.amazon.com/dp/B0D3HPD7WP?tag=eloabder-20&linkCode=osi&th=1&psc=1">View Product</a></div>
<div class="product"><a href="https://www.amazon.com/dp/B076CP6F36?tag=eloabder-20&linkCode=osi&th=1&psc=1"><img src="https://m.media-amazon.com/images/I/51rfEIvgI+L._SL500_.jpg" alt="Product Image"></a><p>Apple Barrel, Vibrant Spectrum Collection Acrylic Craft Paint, PROMOABIII, 2 fl oz each, 16 assorted matte colors, 16 count</p><p>$15.97 ($0.50 / Fl Oz)</p><a href="https://www.amazon.com/dp/B076CP6F36?tag=eloabder-20&linkCode=osi&th=1&psc=1">View Product</a></div><div class="product"><a href="https://www.amazon.com/dp/B0BKFLSYQF?tag=eloabder-20&linkCode=osi&th=1&psc=1"><img src="https://m.media-amazon.com/images/I/51a0PmPRknL._SL500_.jpg" alt="Product Image"></a><p>72 Pack Acrylic Paint Set, Shuttle Art 60 Colors Acrylic Paint Including Extra White Black & 12 Brushes, 2oz/60ml, Rich Pigmented, Water Proof, Ideal for Artists, Beginners on Canvas Rock Wood Ceramic</p><p>$45.99 ($23.00 / Fl Oz)</p><a href="https://www.amazon.com/dp/B0BKFLSYQF?tag=eloabder-20&linkCode=osi&th=1&psc=1">View Product</a></div><div class="product"><a href="https://www.amazon.com/dp/B08CB3JH79?tag=eloabder-20&linkCode=osi&th=1&psc=1"><img src="https://m.media-amazon.com/images/I/51OUZsFdnTL._SL500_.jpg" alt="Product Image"></a><p>Acrylic Paint Set of 36 Colors 2fl oz 60ml Bottles,Non Toxic 36 Colors Acrylic Paint No Fading Rich Pigment for Kids Adults Artists Canvas Crafts Wood Painting</p><p>$32.99 ($0.46 / Fl Oz)</p><a href="https://www.amazon.com/dp/B08CB3JH79?tag=eloabder-20&linkCode=osi&th=1&psc=1">View Product</a></div><div class="product"><a href="https://www.amazon.com/dp/B0018NBVKQ?tag=eloabder-20&linkCode=osi&th=1&psc=1"><img src="https://m.media-amazon.com/images/I/31YlSvZMTCL._SL500_.jpg" alt="Product Image"></a><p>Apple Barrel Acrylic Paint in Assorted Colors (8 Ounce), 20403 White</p><p>$2.67 ($0.33 / Fl Oz)</p><a href="https://www.amazon.com/dp/B0018NBVKQ?tag=eloabder-20&linkCode=osi&th=1&psc=1">View Product</a></div><div class="product"><a href="https://www.amazon.com/dp/B077WSBLZ1?tag=eloabder-20&linkCode=osi&th=1&psc=1"><img src="https://m.media-amazon.com/images/I/51KPkXpLn1L._SL500_.jpg" alt="Product Image"></a><p>Shuttle Art Acrylic Paint Set, 30 x12ml Tubes Artist Quality Non Toxic Rich Pigments Colors Great for Kids Adults Professional Painting on Rocks Canvas Wood Clay Fabric Ceramic Crafts</p><p>$12.99 ($1.08 / Fl Oz)</p><a href="https://www.amazon.com/dp/B077WSBLZ1?tag=eloabder-20&linkCode=osi&th=1&psc=1">View Product</a></div><div class="product"><a href="https://www.amazon.com/dp/B00889Z5Y6?tag=eloabder-20&linkCode=osi&th=1&psc=1"><img src="https://m.media-amazon.com/images/I/41MQjsyDbSL._SL500_.jpg" alt="Product Image"></a><p>Apple Barrel Acrylic Paint in Assorted Colors (2 oz), 20764, Apricot</p><p>$0.58 ($0.29 / Fl Oz)</p><a href="https://www.amazon.com/dp/B00889Z5Y6?tag=eloabder-20&linkCode=osi&th=1&psc=1">View Product</a></div><div class="product"><a href="https://www.amazon.com/dp/B09TWQD5ZL?tag=eloabder-20&linkCode=osi&th=1&psc=1"><img src="https://m.media-amazon.com/images/I/41B0L003QXL._SL500_.jpg" alt="Product Image"></a><p>Artkey Acrylic Paint Set - 24 colors 2 oz/59 ml Acrylic Paints Professional Artists Painting Kit for Canvases Fabric Rock Leather Easter Egg Wood Ceramic Glass Art Craft Painting</p><p>$19.99 ($0.42 / Fl Oz)</p><a href="https://www.amazon.com/dp/B09TWQD5ZL?tag=eloabder-20&linkCode=osi&th=1&psc=1">View Product</a></div><div class="product"><a href="https://www.amazon.com/dp/B07Z93LQDB?tag=eloabder-20&linkCode=osi&th=1&psc=1"><img src="https://m.media-amazon.com/images/I/51veoN6zK0L._SL500_.jpg" alt="Product Image"></a><p>Shuttle Art Acrylic Paint Set, 36 Colors Acrylic Paint with Brushes & Palette, 2oz Bottles, Rich Pigments Non-toxic Paint for Artists Kids & Adults, Art Supplies for Canvas Rock Ceramic Wood Painting</p><p>$27.99</p><a href="https://www.amazon.com/dp/B07Z93LQDB?tag=eloabder-20&linkCode=osi&th=1&psc=1">View Product</a></div><div class="product"><a href="https://www.amazon.com/dp/B002665SYY?tag=eloabder-20&linkCode=osi&th=1&psc=1"><img src="https://m.media-amazon.com/images/I/31sJJeWK6OS._SL500_.jpg" alt="Product Image"></a><p>Liquitex BASICS Acrylic Paint, 250ml (8.5-oz) Tube, Titanium White</p><p>$9.99 ($1.18 / Fl Oz)</p><a href="https://www.amazon.com/dp/B002665SYY?tag=eloabder-20&linkCode=osi&th=1&psc=1">View Product</a></div>
<div class="product"><a href="https://www.amazon.com/dp/B0CC98XLGL?tag=eloabder-20&linkCode=osi&th=1&psc=1"><img src="https://m.media-amazon.com/images/I/51ZLw+nThiL._SL500_.jpg" alt="Product Image"></a><p>HUIRUSO 4 Pack Double Sided Tape Roller, Scrapbook Supplies, Glue Tape Roller for Crafts, Double-Sided Adhesive Tape Runner for Scrapbooking, School Office Journaling Supplies (0.31 in X 26.25 ft)</p><p>$6.99 ($1.75 / Count)</p><a href="https://www.amazon.com/dp/B0CC98XLGL?tag=eloabder-20&linkCode=osi&th=1&psc=1">View Product</a></div><div class="product"><a href="https://www.amazon.com/dp/B007XAAE6K?tag=eloabder-20&linkCode=osi&th=1&psc=1"><img src="https://m.media-amazon.com/images/I/414qxYVR0wL._SL500_.jpg" alt="Product Image"></a><p>Scotch Double Sided Tape Runner, 1-Pack, 0.27 in x 26 ft., Perfect for Holiday Crafts, Gifts, and More</p><p>$4.47</p><a href="https://www.amazon.com/dp/B007XAAE6K?tag=eloabder-20&linkCode=osi&th=1&psc=1">View Product</a></div><div class="product"><a href="https://www.amazon.com/dp/B0BZVGPFSK?tag=eloabder-20&linkCode=osi&th=1&psc=1"><img src="https://m.media-amazon.com/images/I/51-ue9+7JkL._SL500_.jpg" alt="Product Image"></a><p>Birllaid Double Sided Tape for Walls, Picture Hanging Strips Removable Mounting Dots Adhesive Heavy Duty, Removable for Art Craft, Decoration, Party Supplies, Multipurpose</p><p>$11.99</p><a href="https://www.amazon.com/dp/B0BZVGPFSK?tag=eloabder-20&linkCode=osi&th=1&psc=1">View Product</a></div><div class="product"><a href="https://www.amazon.com/dp/B0CGVN9SL1?tag=eloabder-20&linkCode=osi&th=1&psc=1"><img src="https://m.media-amazon.com/images/I/41Hy+i4CnoL._SL500_.jpg" alt="Product Image"></a><p>30Ft x 1 Inch Hook and Loop Strips with Adhesive,Double Rolls of Heavy Duty Self Adhesive Tape with Backing, Nylon Self Adhesive Tape for Home Office School and Crafting,White</p><p>$9.99</p><a href="https://www.amazon.com/dp/B0CGVN9SL1?tag=eloabder-20&linkCode=osi&th=1&psc=1">View Product</a></div><div class="product"><a href="https://www.amazon.com/dp/B07Y3VDPLF?tag=eloabder-20&linkCode=osi&th=1&psc=1"><img src="https://m.media-amazon.com/images/I/41cyKQ2OMuL._SL500_.jpg" alt="Product Image"></a><p>Melsan 1x4 inch Hook and Loop Strips with Adhesive - 15 Sets, Strong Back Adhesive Fasten Mounting Tape for Home or Office Use - Instead of Holes and Screws, Black</p><p>$7.82</p><a href="https://www.amazon.com/dp/B07Y3VDPLF?tag=eloabder-20&linkCode=osi&th=1&psc=1">View Product</a></div><div class="product"><a href="https://www.amazon.com/dp/B07V57VJT5?tag=eloabder-20&linkCode=osi&th=1&psc=1"><img src="https://m.media-amazon.com/images/I/514JO3bvl3L._SL500_.jpg" alt="Product Image"></a><p>XFasten Adhesive Roller for Scrapbooking, 8mm x 30ft 4-Pack Double Sided Glue Tape Roller, Scrapbook Supplies for Adults, Photo Tape for Scrapbooking</p><p>$9.99 ($2.50 / Count)</p><a href="https://www.amazon.com/dp/B07V57VJT5?tag=eloabder-20&linkCode=osi&th=1&psc=1">View Product</a></div><div class="product"><a href="https://www.amazon.com/dp/B07JLTGQHX?tag=eloabder-20&linkCode=osi&th=1&psc=1"><img src="https://m.media-amazon.com/images/I/51Eqfo7kUZL._SL500_.jpg" alt="Product Image"></a><p>UPINS 120 Pack Double Sided Foam Tape Square Self-Adhesive Foam Tape Black Strong Tape Pads for DIY Art Crafts Supplies</p><p>$9.99 ($0.08 / Count)</p><a href="https://www.amazon.com/dp/B07JLTGQHX?tag=eloabder-20&linkCode=osi&th=1&psc=1">View Product</a></div><div class="product"><a href="https://www.amazon.com/dp/B005FM6XF4?tag=eloabder-20&linkCode=osi&th=1&psc=1"><img src="https://m.media-amazon.com/images/I/51-vp1WJ89L._SL500_.jpg" alt="Product Image"></a><p>AdTech 5603 Permanent Crafter's Tape, 0.31" x 315", Pack of 4</p><p>$7.84 ($0.07 / Foot)</p><a href="https://www.amazon.com/dp/B005FM6XF4?tag=eloabder-20&linkCode=osi&th=1&psc=1">View Product</a></div><div class="product"><a href="https://www.amazon.com/dp/B0CJF1FLFJ?tag=eloabder-20&linkCode=osi&th=1&psc=1"><img src="https://m.media-amazon.com/images/I/51dig1RqzdL._SL500_.jpg" alt="Product Image"></a><p>UPINS 150Pack Double Sided Foam Tape Strong Sticky Double Sided Foam Pads for Crafts Self-Adhesive Mounting Foam Tape Heavy Duty for Home Wall Decor 40 * 40 * 2mm</p><p>$8.99 ($0.06 / Count)</p><a href="https://www.amazon.com/dp/B0CJF1FLFJ?tag=eloabder-20&linkCode=osi&th=1&psc=1">View Product</a></div><div class="product"><a href="https://www.amazon.com/dp/B0D4YWRGCL?tag=eloabder-20&linkCode=osi&th=1&psc=1"><img src="https://m.media-amazon.com/images/I/41EqJ553-KL._SL500_.jpg" alt="Product Image"></a><p>Amanbo Glue Tape for Scrapbooking, 6 Pack Scrapbook Tape, Double Sided Tape Roller for Crafts, Total 120 Ft x 0.24 in Tape Runner, Craft Supplies for Scrapbooking, Gift Wrapping and Photo Tape</p><p>$6.99</p><a href="https://www.amazon.com/dp/B0D4YWRGCL?tag=eloabder-20&linkCode=osi&th=1&psc=1">View Product</a></div>
<div class="product"><a href="https://www.amazon.com/dp/B0CC5HPPTN?tag=eloabder-20&linkCode=osi&th=1&psc=1"><img src="https://m.media-amazon.com/images/I/519M81S201L._SL500_.jpg" alt="Product Image"></a><p>Airbrush Paint - 30 Colors with 3 Thinner, Ready to Spray Airbrush Paint Set, Water-Based Acrylic Air brush Paints for Metal, Plastic Models, Canvas, Wood, 20ml/Bottle</p><p>$32.99 ($1.48 / Fl Oz)</p><a href="https://www.amazon.com/dp/B0CC5HPPTN?tag=eloabder-20&linkCode=osi&th=1&psc=1">View Product</a></div>
<div class="product"><a href="https://www.amazon.com/dp/B0CXPSGK36?tag=eloabder-20&linkCode=osi&th=1&psc=1"><img src="https://m.media-amazon.com/images/I/51dd2dYOtrL._SL500_.jpg" alt="Product Image"></a><p>Letter Stickers 30 Sheets 1500 PCS Large Alphabet Sticker 2 Inch Vinyl Self Adhesive Stick on Stickers for Water Bottles Cup Mailbox Number Address Craft Scrapbooking Bulletin Board Decor Multicolor</p><p>$9.99</p><a href="https://www.amazon.com/dp/B0CXPSGK36?tag=eloabder-20&linkCode=osi&th=1&psc=1">View Product</a></div><div class="product"><a href="https://www.amazon.com/dp/B07NNYFMGY?tag=eloabder-20&linkCode=osi&th=1&psc=1"><img src="https://m.media-amazon.com/images/I/51yDnU+gEXL._SL500_.jpg" alt="Product Image"></a><p>20 Sheets Alphabet Letter Stickers 10 Colors Self Adhesive Sticker Colorful PU Material Convex Feeling (Colored Letter Stickers 1)</p><p>$6.99 ($0.35 / Count)</p><a href="https://www.amazon.com/dp/B07NNYFMGY?tag=eloabder-20&linkCode=osi&th=1&psc=1">View Product</a></div>

<div class="product"><a href="https://www.amazon.com/dp/B01DDN8854?tag=eloabder-20&linkCode=osi&th=1&psc=1"><img src="https://m.media-amazon.com/images/I/61dPubDZBSL._SL500_.jpg" alt="Product Image"></a><p>Hugs 'n Kisses HNKHABY13 Applique Paper (20 Pack)</p><p>$19.72 ($0.99 / Count)</p><a href="https://www.amazon.com/dp/B01DDN8854?tag=eloabder-20&linkCode=osi&th=1&psc=1">View Product</a></div>
<div class="product"><a href="https://www.amazon.com/dp/B09KPNFJW1?tag=eloabder-20&linkCode=osi&th=1&psc=1"><img src="https://m.media-amazon.com/images/I/41abn5fELmL._SL500_.jpg" alt="Product Image"></a><p>UniPleased Disposable Aprons (50 Count), Plastic apron for Painting Party, Cooking, Housework, Picnic etc.</p><p>$5.69</p><a href="https://www.amazon.com/dp/B09KPNFJW1?tag=eloabder-20&linkCode=osi&th=1&psc=1">View Product</a></div>
<div class="product"><a href="https://www.amazon.com/dp/B087M21MM2?tag=eloabder-20&linkCode=osi&th=1&psc=1"><img src="https://m.media-amazon.com/images/I/41Xf-jehhLL._SL500_.jpg" alt="Product Image"></a><p>GOTIDEAL Stretched Canvas, Multi Pack 4x4, 5x7, 8x10,9x12, 11x14 Set of 10, Primed White - 100% Cotton Artist Canvas Boards for Painting, Acrylic Pouring, Oil Paint Dry & Wet Art Media</p><p>$24.99</p><a href="https://www.amazon.com/dp/B087M21MM2?tag=eloabder-20&linkCode=osi&th=1&psc=1">View Product</a></div><div class="product"><a href="https://www.amazon.com/dp/B00OQJYISG?tag=eloabder-20&linkCode=osi&th=1&psc=1"><img src="https://m.media-amazon.com/images/I/31fEDLPkkcL._SL500_.jpg" alt="Product Image"></a><p>6 Count 12” x 16” Super Value Canvas by Artist's Loft Necessities - Acid Free Cotton Canvas for Paint, Acrylic, & Oils - 1 Pack</p><p>$19.99</p><a href="https://www.amazon.com/dp/B00OQJYISG?tag=eloabder-20&linkCode=osi&th=1&psc=1">View Product</a></div><div class="product"><a href="https://www.amazon.com/dp/B09CDKB9HY?tag=eloabder-20&linkCode=osi&th=1&psc=1"><img src="https://m.media-amazon.com/images/I/51+p5xnClGL._SL500_.jpg" alt="Product Image"></a><p>DPDIAN Canvas Boards for Painting 40 Pack, 8 inch x 10 inch Super Value Pack, Artist Canvas Panels for Oil & Acrylic Painting</p><p>$29.99</p><a href="https://www.amazon.com/dp/B09CDKB9HY?tag=eloabder-20&linkCode=osi&th=1&psc=1">View Product</a></div><div class="product"><a href="https://www.amazon.com/dp/B0CFBGP29G?tag=eloabder-20&linkCode=osi&th=1&psc=1"><img src="https://m.media-amazon.com/images/I/3147Az5plbL._SL500_.jpg" alt="Product Image"></a><p>ArtSkills Stretched Canvases for Painting, 12x16 Canvas Painting Supplies for Artists, Blank Canvas Pack, 2-Pack</p><p>$16.99</p><a href="https://www.amazon.com/dp/B0CFBGP29G?tag=eloabder-20&linkCode=osi&th=1&psc=1">View Product</a></div><div class="product"><a href="https://www.amazon.com/dp/B07BNGQ1SS?tag=eloabder-20&linkCode=osi&th=1&psc=1"><img src="https://m.media-amazon.com/images/I/410ZVtygUwS._SL500_.jpg" alt="Product Image"></a><p>PHOENIX Stretched Canvas for Painting 8x10 Inch/10 Value Pack, 8 Oz Triple Primed 5/8 Inch Profile 100% Cotton White Blank Canvas, Artist Framed Canvas for Oil Acrylic & Pouring Art</p><p>$22.99</p><a href="https://www.amazon.com/dp/B07BNGQ1SS?tag=eloabder-20&linkCode=osi&th=1&psc=1">View Product</a></div><div class="product"><a href="https://www.amazon.com/dp/B0922JP1H4?tag=eloabder-20&linkCode=osi&th=1&psc=1"><img src="https://m.media-amazon.com/images/I/41BmiEND1KL._SL500_.jpg" alt="Product Image"></a><p>GOTIDEAL Canvases for Painting, 18 Pack Canvas Boards Multipack 4x4, 5x7, 8x10, 9x12,11x14,Primed White Blank Artist Canvas Variety Pack for Acrylic Paint, Oil Paint, Watercolor, Gouache</p><p>$19.99</p><a href="https://www.amazon.com/dp/B0922JP1H4?tag=eloabder-20&linkCode=osi&th=1&psc=1">View Product</a></div>


<div class="product"><a href="https://www.amazon.com/dp/B0872VFHBH?tag=eloabder-20&linkCode=osi&th=1&psc=1"><img src="https://m.media-amazon.com/images/I/51k3bekQheS._SL500_.jpg" alt="Product Image"></a><p>Bachmore Drawing Pad 9X12 Inch (110lb/180g), 60 Sheets, Top Spiral Bound Multi-Media for Artist Pro & Amateurs | Acrylic Art, Ink, Paint, Oil Pastels,Watercolor Mixed Media Sketch</p><p>$11.99</p><a href="https://www.amazon.com/dp/B0872VFHBH?tag=eloabder-20&linkCode=osi&th=1&psc=1">View Product</a></div><div class="product"><a href="https://www.amazon.com/dp/B0027A75A4?tag=eloabder-20&linkCode=osi&th=1&psc=1"><img src="https://m.media-amazon.com/images/I/51dyOxxcgYL._SL500_.jpg" alt="Product Image"></a><p>Strathmore 200 Series Sketch Pad, 9x12 inch, 100 Sheets, Tape Bound - Artist Sketchbook for Drawing, Illustration, Art Class Students</p><p>$6.99 ($0.07 / Count)</p><a href="https://www.amazon.com/dp/B0027A75A4?tag=eloabder-20&linkCode=osi&th=1&psc=1">View Product</a></div><div class="product"><a href="https://www.amazon.com/dp/B0BV13YQKX?tag=eloabder-20&linkCode=osi&th=1&psc=1"><img src="https://m.media-amazon.com/images/I/41VYfMpvXUL._SL500_.jpg" alt="Product Image"></a><p>Canson Graduate Watercolor Pad, Foldover, 9x12 inch, 20 Sheets | Artist Paper for Adults and Students - Painting, Gouache, Mixed Media and Ink</p><p>$4.97 ($0.41 / Count)</p><a href="https://www.amazon.com/dp/B0BV13YQKX?tag=eloabder-20&linkCode=osi&th=1&psc=1">View Product</a></div><div class="product"><a href="https://www.amazon.com/dp/B0024KMQ6K?tag=eloabder-20&linkCode=osi&th=1&psc=1"><img src="https://m.media-amazon.com/images/I/51sYdvPPUCL._SL500_.jpg" alt="Product Image"></a><p>Strathmore 400 Series Pastel Pad, Assorted Colors, 9"x12" Glue Bound, 24 Sheets</p><p>$9.11</p><a href="https://www.amazon.com/dp/B0024KMQ6K?tag=eloabder-20&linkCode=osi&th=1&psc=1">View Product</a></div><div class="product"><a href="https://www.amazon.com/dp/B00246O6PI?tag=eloabder-20&linkCode=osi&th=1&psc=1"><img src="https://m.media-amazon.com/images/I/517TUmckOIL._SL500_.jpg" alt="Product Image"></a><p>Strathmore 300 Series Drawing Paper Pad, Top Wire Bound, 11x14 inches, 50 Sheets (70lb/114g) - Artist Paper for Adults and Students - Charcoal, Colored Pencil, Ink, Pastel, Marker</p><p>$13.33</p><a href="https://www.amazon.com/dp/B00246O6PI?tag=eloabder-20&linkCode=osi&th=1&psc=1">View Product</a></div>
<div class="product"><a href="https://www.amazon.com/dp/B08ZMH7LJY?tag=eloabder-20&linkCode=osi&th=1&psc=1"><img src="https://m.media-amazon.com/images/I/51mJIsLJA-S._SL500_.jpg" alt="Product Image"></a><p>PANDAFLY Professional Drawing Sketching Pencil Set - 12 Pieces Graphite Pencils(14B - 2H), Ideal for Drawing Art, Sketching, Shading, Artist Pencils for Beginners & Pro Artists</p><p>$5.11</p><a href="https://www.amazon.com/dp/B08ZMH7LJY?tag=eloabder-20&linkCode=osi&th=1&psc=1">View Product</a></div><div class="product"><a href="https://www.amazon.com/dp/B088K1G5NL?tag=eloabder-20&linkCode=osi&th=1&psc=1"><img src="https://m.media-amazon.com/images/I/51F2bOMZWnL._SL500_.jpg" alt="Product Image"></a><p>MARKART Professional Drawing Sketching Pencil Set - 14 Pieces,Graphite,(12B - 4H), Ideal for Drawing Art, Sketching, Shading, Artist Pencils for Beginners & Pro Artists</p><p>$5.24</p><a href="https://www.amazon.com/dp/B088K1G5NL?tag=eloabder-20&linkCode=osi&th=1&psc=1">View Product</a></div><div class="product"><a href="https://www.amazon.com/dp/B08FHMRW4L?tag=eloabder-20&linkCode=osi&th=1&psc=1"><img src="https://m.media-amazon.com/images/I/51Pmn5gjyzL._SL500_.jpg" alt="Product Image"></a><p>Mr. Pen- Sketch Pencils for Drawing, 14 Pack, Drawing Pencils, Art Pencils, Graphite Pencils, Graphite Pencils for Drawing, Art Pencils for Drawing and Shading</p><p>$5.95</p><a href="https://www.amazon.com/dp/B08FHMRW4L?tag=eloabder-20&linkCode=osi&th=1&psc=1">View Product</a></div><div class="product"><a href="https://www.amazon.com/dp/B0BNQ58DC4?tag=eloabder-20&linkCode=osi&th=1&psc=1"><img src="https://m.media-amazon.com/images/I/51e-gQtCcCL._SL500_.jpg" alt="Product Image"></a><p>MARTCOLOR Drawing Sketching Pencils Set, 12 Pack Graphite Pencils(14B - 2H), Ideal for Drawing Art, Sketching, Shading, Artist Pencils for Beginners & Pro Artists</p><p>$5.99</p><a href="https://www.amazon.com/dp/B0BNQ58DC4?tag=eloabder-20&linkCode=osi&th=1&psc=1">View Product</a></div>

<div class="product"><a href="https://www.amazon.com/dp/B0851M3749?tag=eloabder-20&linkCode=osi&th=1&psc=1"><img src="https://m.media-amazon.com/images/I/41KKSGSDl5L._SL500_.jpg" alt="Product Image"></a><p>N NOROCME 12 PCS Blending Stumps and Tortillions Paper Art Blenders with Sandpaper Pencil Sharpener Pointer for Student Artist Charcoal Sketch Drawing Tools</p><p>$4.99</p><a href="https://www.amazon.com/dp/B0851M3749?tag=eloabder-20&linkCode=osi&th=1&psc=1">View Product</a></div><div class="product"><a href="https://www.amazon.com/dp/B09J3HKN8F?tag=eloabder-20&linkCode=osi&th=1&psc=1"><img src="https://m.media-amazon.com/images/I/51Qvx81eQLL._SL500_.jpg" alt="Product Image"></a><p>Eraser Pencils Set for Artists, Wooden Sketch Eraser Pen for Charcoal Drawings, Professional Highlight Painting Eraser for Sketching, Revise Erasing Details for Students Limner</p><p>$6.99</p><a href="https://www.amazon.com/dp/B09J3HKN8F?tag=eloabder-20&linkCode=osi&th=1&psc=1">View Product</a></div>
<div class="product"><a href="https://www.amazon.com/dp/B09WCQ89T8?tag=eloabder-20&linkCode=osi&th=1&psc=1"><img src="https://m.media-amazon.com/images/I/41gZz0qgBFL._SL500_.jpg" alt="Product Image"></a><p>Bernat BABY BLANKET BB Blue Dreams Yarn - 1 Pack of 10.5oz/300g - Polyester - #6 Super Bulky - 220 Yards - Knitting/Crochet</p><p>$6.97</p><a href="https://www.amazon.com/dp/B09WCQ89T8?tag=eloabder-20&linkCode=osi&th=1&psc=1">View Product</a></div><div class="product"><a href="https://www.amazon.com/dp/B07V5JVNFD?tag=eloabder-20&linkCode=osi&th=1&psc=1"><img src="https://m.media-amazon.com/images/I/41IS+HdtiOL._SL500_.jpg" alt="Product Image"></a><p>Lion Brand Yarn Basic Stitch Anti-Pilling Knitting Yarn, Yarn for Crocheting, 1-Pack, Baby Blue</p><p>$8.40 ($0.02 / Foot)</p><a href="https://www.amazon.com/dp/B07V5JVNFD?tag=eloabder-20&linkCode=osi&th=1&psc=1">View Product</a></div><div class="product"><a href="https://www.amazon.com/dp/B01M0AJID2?tag=eloabder-20&linkCode=osi&th=1&psc=1"><img src="https://m.media-amazon.com/images/I/41yVau0AUpL._SL500_.jpg" alt="Product Image"></a><p>Lion Brand Yarn (1 Skein) Lion Brand Yarn Babysoft Baby Yarn Yarn, Little Boy Blue Multicolor</p><p>$7.19 ($0.01 / Foot)</p><a href="https://www.amazon.com/dp/B01M0AJID2?tag=eloabder-20&linkCode=osi&th=1&psc=1">View Product</a></div><div class="product"><a href="https://www.amazon.com/dp/B09W1KHF42?tag=eloabder-20&linkCode=osi&th=1&psc=1"><img src="https://m.media-amazon.com/images/I/41maDlrio5L._SL500_.jpg" alt="Product Image"></a><p>Red Heart Super Saver Light Blue Yarn - 3 Pack of 198g/7oz - Acrylic - 4 Medium (Worsted) - 364 Yards - Knitting/Crochet</p><p>$13.29 ($4.43 / Count)</p><a href="https://www.amazon.com/dp/B09W1KHF42?tag=eloabder-20&linkCode=osi&th=1&psc=1">View Product</a></div><div class="product"><a href="https://www.amazon.com/dp/B08LKVZ3CX?tag=eloabder-20&linkCode=osi&th=1&psc=1"><img src="https://m.media-amazon.com/images/I/41GLizNx8UL._SL500_.jpg" alt="Product Image"></a><p>Bernat Baby Blanket Baby Blue Yarn - 3 Pack of 100g/3.5oz - Polyester - 6 Super Bulky - 72 Yards - Knitting/Crochet</p><p>$21.81</p><a href="https://www.amazon.com/dp/B08LKVZ3CX?tag=eloabder-20&linkCode=osi&th=1&psc=1">View Product</a></div><div class="product"><a href="https://www.amazon.com/dp/B0CHJ95WHJ?tag=eloabder-20&linkCode=osi&th=1&psc=1"><img src="https://m.media-amazon.com/images/I/314E1EQdihL._SL500_.jpg" alt="Product Image"></a><p>NORCIA Soft Velvet Yarn Chenille Yarn for Crocheting Baby Blanket Yarn for Knitting Amigurumi Yarn Fancy Yarn for Crochet Weaving Craft (Baby Blue, 1 Skein)</p><p>$9.99</p><a href="https://www.amazon.com/dp/B0CHJ95WHJ?tag=eloabder-20&linkCode=osi&th=1&psc=1">View Product</a></div>
<div class="product"><a href="https://www.amazon.com/dp/B0779F2TXJ?tag=eloabder-20&linkCode=osi&th=1&psc=1"><img src="https://m.media-amazon.com/images/I/31kqZr8DJzL._SL500_.jpg" alt="Product Image"></a><p>OPENDGO Feather Ballpoint Pen ，Black Ink Vintage Feather Quill Refined Plated Rod Quill Ballpoint Pen For School Writing ▏Wedding Gift Signature Pen (Black)</p><p>$6.97</p><a href="https://www.amazon.com/dp/B0779F2TXJ?tag=eloabder-20&linkCode=osi&th=1&psc=1">View Product</a></div><div class="product"><a href="https://www.amazon.com/dp/B0CQF3BJ3S?tag=eloabder-20&linkCode=osi&th=1&psc=1"><img src="https://m.media-amazon.com/images/I/41gs6AOiP6L._SL500_.jpg" alt="Product Image"></a><p>3 in 1 Retractable Ballpoint Pen with Light and Stylus, Nice Pens for Journaling Writing in The Dark - White/Red Light Tip- 0.7mm Black Ink</p><p>$12.99</p><a href="https://www.amazon.com/dp/B0CQF3BJ3S?tag=eloabder-20&linkCode=osi&th=1&psc=1">View Product</a></div><div class="product"><a href="https://www.amazon.com/dp/B08BBZ3B8G?tag=eloabder-20&linkCode=osi&th=1&psc=1"><img src="https://m.media-amazon.com/images/I/41cMHyw60wL._SL500_.jpg" alt="Product Image"></a><p>Mr. Pen- Pens, Black Pens, 12 Pack, Fast Dry, No Smear Pens, Bible Pens, Pens for Journaling, Pens No Bleed Through, Pens Fine Point, Journal Pens, Fine Tip, Planner Pens, Ball Point Journal Pens</p><p>$9.99</p><a href="https://www.amazon.com/dp/B08BBZ3B8G?tag=eloabder-20&linkCode=osi&th=1&psc=1">View Product</a></div><div class="product"><a href="https://www.amazon.com/dp/B0D4YWWGX6?tag=eloabder-20&linkCode=osi&th=1&psc=1"><img src="https://m.media-amazon.com/images/I/31xHBCCzJqL._SL500_.jpg" alt="Product Image"></a><p>PATIKIL 21cm/8" Feather Ballpoint Pen, 1Pcs Ink Vintage Quill Pen Refined Plated Dip Pen for Calligraphy Writing Signature Wedding Gift, Yellow</p><p>$7.49</p><a href="https://www.amazon.com/dp/B0D4YWWGX6?tag=eloabder-20&linkCode=osi&th=1&psc=1">View Product</a></div>

<div class="product"><a href="https://www.amazon.com/dp/B001TLDEVQ?tag=eloabder-20&linkCode=osi&th=1&psc=1"><img src="https://m.media-amazon.com/images/I/41jYF39F6lL._SL500_.jpg" alt="Product Image"></a><p>Beadalon SuppleMax Illusion Beading Cord, 0.40 mm / 0.016 in, Clear Monofilament, 50 m / 164 ft</p><p>$4.74</p><a href="https://www.amazon.com/dp/B001TLDEVQ?tag=eloabder-20&linkCode=osi&th=1&psc=1">View Product</a></div><div class="product"><a href="https://www.amazon.com/dp/B0D2HVFZ7Q?tag=eloabder-20&linkCode=osi&th=1&psc=1"><img src="https://m.media-amazon.com/images/I/41R66LMYz7L._SL500_.jpg" alt="Product Image"></a><p>Zxiixz 116Yards 0.5mm Bracelet String, Waxed String Cord for Bracelet Making, Beading Thread for Bracelet Beads, Friendship Bracelet String for Bracelet Making, Waxed Polyester Cord for Jewelry Making</p><p>$6.99</p><a href="https://www.amazon.com/dp/B0D2HVFZ7Q?tag=eloabder-20&linkCode=osi&th=1&psc=1">View Product</a></div><div class="product"><a href="https://www.amazon.com/dp/B07BNF8KH5?tag=eloabder-20&linkCode=osi&th=1&psc=1"><img src="https://m.media-amazon.com/images/I/51jVByheyVL._SL500_.jpg" alt="Product Image"></a><p>PH PandaHall 100 Yards 1mm Waxed Cotton Cord Thread Beading String for Bracelet Necklace Making Crafting Beading Macrame Vase Decor, Burlywood</p><p>$7.19 ($0.02 / Foot)</p><a href="https://www.amazon.com/dp/B07BNF8KH5?tag=eloabder-20&linkCode=osi&th=1&psc=1">View Product</a></div><div class="product"><a href="https://www.amazon.com/dp/B07HBPGXJG?tag=eloabder-20&linkCode=osi&th=1&psc=1"><img src="https://m.media-amazon.com/images/I/41xi8gO6kDL._SL500_.jpg" alt="Product Image"></a><p>Paxcoo 0.8mm Elastic String, Stretchy Bracelet String Crystal String Bead Cord for Bracelet, Beading and Jewelry Making (120m)</p><p>$6.99 ($0.02 / Foot)</p><a href="https://www.amazon.com/dp/B07HBPGXJG?tag=eloabder-20&linkCode=osi&th=1&psc=1">View Product</a></div><div class="product"><a href="https://www.amazon.com/dp/B0CNPST7D9?tag=eloabder-20&linkCode=osi&th=1&psc=1"><img src="https://m.media-amazon.com/images/I/41A9VISFC4L._SL500_.jpg" alt="Product Image"></a><p>Kblick Black Nylon String Cord - 1MM 100 Yards Black Twine, Bracelet String for Bracelet Making, Braided Ornament Lanyard Sting, Jewelry Thread Clay Bead String for Crafts, Macrame Satin Cord</p><p>$5.99 ($0.02 / Foot)</p><a href="https://www.amazon.com/dp/B0CNPST7D9?tag=eloabder-20&linkCode=osi&th=1&psc=1">View Product</a></div><div class="product"><a href="https://www.amazon.com/dp/B08GC3JF9X?tag=eloabder-20&linkCode=osi&th=1&psc=1"><img src="https://m.media-amazon.com/images/I/41FQZYhvQpL._SL500_.jpg" alt="Product Image"></a><p>Cheriswelry 100M 0.8mm Nylon Beading Cord Black Chinese Knotting Rattail Macrame Thread String Roll for Jewelry Making Kumihimo Wrapping Supplies DIY Crafts</p><p>$6.99 ($0.02 / Fl Oz)</p><a href="https://www.amazon.com/dp/B08GC3JF9X?tag=eloabder-20&linkCode=osi&th=1&psc=1">View Product</a></div><div class="product"><a href="https://www.amazon.com/dp/B0B3V9RWQC?tag=eloabder-20&linkCode=osi&th=1&psc=1"><img src="https://m.media-amazon.com/images/I/41F-OP+yCxL._SL500_.jpg" alt="Product Image"></a><p>Griffin Silk Bead Cord Perlseide – Black Color – Size 3 (0.50mm) – 2 Meters per Card – Stainless Steel Needle Attached – for Knotting Pearls, Gemstones, Crystals and Beads</p><p>$4.99 ($0.76 / Foot)</p><a href="https://www.amazon.com/dp/B0B3V9RWQC?tag=eloabder-20&linkCode=osi&th=1&psc=1">View Product</a></div><div class="product"><a href="https://www.amazon.com/dp/B08F49YVQP?tag=eloabder-20&linkCode=osi&th=1&psc=1"><img src="https://m.media-amazon.com/images/I/41yCMIpj0rS._SL500_.jpg" alt="Product Image"></a><p>1mm Stretchy Bracelet String, Sturdy Rainbow Elastic String Elastic Cord for Jewelry Making, Necklaces, Beading and Crafts</p><p>$6.99 ($0.04 / Foot)</p><a href="https://www.amazon.com/dp/B08F49YVQP?tag=eloabder-20&linkCode=osi&th=1&psc=1">View Product</a></div>

<div class="product"><a href="https://www.amazon.com/dp/B001GMUBJ6?tag=eloabder-20&linkCode=osi&th=1&psc=1"><img src="https://m.media-amazon.com/images/I/41V5qzn3H5L._SL500_.jpg" alt="Product Image"></a><p>The Beadsmith Fireline by Berkley – Micro-Fused Braided Thread – 6lb. Test, 006”/.15mm Diameter, 50 Yard Spool, Crystal Color – Super Strong Stringing Material for Jewelry Making and Bead Weaving</p><p>$12.59</p><a href="https://www.amazon.com/dp/B001GMUBJ6?tag=eloabder-20&linkCode=osi&th=1&psc=1">View Product</a></div><div class="product"><a href="https://www.amazon.com/dp/B001UAKK0Y?tag=eloabder-20&linkCode=osi&th=1&psc=1"><img src="https://m.media-amazon.com/images/I/41rY1D0wfuL._SL500_.jpg" alt="Product Image"></a><p>Beadalon Wildfire, 0.006 in, 0.15 mm, Break Strength 10 lb / 4.5 kg, Frost, 50 yd / 45 m</p><p>$8.85 ($0.06 / Foot)</p><a href="https://www.amazon.com/dp/B001UAKK0Y?tag=eloabder-20&linkCode=osi&th=1&psc=1">View Product</a></div><div class="product"><a href="https://www.amazon.com/dp/B095WY58F4?tag=eloabder-20&linkCode=osi&th=1&psc=1"><img src="https://m.media-amazon.com/images/I/41mXRfJqcjL._SL500_.jpg" alt="Product Image"></a><p>PH PandaHall 0.1mm Nylon Seed Bead Thread 100 Yards Black White Bracelet Cord Beading Thread Invisible Sewing Thread Nylon Braided Thread String for Leather Stitching Beading Jewelry Bracelets Making</p><p>$9.99 ($0.03 / Foot)</p><a href="https://www.amazon.com/dp/B095WY58F4?tag=eloabder-20&linkCode=osi&th=1&psc=1">View Product</a></div><div class="product"><a href="https://www.amazon.com/dp/B08RN2R2SZ?tag=eloabder-20&linkCode=osi&th=1&psc=1"><img src="https://m.media-amazon.com/images/I/41Tg2MMC++L._SL500_.jpg" alt="Product Image"></a><p>KO Nylon Beading Thread, White Color, Japanese Pre-Waxed 100% Nylon, 330TEX, Tangle Resistant Knotting Cords, 50m /55 yds Spool, Use for Seed Bead Projects, Loom Work & Bead Weaving</p><p>$7.06 ($0.04 / Foot)</p><a href="https://www.amazon.com/dp/B08RN2R2SZ?tag=eloabder-20&linkCode=osi&th=1&psc=1">View Product</a></div><div class="product"><a href="https://www.amazon.com/dp/B09J89ST79?tag=eloabder-20&linkCode=osi&th=1&psc=1"><img src="https://m.media-amazon.com/images/I/41hLuuOZeXL._SL500_.jpg" alt="Product Image"></a><p>2 Roll Polyester Thread, Heavy Duty Thread, 1500Yard/Reel 210D/3 nylon thread for sewing, Sewing Thread for Upholstery, Outdoor Market, Drapery, Leather, Beading, Crafts</p><p>$7.99 ($0.00 / Foot)</p><a href="https://www.amazon.com/dp/B09J89ST79?tag=eloabder-20&linkCode=osi&th=1&psc=1">View Product</a></div><div class="product"><a href="https://www.amazon.com/dp/B0C6MSY7QQ?tag=eloabder-20&linkCode=osi&th=1&psc=1"><img src="https://m.media-amazon.com/images/I/31Bn-MyA62L._SL500_.jpg" alt="Product Image"></a><p>PH PandaHall 0.1mm Nylon String 100 Yards Beading Thread White Nylon Seed Bead Thread Bracelet Beading Thread Sewing String for Leather Stitching Beading Jewelry Bracelets Making</p><p>$7.99 ($0.03 / Foot)</p><a href="https://www.amazon.com/dp/B0C6MSY7QQ?tag=eloabder-20&linkCode=osi&th=1&psc=1">View Product</a></div>

<div class="product"><a href="https://www.amazon.com/dp/B07NMNDT1W?tag=eloabder-20&linkCode=osi&th=1&psc=1"><img src="https://m.media-amazon.com/images/I/41-zwQIcVcL._SL500_.jpg" alt="Product Image"></a><p>Howemon White Beeswax Pellets 2LB 100% Pure and Natural Triple Filtered for Skin, Face, Body and Hair Care DIY Creams, Lotions, Lip Balm and Soap Making Supplies</p><p>$13.99 ($0.44 / Fl Oz)</p><a href="https://www.amazon.com/dp/B07NMNDT1W?tag=eloabder-20&linkCode=osi&th=1&psc=1">View Product</a></div><div class="product"><a href="https://www.amazon.com/dp/B00B3U0FW4?tag=eloabder-20&linkCode=osi&th=1&psc=1"><img src="https://m.media-amazon.com/images/I/51rWFCST+TL._SL500_.jpg" alt="Product Image"></a><p>Beesworks Yellow Beeswax Pellets (1 lb) | 100% Pure, Cosmetic Grade, Triple-Filtered Beeswax for DIY Skin care, Lip Balm, Lotion, and Candle Making</p><p>$13.99 ($0.87 / Ounce)</p><a href="https://www.amazon.com/dp/B00B3U0FW4?tag=eloabder-20&linkCode=osi&th=1&psc=1">View Product</a></div><div class="product"><a href="https://www.amazon.com/dp/B01LWX2IO1?tag=eloabder-20&linkCode=osi&th=1&psc=1"><img src="https://m.media-amazon.com/images/I/41MlNqhDyCL._SL500_.jpg" alt="Product Image"></a><p>Beesworks Yellow Beeswax Bars (6 oz) | 100% Pure, Cosmetic Grade, Triple-Filtered Beeswax for DIY Skin Care, Lip Balm, Lotion and Candle Making (1 oz Bars - Pack of 6)</p><p>$6.99</p><a href="https://www.amazon.com/dp/B01LWX2IO1?tag=eloabder-20&linkCode=osi&th=1&psc=1">View Product</a></div><div class="product"><a href="https://www.amazon.com/dp/B0BV77F19N?tag=eloabder-20&linkCode=osi&th=1&psc=1"><img src="https://m.media-amazon.com/images/I/41xzHaO1-EL._SL500_.jpg" alt="Product Image"></a><p>Beeswax Pellets 10LB Cosmetic Beeswax Triple Filtered Beeswax Pastilles for Candle Making Great for DIY Projects Creams Lotions Lip Balm and Soap Making Supplies(10LB)</p><p>$32.99</p><a href="https://www.amazon.com/dp/B0BV77F19N?tag=eloabder-20&linkCode=osi&th=1&psc=1">View Product</a></div><div class="product"><a href="https://www.amazon.com/dp/B0C9QSG3CY?tag=eloabder-20&linkCode=osi&th=1&psc=1"><img src="https://m.media-amazon.com/images/I/414XQcU6SRL._SL500_.jpg" alt="Product Image"></a><p>YASNAY White Beeswax Pellets 2LB, 100% Organic Beeswax, Beeswax for Candle Making, Body, Skin Care DIY, Lip Balm and Soap Making Supplies</p><p>$11.99</p><a href="https://www.amazon.com/dp/B0C9QSG3CY?tag=eloabder-20&linkCode=osi&th=1&psc=1">View Product</a></div><div class="product"><a href="https://www.amazon.com/dp/B097HTC4WN?tag=eloabder-20&linkCode=osi&th=1&psc=1"><img src="https://m.media-amazon.com/images/I/51pwMM7C6-L._SL500_.jpg" alt="Product Image"></a><p>Eco Lux 8 Yellow Beeswax Blocks 100% Pure Natural Organic Bees Wax 6.5oz</p><p>$8.49 ($1.35 / Ounce)</p><a href="https://www.amazon.com/dp/B097HTC4WN?tag=eloabder-20&linkCode=osi&th=1&psc=1">View Product</a></div><div class="product"><a href="https://www.amazon.com/dp/B00HDHQQCE?tag=eloabder-20&linkCode=osi&th=1&psc=1"><img src="https://m.media-amazon.com/images/I/41vF-7MwNhL._SL500_.jpg" alt="Product Image"></a><p>Murray's 100% Pure Beeswax 4 oz</p><p>$5.98 ($1.50 / Ounce)</p><a href="https://www.amazon.com/dp/B00HDHQQCE?tag=eloabder-20&linkCode=osi&th=1&psc=1">View Product</a></div><div class="product"><a href="https://www.amazon.com/dp/B09YM8JTLM?tag=eloabder-20&linkCode=osi&th=1&psc=1"><img src="https://m.media-amazon.com/images/I/41cjNuBnFEL._SL500_.jpg" alt="Product Image"></a><p>TRINIDa Beeswax Pellets 2LB(32 oz), 100% Organic Yellow Bees Wax for DIY Candles, Beeswax for Candle Making, Skin, Body, Face, and Hair Care, Lotions, DIY Creams, Lip Balm and Soap Making Supplies</p><p>$11.99</p><a href="https://www.amazon.com/dp/B09YM8JTLM?tag=eloabder-20&linkCode=osi&th=1&psc=1">View Product</a></div><div class="product"><a href="https://www.amazon.com/dp/B00F3CNMV4?tag=eloabder-20&linkCode=osi&th=1&psc=1"><img src="https://m.media-amazon.com/images/I/31pjrRAEa4L._SL500_.jpg" alt="Product Image"></a><p>Stakich Yellow Beeswax Block - Natural, Triple Filtered - 1 Pound, Honey Scent</p><p>$13.95 ($0.87 / Ounce)</p><a href="https://www.amazon.com/dp/B00F3CNMV4?tag=eloabder-20&linkCode=osi&th=1&psc=1">View Product</a></div><div class="product"><a href="https://www.amazon.com/dp/B0BXFZBZS9?tag=eloabder-20&linkCode=osi&th=1&psc=1"><img src="https://m.media-amazon.com/images/I/4178i9IB9KL._SL500_.jpg" alt="Product Image"></a><p>5LB Beeswax Pellets Beeswax for Candle Making Organic Beeswax Pellets for Skin Beeswax Beads Beeswax Bulk Beeswax for Lotion Making Organic for DIY and Craft Project</p><p>$22.99</p><a href="https://www.amazon.com/dp/B0BXFZBZS9?tag=eloabder-20&linkCode=osi&th=1&psc=1">View Product</a></div>
<div class="product"><a href="https://www.amazon.com/dp/B0052F1BVK?tag=eloabder-20&linkCode=osi&th=1&psc=1"><img src="https://m.media-amazon.com/images/I/41zE9eiGoLL._SL500_.jpg" alt="Product Image"></a><p>ACC Staples Large Binder Clips, 2" Width, 1" Capacity, Black, 12/Pk</p><p>$6.30</p><a href="https://www.amazon.com/dp/B0052F1BVK?tag=eloabder-20&linkCode=osi&th=1&psc=1">View Product</a></div><div class="product"><a href="https://www.amazon.com/dp/B07MLFR771?tag=eloabder-20&linkCode=osi&th=1&psc=1"><img src="https://m.media-amazon.com/images/I/51N2wxA7N0L._SL500_.jpg" alt="Product Image"></a><p>CooBigo 50 Pack Binder Ring, Metal Book Ring Paper Ring Holder 5/8-Inch Loose Leaf Binder Ring Clip for Index Card, Flash Card Ring, Card Calendar, Keychain Key Ring - Bronze</p><p>$6.99</p><a href="https://www.amazon.com/dp/B07MLFR771?tag=eloabder-20&linkCode=osi&th=1&psc=1">View Product</a></div><div class="product"><a href="https://www.amazon.com/dp/B01563NHGY?tag=eloabder-20&linkCode=osi&th=1&psc=1"><img src="https://m.media-amazon.com/images/I/41gj+0ZftqL._SL500_.jpg" alt="Product Image"></a><p>vanki Pack of 40 Cute Lovely Smiling Face Spring-Loaded File Organizer Paper Holder Metal Binder Clips, Assorted Color</p><p>$8.99</p><a href="https://www.amazon.com/dp/B01563NHGY?tag=eloabder-20&linkCode=osi&th=1&psc=1">View Product</a></div><div class="product"><a href="https://www.amazon.com/dp/B000GOUDSO?tag=eloabder-20&linkCode=osi&th=1&psc=1"><img src="https://m.media-amazon.com/images/I/41ZANISHgML._SL500_.jpg" alt="Product Image"></a><p>Small Binder Clips .75" 8/Pkg-Assorted Colors</p><p>$4.46</p><a href="https://www.amazon.com/dp/B000GOUDSO?tag=eloabder-20&linkCode=osi&th=1&psc=1">View Product</a></div>
<div class="product"><a href="https://www.amazon.com/dp/B07PRPX4VR?tag=eloabder-20&linkCode=osi&th=1&psc=1"><img src="https://m.media-amazon.com/images/I/41IMH12fdPL._SL500_.jpg" alt="Product Image"></a><p>Durable Sheet Lifters, Durable Easy Flow, 11" x 3", Lifts Sheets Over Rings and Protects Sheets from Tearing, Fit Standard 3-Ring Binders, Black (20 Pack)</p><p>$14.99</p><a href="https://www.amazon.com/dp/B07PRPX4VR?tag=eloabder-20&linkCode=osi&th=1&psc=1">View Product</a></div><div class="product"><a href="https://www.amazon.com/dp/B0CM8QJHFW?tag=eloabder-20&linkCode=osi&th=1&psc=1"><img src="https://m.media-amazon.com/images/I/31cJGS74oCL._SL500_.jpg" alt="Product Image"></a><p>Wantane D-Shaped Tape Storage Ring Tape Storage Ring 4" D-Shaped Washi Tape Storage Ring for DIY Decoration and Storage（Nickel）-2PCS</p><p>$7.99</p><a href="https://www.amazon.com/dp/B0CM8QJHFW?tag=eloabder-20&linkCode=osi&th=1&psc=1">View Product</a></div>
<div class="product"><a href="https://www.amazon.com/dp/B00006IAS3?tag=eloabder-20&linkCode=osi&th=1&psc=1"><img src="https://m.media-amazon.com/images/I/317DvSXhT1L._SL500_.jpg" alt="Product Image"></a><p>GBC Binding System, Manual, Desktop Binding Punch, 6 Sheet Punch Capacity, ProClick P50 (2515650)</p><p>$123.89</p><a href="https://www.amazon.com/dp/B00006IAS3?tag=eloabder-20&linkCode=osi&th=1&psc=1">View Product</a></div><div class="product"><a href="https://www.amazon.com/dp/B004BP81KQ?tag=eloabder-20&linkCode=osi&th=1&psc=1"><img src="https://m.media-amazon.com/images/I/51SqfeZ12KL._SL500_.jpg" alt="Product Image"></a><p>We R Memory Keepers Cinch Book Binding Wire (1-Inch, Silver (2 Pack))</p><p>$5.99</p><a href="https://www.amazon.com/dp/B004BP81KQ?tag=eloabder-20&linkCode=osi&th=1&psc=1">View Product</a></div>

<div class="product"><a href="https://www.amazon.com/dp/B0007ZJ8TM?tag=eloabder-20&linkCode=osi&th=1&psc=1"><img src="https://m.media-amazon.com/images/I/41i49sz3UAL._SL500_.jpg" alt="Product Image"></a><p>Speedball Super Black India Ink, 2-Ounce</p><p>$9.99 ($9.99 / Count)</p><a href="https://www.amazon.com/dp/B0007ZJ8TM?tag=eloabder-20&linkCode=osi&th=1&psc=1">View Product</a></div><div class="product"><a href="https://www.amazon.com/dp/B0026I10AI?tag=eloabder-20&linkCode=osi&th=1&psc=1"><img src="https://m.media-amazon.com/images/I/31vklP4uBsL._SL500_.jpg" alt="Product Image"></a><p>Dr. Ph. Martin's Bombay India (7BY) Ink Bottle, 1.0 oz, Black</p><p>$6.99</p><a href="https://www.amazon.com/dp/B0026I10AI?tag=eloabder-20&linkCode=osi&th=1&psc=1">View Product</a></div><div class="product"><a href="https://www.amazon.com/dp/B000KNP96C?tag=eloabder-20&linkCode=osi&th=1&psc=1"><img src="https://m.media-amazon.com/images/I/51e9srYtG0L._SL500_.jpg" alt="Product Image"></a><p>Winsor & Newton Drawing Ink, 14ml Bottle, Black Indian</p><p>$10.99</p><a href="https://www.amazon.com/dp/B000KNP96C?tag=eloabder-20&linkCode=osi&th=1&psc=1">View Product</a></div><div class="product"><a href="https://www.amazon.com/dp/B07BQG5QF4?tag=eloabder-20&linkCode=osi&th=1&psc=1"><img src="https://m.media-amazon.com/images/I/41nEMDYZaiL._SL500_.jpg" alt="Product Image"></a><p>Speedball Super Black India Ink, 16-Ounce</p><p>$19.99</p><a href="https://www.amazon.com/dp/B07BQG5QF4?tag=eloabder-20&linkCode=osi&th=1&psc=1">View Product</a></div><div class="product"><a href="https://www.amazon.com/dp/B001038NLY?tag=eloabder-20&linkCode=osi&th=1&psc=1"><img src="https://m.media-amazon.com/images/I/418i4sxJJ0L._SL500_.jpg" alt="Product Image"></a><p>Speedball Fabric Screen Printing Ink, 8-Ounce, Black for T-Shirt and Silkscreen Printmaking</p><p>$12.99 ($1.62 / Fl Oz)</p><a href="https://www.amazon.com/dp/B001038NLY?tag=eloabder-20&linkCode=osi&th=1&psc=1">View Product</a></div><div class="product"><a href="https://www.amazon.com/dp/B00161OPSA?tag=eloabder-20&linkCode=osi&th=1&psc=1"><img src="https://m.media-amazon.com/images/I/41C32y3CJAL._SL500_.jpg" alt="Product Image"></a><p>Tsukineko VersaFine inkpad, Full-Size, Onyx Black</p><p>$4.99 ($4.99 / Count)</p><a href="https://www.amazon.com/dp/B00161OPSA?tag=eloabder-20&linkCode=osi&th=1&psc=1">View Product</a></div>
<div class="product"><a href="https://www.amazon.com/dp/B07Q4TJCDJ?tag=eloabder-20&linkCode=osi&th=1&psc=1"><img src="https://m.media-amazon.com/images/I/315HYvYg-BL._SL500_.jpg" alt="Product Image"></a><p>Primbeeks 300pcs Blank Business Cards, Premium Blank White Cards, 3.5" x 2.2" Small Blank Cards, Blank Cardstock Cards, Small Note Cards, white blank cards, white business cards, kraft paper cards</p><p>$7.99</p><a href="https://www.amazon.com/dp/B07Q4TJCDJ?tag=eloabder-20&linkCode=osi&th=1&psc=1">View Product</a></div><div class="product"><a href="https://www.amazon.com/dp/B0CRGHFLT8?tag=eloabder-20&linkCode=osi&th=1&psc=1"><img src="https://m.media-amazon.com/images/I/41S1NLpb8hL._SL500_.jpg" alt="Product Image"></a><p>Watercolor Cards and Envelopes Set - 50 Folded 5x7 Inch Blank Heavyweight Paper Cards (140lb/300gsm) with Matching Envelopes for DIY Greeting Cards, Festivals, and Events</p><p>$17.99 ($0.36 / Count)</p><a href="https://www.amazon.com/dp/B0CRGHFLT8?tag=eloabder-20&linkCode=osi&th=1&psc=1">View Product</a></div><div class="product"><a href="https://www.amazon.com/dp/B08MX4TZ3H?tag=eloabder-20&linkCode=osi&th=1&psc=1"><img src="https://m.media-amazon.com/images/I/41D2u4vdLQL._SL500_.jpg" alt="Product Image"></a><p>50 Pack Blank Kraft Cards Cardstock Thick Paper Brown Greeting Cards for DIY Gift Card Menus, Baby Shower and Wedding Invitations (Multicolored, 5x7IN)</p><p>$8.99</p><a href="https://www.amazon.com/dp/B08MX4TZ3H?tag=eloabder-20&linkCode=osi&th=1&psc=1">View Product</a></div><div class="product"><a href="https://www.amazon.com/dp/B08BDGGVMK?tag=eloabder-20&linkCode=osi&th=1&psc=1"><img src="https://m.media-amazon.com/images/I/41W-dTUoBqL._SL500_.jpg" alt="Product Image"></a><p>100pcs 3.54"x2" Blank Kraft Paper Business Card, Words Message Notes paper Tags, Mini Craft Cardboard Festival gifts - 6 colors</p><p>$5.98</p><a href="https://www.amazon.com/dp/B08BDGGVMK?tag=eloabder-20&linkCode=osi&th=1&psc=1">View Product</a></div><div class="product"><a href="https://www.amazon.com/dp/B08BFDJJ78?tag=eloabder-20&linkCode=osi&th=1&psc=1"><img src="https://m.media-amazon.com/images/I/61LZ1Csb+dL._SL500_.jpg" alt="Product Image"></a><p>Nettbe 100pcs 3.54"x2" Blank Kraft Paper Business Card, Words Message Notes paper Tags, Mini Craft Cardboard Festival gifts</p><p>$5.99</p><a href="https://www.amazon.com/dp/B08BFDJJ78?tag=eloabder-20&linkCode=osi&th=1&psc=1">View Product</a></div><div class="product"><a href="https://www.amazon.com/dp/B07Q8YBJM3?tag=eloabder-20&linkCode=osi&th=1&psc=1"><img src="https://m.media-amazon.com/images/I/31w6U4cCqEL._SL500_.jpg" alt="Product Image"></a><p>Primbeeks 228pcs Blank Business Cards, Premium Blank White Cards, 3.5" x 2.2" Small Blank Cards, Blank Cardstock Cards, Small Note Cards, white blank cards, white business cards, kraft paper cards</p><p>$5.99</p><a href="https://www.amazon.com/dp/B07Q8YBJM3?tag=eloabder-20&linkCode=osi&th=1&psc=1">View Product</a></div><div class="product"><a href="https://www.amazon.com/dp/B08X4Z9TGN?tag=eloabder-20&linkCode=osi&th=1&psc=1"><img src="https://m.media-amazon.com/images/I/41Jqhe35tDL._SL500_.jpg" alt="Product Image"></a><p>321Done Blank Rustic Cards, Made in USA - 4x6 Thick, Heavy Cardstock - Make Invites, Greeting, Note, Thank You Cards - Plain Kraft for Writing, Stamping, Printing, Art - No Envelopes - Set of 50</p><p>$14.99</p><a href="https://www.amazon.com/dp/B08X4Z9TGN?tag=eloabder-20&linkCode=osi&th=1&psc=1">View Product</a></div><div class="product"><a href="https://www.amazon.com/dp/B0D2KDWBNM?tag=eloabder-20&linkCode=osi&th=1&psc=1"><img src="https://m.media-amazon.com/images/I/31dAhnBJ7aL._SL500_.jpg" alt="Product Image"></a><p>4x6 Blank White Cardstock (Set of 100) - Card Stock for Printer Postcards, Photo Paper Invitations, Greeting, Note, Thank You, DIY Making, Index Cards - Plain for Writing, Stamping, Printing, Art</p><p>$8.99</p><a href="https://www.amazon.com/dp/B0D2KDWBNM?tag=eloabder-20&linkCode=osi&th=1&psc=1">View Product</a></div><div class="product"><a href="https://www.amazon.com/dp/B0BB858RYN?tag=eloabder-20&linkCode=osi&th=1&psc=1"><img src="https://m.media-amazon.com/images/I/317zmriPKNL._SL500_.jpg" alt="Product Image"></a><p>WANDERINGS Handmade White Deckle Edge Blank Greeting Cards- Folded to 5x7” - Pack of 25 - Writers, Artists, Crafters - Thank Yous, Invitations, Menus, Greeting Cards, Notes - Thick 150 GSM</p><p>$21.99 ($0.88 / Count)</p><a href="https://www.amazon.com/dp/B0BB858RYN?tag=eloabder-20&linkCode=osi&th=1&psc=1">View Product</a></div><div class="product"><a href="https://www.amazon.com/dp/B0BZPPXRZW?tag=eloabder-20&linkCode=osi&th=1&psc=1"><img src="https://m.media-amazon.com/images/I/21Da-WQhrpL._SL500_.jpg" alt="Product Image"></a><p>100 Pack Thick Paper Cardstock Blank Heavy Cards Stock for Invitations, Greeting Cards Making, Postcards, Photos, 250GSM Thick Paper (White, 2x3.5 inches)</p><p>$5.99</p><a href="https://www.amazon.com/dp/B0BZPPXRZW?tag=eloabder-20&linkCode=osi&th=1&psc=1">View Product</a></div>
<div class="product"><a href="https://www.amazon.com/dp/B0BZRDQKH6?tag=eloabder-20&linkCode=osi&th=1&psc=1"><img src="https://m.media-amazon.com/images/I/41GYYRiusgL._SL500_.jpg" alt="Product Image"></a><p>feela 8 Pack Unlined Kraft Paper Notebooks, Blank Journal Note Pad for Drawing Writing, Small Sketchbook Travel Journal Bulk for Women Kids Students Office School Supplies, A5, 60 Pages, 8.3” X 5.5”</p><p>$9.99</p><a href="https://www.amazon.com/dp/B0BZRDQKH6?tag=eloabder-20&linkCode=osi&th=1&psc=1">View Product</a></div><div class="product"><a href="https://www.amazon.com/dp/B0BXLB74KK?tag=eloabder-20&linkCode=osi&th=1&psc=1"><img src="https://m.media-amazon.com/images/I/313vYzg7HpL._SL500_.jpg" alt="Product Image"></a><p>ZZTX 4 Pack Blank Kraft Notebooks, Blank Paper Sketchbooks for Drawing Doodling Writing,Travel Journal Set, A5, 36 Pages, 8.3” X 5.5”</p><p>$5.99</p><a href="https://www.amazon.com/dp/B0BXLB74KK?tag=eloabder-20&linkCode=osi&th=1&psc=1">View Product</a></div><div class="product"><a href="https://www.amazon.com/dp/B0BW5TNPXJ?tag=eloabder-20&linkCode=osi&th=1&psc=1"><img src="https://m.media-amazon.com/images/I/31Wu8UP78iL._SL500_.jpg" alt="Product Image"></a><p>EOOUT Kraft Notebooks, Blank Page Journals in Bulk, 16pcs A5, 8.3 X 5.5 Inches, 60 Pages, 80gsm, Travel Journal Set, for Art Camp, Travelers, Students and Office Supplies Sketchbooks Bulk for Kids</p><p>$15.99</p><a href="https://www.amazon.com/dp/B0BW5TNPXJ?tag=eloabder-20&linkCode=osi&th=1&psc=1">View Product</a></div><div class="product"><a href="https://www.amazon.com/dp/B08P3F46SD?tag=eloabder-20&linkCode=osi&th=1&psc=1"><img src="https://m.media-amazon.com/images/I/41jeBDcZJ1L._SL500_.jpg" alt="Product Image"></a><p>Krafty Soft Cover Blank Notebook Journal, Spiral Sketchbook Pad, Drawing Book, 60 Sheets/140gsm (A4)/120 Pages</p><p>$7.99</p><a href="https://www.amazon.com/dp/B08P3F46SD?tag=eloabder-20&linkCode=osi&th=1&psc=1">View Product</a></div><div class="product"><a href="https://www.amazon.com/dp/B0CWNPMC4T?tag=eloabder-20&linkCode=osi&th=1&psc=1"><img src="https://m.media-amazon.com/images/I/31BZeVGe6TL._SL500_.jpg" alt="Product Image"></a><p>zmybcpack 5 Pack Blank Journal Notebooks, Blank Paper Sketchbook for Drawing Writing, Travel Journal Notebook Kraft Paper Notebook for Travelers, Students, Office, A5, 8.26” x 5.5”, 60 Pages/30 Sheets</p><p>$8.99</p><a href="https://www.amazon.com/dp/B0CWNPMC4T?tag=eloabder-20&linkCode=osi&th=1&psc=1">View Product</a></div><div class="product"><a href="https://www.amazon.com/dp/B07WHYP9WN?tag=eloabder-20&linkCode=osi&th=1&psc=1"><img src="https://m.media-amazon.com/images/I/41ZhyCux1yL._SL500_.jpg" alt="Product Image"></a><p>Thick Blank Journal Notebook with Unlined / Unruled / Plain Pages | Deluxe 120gsm Ink Resistant Paper for Writing, Sketch Book, 160 Pages | Hardcover Sketchbook with Pen Holder, Pocket, Ribbon (Black)</p><p>$14.99</p><a href="https://www.amazon.com/dp/B07WHYP9WN?tag=eloabder-20&linkCode=osi&th=1&psc=1">View Product</a></div>
<div class="product"><a href="https://www.amazon.com/dp/B07MT7HKZW?tag=eloabder-20&linkCode=osi&th=1&psc=1"><img src="https://m.media-amazon.com/images/I/413JwH5JREL._SL500_.jpg" alt="Product Image"></a><p>Spiral Sketch Book Large Notebook（Built-in Drawing Board） Kraft Cover Blank Sketch Pad Wirebound Sketching for Drawing Painting 8.5x11-Inch (2 Pack) 200 Sheets, 100 Sheets, 200Pages Each</p><p>$17.99 ($9.00 / Count)</p><a href="https://www.amazon.com/dp/B07MT7HKZW?tag=eloabder-20&linkCode=osi&th=1&psc=1">View Product</a></div><div class="product"><a href="https://www.amazon.com/dp/B0BDQ82WB9?tag=eloabder-20&linkCode=osi&th=1&psc=1"><img src="https://m.media-amazon.com/images/I/51FoWr3GPwL._SL500_.jpg" alt="Product Image"></a><p>feela 170 Pack Blank Kraft Notebooks, Unlined Sketchbook Mini Cute Note Pad for Drawing Writing, Journal Bulk For Kids Students Office School Supplies, A6, 48 Pages, 4.25” X 5.5”, Black and Brown</p><p>$51.99</p><a href="https://www.amazon.com/dp/B0BDQ82WB9?tag=eloabder-20&linkCode=osi&th=1&psc=1">View Product</a></div><div class="product"><a href="https://www.amazon.com/dp/B0B3WWHWT2?tag=eloabder-20&linkCode=osi&th=1&psc=1"><img src="https://m.media-amazon.com/images/I/31m0FzXtPxL._SL500_.jpg" alt="Product Image"></a><p>Tamaki 6 Pack Colorful Blank Books for kids to Write, Drawing, Cute Sketchbook for Kid, 6 Colors (4.25 x 5.5 Inches)</p><p>$6.99</p><a href="https://www.amazon.com/dp/B0B3WWHWT2?tag=eloabder-20&linkCode=osi&th=1&psc=1">View Product</a></div>
<div class="product"><a href="https://www.amazon.com/dp/B0BGH2P9M6?tag=eloabder-20&linkCode=osi&th=1&psc=1"><img src="https://m.media-amazon.com/images/I/41ozOaYoHEL._SL500_.jpg" alt="Product Image"></a><p>EOOUT 100pcs A5 Kraft Notebooks, Blank Page Journals in Bulk, Sketchbooks Bulk for Kids, 60 Pages, 80GSM, 8.3 X 5.5 Inch, Travel Journal Set, for Art Camp, Travelers, Students and Office Supplies</p><p>$51.99</p><a href="https://www.amazon.com/dp/B0BGH2P9M6?tag=eloabder-20&linkCode=osi&th=1&psc=1">View Product</a></div><div class="product"><a href="https://www.amazon.com/dp/B07MT99F94?tag=eloabder-20&linkCode=osi&th=1&psc=1"><img src="https://m.media-amazon.com/images/I/41Ug7gpSWDL._SL500_.jpg" alt="Product Image"></a><p>Spiral Sketch Book Large Notebook（Built-in Drawing Board） Kraft Cover Blank Sketch Pad Wirebound Sketching for Drawing Painting 8.5x11-Inch (1 Pack) 200 Pages, 100 Sheets</p><p>$9.99</p><a href="https://www.amazon.com/dp/B07MT99F94?tag=eloabder-20&linkCode=osi&th=1&psc=1">View Product</a></div><div class="product"><a href="https://www.amazon.com/dp/B07CM32KLM?tag=eloabder-20&linkCode=osi&th=1&psc=1"><img src="https://m.media-amazon.com/images/I/41ENhBLE9DL._SL500_.jpg" alt="Product Image"></a><p>Kraft Cover Drawing Notebook & Sketchbook – Set of 2 Blank Plain Sketch Books – 125g Thick Paper A5 Size, 150x210mm Paper Ideal for Drawing & Sketching- 128 sheets/256 pages – 180 Degree Opening, 2pcs</p><p>$20.99 ($0.08 / Count)</p><a href="https://www.amazon.com/dp/B07CM32KLM?tag=eloabder-20&linkCode=osi&th=1&psc=1">View Product</a></div><div class="product"><a href="https://www.amazon.com/dp/B08ZLMLF7C?tag=eloabder-20&linkCode=osi&th=1&psc=1"><img src="https://m.media-amazon.com/images/I/41X-5yj83vL._SL500_.jpg" alt="Product Image"></a><p>BEECHMORE BOOKS Sketch Book, A4 8.5 x 11.5 inch Blank Sketchbook for Drawing, Paint and Draw, 156 Pages Thick Paper 160gsm, Hardcover Leather Art Notebook, Boxed for Gifts (Chestnut Brown)</p><p>$21.20</p><a href="https://www.amazon.com/dp/B08ZLMLF7C?tag=eloabder-20&linkCode=osi&th=1&psc=1">View Product</a></div>
<div class="product"><a href="https://www.amazon.com/dp/B075M9MSFH?tag=eloabder-20&linkCode=osi&th=1&psc=1"><img src="https://m.media-amazon.com/images/I/51x+szTX6TL._SL500_.jpg" alt="Product Image"></a><p>Bianyo Bleedproof Marker Paper Pad, A4(8.27"X11.69"), 50 Sheets, 18 LB / 70 GSM, Glue-Bound, 100% Cotton, White, Ideal for Use with Markers and Ink Mediums</p><p>$9.99</p><a href="https://www.amazon.com/dp/B075M9MSFH?tag=eloabder-20&linkCode=osi&th=1&psc=1">View Product</a></div><div class="product"><a href="https://www.amazon.com/dp/B08FX5S2NL?tag=eloabder-20&linkCode=osi&th=1&psc=1"><img src="https://m.media-amazon.com/images/I/41CA0ZfazKL._SL500_.jpg" alt="Product Image"></a><p>Marker Paper Sketchbook, Bleedproof Art Marker Pad, (8.27 X 11.69) Inch, White, 40 Sheets</p><p>$6.99</p><a href="https://www.amazon.com/dp/B08FX5S2NL?tag=eloabder-20&linkCode=osi&th=1&psc=1">View Product</a></div><div class="product"><a href="https://www.amazon.com/dp/B0CJRBFSJ8?tag=eloabder-20&linkCode=osi&th=1&psc=1"><img src="https://m.media-amazon.com/images/I/51DLA8TpwEL._SL500_.jpg" alt="Product Image"></a><p>Shuttle Art Marker Pad, 8.3”x8.9” Portable Square Sketchbook, 80 Sheets Marker Drawing Paper, 120LB/200GSM Bleedproof Art Paper, Spiral-Bound, Great for Professional Artist to Draw, Paint & Sketch</p><p>$16.99</p><a href="https://www.amazon.com/dp/B0CJRBFSJ8?tag=eloabder-20&linkCode=osi&th=1&psc=1">View Product</a></div><div class="product"><a href="https://www.amazon.com/dp/B09N7VX5Z5?tag=eloabder-20&linkCode=osi&th=1&psc=1"><img src="https://m.media-amazon.com/images/I/51xCPs9HZyL._SL500_.jpg" alt="Product Image"></a><p>Marker Paper Sketchbook - Marker Sketchbook with Bleedproof Smooth Coated Art Paper, 120 GSM 80 LBS - Marker Pad for Alcohol Markers, Sketching, Drawing - 8.11 x 8.5 Inch | 50 Sheets, 2 Pack</p><p>$15.99 ($8.00 / Count)</p><a href="https://www.amazon.com/dp/B09N7VX5Z5?tag=eloabder-20&linkCode=osi&th=1&psc=1">View Product</a></div><div class="product"><a href="https://www.amazon.com/dp/B07CK94W9T?tag=eloabder-20&linkCode=osi&th=1&psc=1"><img src="https://m.media-amazon.com/images/I/41ocoSNDjdL._SL500_.jpg" alt="Product Image"></a><p>BOXUN Premium 50 Sheets Sketch Marker Paper Pad, Bleedproof Artist Drawing Paper, 8.27 x 11.69 Inch</p><p>$8.29 ($0.17 / Count)</p><a href="https://www.amazon.com/dp/B07CK94W9T?tag=eloabder-20&linkCode=osi&th=1&psc=1">View Product</a></div><div class="product"><a href="https://www.amazon.com/dp/B0CPXWD11W?tag=eloabder-20&linkCode=osi&th=1&psc=1"><img src="https://m.media-amazon.com/images/I/51ApKzpDVNL._SL500_.jpg" alt="Product Image"></a><p>FEITAKE Marker Paper Pad Sketchbook Bleedproof for Alcohol Markers 120lb/200gsm Double Sided Thick Art Drawing Papers 60pages (30Sheets) / A4(8.3"x11.7") Gift for Artists Students Kids</p><p>$13.99 ($0.47 / Count)</p><a href="https://www.amazon.com/dp/B0CPXWD11W?tag=eloabder-20&linkCode=osi&th=1&psc=1">View Product</a></div><div class="product"><a href="https://www.amazon.com/dp/B0025TWYW6?tag=eloabder-20&linkCode=osi&th=1&psc=1"><img src="https://m.media-amazon.com/images/I/51t6UkUHCvL._SL500_.jpg" alt="Product Image"></a><p>Bee Paper Bleedproof Marker Pack, 8-1/2-Inch by 11-Inch, 50 Sheets per Pack</p><p>$17.09 ($0.34 / Count)</p><a href="https://www.amazon.com/dp/B0025TWYW6?tag=eloabder-20&linkCode=osi&th=1&psc=1">View Product</a></div><div class="product"><a href="https://www.amazon.com/dp/B0CJRBYYQB?tag=eloabder-20&linkCode=osi&th=1&psc=1"><img src="https://m.media-amazon.com/images/I/41knBnjZ25L._SL500_.jpg" alt="Product Image"></a><p>Shuttle Art Marker Pad, 8.3”x7.67” Portable Square Sketchbook, 50 Sheets Marker Drawing Paper, 60LB/90GSM Smooth Surface Bleedproof Art Paper, Glue-Bound, Great for Beginners to Draw, Paint & Sketch</p><p>$8.99 ($0.18 / Count)</p><a href="https://www.amazon.com/dp/B0CJRBYYQB?tag=eloabder-20&linkCode=osi&th=1&psc=1">View Product</a></div>
<div class="product"><a href="https://www.amazon.com/dp/B00881IU8M?tag=eloabder-20&linkCode=osi&th=1&psc=1"><img src="https://m.media-amazon.com/images/I/41hbSgdLBtL._SL500_.jpg" alt="Product Image"></a><p>Speedball Fabric & Paper Block Printing Ink 6-Color Set, 1.25-Ounce x 6</p><p>$28.99 ($28.99 / Count)</p><a href="https://www.amazon.com/dp/B00881IU8M?tag=eloabder-20&linkCode=osi&th=1&psc=1">View Product</a></div><div class="product"><a href="https://www.amazon.com/dp/B000J09PFM?tag=eloabder-20&linkCode=osi&th=1&psc=1"><img src="https://m.media-amazon.com/images/I/51yPRc4nvoL._SL500_.jpg" alt="Product Image"></a><p>Speedball Water-Soluble Block Printing Ink Starter Set, 6 Bold Colors with Satin Finish, 1.25-Ounce Tubes</p><p>$29.99 ($4.00 / Fl Oz)</p><a href="https://www.amazon.com/dp/B000J09PFM?tag=eloabder-20&linkCode=osi&th=1&psc=1">View Product</a></div><div class="product"><a href="https://www.amazon.com/dp/B000BYT24U?tag=eloabder-20&linkCode=osi&th=1&psc=1"><img src="https://m.media-amazon.com/images/I/51pDlo+LlKL._SL500_.jpg" alt="Product Image"></a><p>Speedball Water-Soluble Block Printing Ink, 8-Ounce Jar, Black</p><p>$14.49</p><a href="https://www.amazon.com/dp/B000BYT24U?tag=eloabder-20&linkCode=osi&th=1&psc=1">View Product</a></div><div class="product"><a href="https://www.amazon.com/dp/B00C1JUJWW?tag=eloabder-20&linkCode=osi&th=1&psc=1"><img src="https://m.media-amazon.com/images/I/41zDtJ6f5hL._SL500_.jpg" alt="Product Image"></a><p>Speedball Fabric Block Printing Ink, 2.5-Ounce, Black</p><p>$9.99 ($4.00 / Fl Oz)</p><a href="https://www.amazon.com/dp/B00C1JUJWW?tag=eloabder-20&linkCode=osi&th=1&psc=1">View Product</a></div><div class="product"><a href="https://www.amazon.com/dp/B004PZ1ZJG?tag=eloabder-20&linkCode=osi&th=1&psc=1"><img src="https://m.media-amazon.com/images/I/41+GkhhpR5L._SL500_.jpg" alt="Product Image"></a><p>Speedball Water-Soluble Block Printing Ink Starter Set, 4-Color Set, 1.25-Ounce Tubes</p><p>$20.99</p><a href="https://www.amazon.com/dp/B004PZ1ZJG?tag=eloabder-20&linkCode=osi&th=1&psc=1">View Product</a></div><div class="product"><a href="https://www.amazon.com/dp/B0017CZF3C?tag=eloabder-20&linkCode=osi&th=1&psc=1"><img src="https://m.media-amazon.com/images/I/41S17SYPAZL._SL500_.jpg" alt="Product Image"></a><p>Speedball Water Soluble Block Printing Ink, Black, 2-1/2 Ounces - 380663</p><p>$9.99</p><a href="https://www.amazon.com/dp/B0017CZF3C?tag=eloabder-20&linkCode=osi&th=1&psc=1">View Product</a></div><div class="product"><a href="https://www.amazon.com/dp/B0BXNX8FSH?tag=eloabder-20&linkCode=osi&th=1&psc=1"><img src="https://m.media-amazon.com/images/I/51JGm1VxVOL._SL500_.jpg" alt="Product Image"></a><p>Falling in Art Water-Soluble Block Printing Ink, 6-Color Printmaking Ink Set for Linoleum Block, 3.5 floz</p><p>$28.99</p><a href="https://www.amazon.com/dp/B0BXNX8FSH?tag=eloabder-20&linkCode=osi&th=1&psc=1">View Product</a></div><div class="product"><a href="https://www.amazon.com/dp/B0027ACJBO?tag=eloabder-20&linkCode=osi&th=1&psc=1"><img src="https://m.media-amazon.com/images/I/41OzayB9ojL._SL500_.jpg" alt="Product Image"></a><p>Speedball 3476 Oil-Based Block Printing Ink Starter Set for Professional, Permanent Prints AP Certified – 1.25 FL OZ Tubes</p><p>$33.99</p><a href="https://www.amazon.com/dp/B0027ACJBO?tag=eloabder-20&linkCode=osi&th=1&psc=1">View Product</a></div>
<div class="product"><a href="https://www.amazon.com/dp/B0027AGDWK?tag=eloabder-20&linkCode=osi&th=1&psc=1"><img src="https://m.media-amazon.com/images/I/515LDer6GPL._SL500_.jpg" alt="Product Image"></a><p>Speedball Deluxe Block Printing Kit - Includes Inks, Brayer, Bench Hook, Lino Handle and Cutters, Speedy-Carve Block, Mounted Linoleum Block</p><p>$59.99</p><a href="https://www.amazon.com/dp/B0027AGDWK?tag=eloabder-20&linkCode=osi&th=1&psc=1">View Product</a></div><div class="product"><a href="https://www.amazon.com/dp/B07ZJBZN5S?tag=eloabder-20&linkCode=osi&th=1&psc=1"><img src="https://m.media-amazon.com/images/I/41UbN58y9uS._SL500_.jpg" alt="Product Image"></a><p>SGHUO 12pcs 4"x6" Pink Rubber Carving Blocks Linoleum Block Stamp Making Kit</p><p>$22.99 ($1.92 / Count)</p><a href="https://www.amazon.com/dp/B07ZJBZN5S?tag=eloabder-20&linkCode=osi&th=1&psc=1">View Product</a></div>
<div class="product"><a href="https://www.amazon.com/dp/B00L2DYUM8?tag=eloabder-20&linkCode=osi&th=1&psc=1"><img src="https://m.media-amazon.com/images/I/51l5FZ0+5AL._SL500_.jpg" alt="Product Image"></a><p>Strathmore 300 Series Printmaking Paper Pad, Glue Bound, 5x7 inches, 40 Sheets (120g) - Artist Paper for Adults and Students - Block Printing, Linocut, Screen Printing, White</p><p>$7.26</p><a href="https://www.amazon.com/dp/B00L2DYUM8?tag=eloabder-20&linkCode=osi&th=1&psc=1">View Product</a></div><div class="product"><a href="https://www.amazon.com/dp/B07BSYS5XC?tag=eloabder-20&linkCode=osi&th=1&psc=1"><img src="https://m.media-amazon.com/images/I/51Uwfq0jv+L._SL500_.jpg" alt="Product Image"></a><p>Ucreate Printmaking Paper, 9"x12", White, 100 Sheet, P9001</p><p>$9.79</p><a href="https://www.amazon.com/dp/B07BSYS5XC?tag=eloabder-20&linkCode=osi&th=1&psc=1">View Product</a></div><div class="product"><a href="https://www.amazon.com/dp/B00K5562WA?tag=eloabder-20&linkCode=osi&th=1&psc=1"><img src="https://m.media-amazon.com/images/I/51Dm+TeJGdL._SL500_.jpg" alt="Product Image"></a><p>Strathmore Printmaking Paper Pad 8"X10"-20 Sheets -62433800, White</p><p>$10.19</p><a href="https://www.amazon.com/dp/B00K5562WA?tag=eloabder-20&linkCode=osi&th=1&psc=1">View Product</a></div><div class="product"><a href="https://www.amazon.com/dp/B001DNH8I0?tag=eloabder-20&linkCode=osi&th=1&psc=1"><img src="https://m.media-amazon.com/images/I/51UzoKdUojL._SL500_.jpg" alt="Product Image"></a><p>Black Ink 9-Inch by 12-Inch Bleached Mulberry Block Printing Paper, 25-Pack</p><p>$19.35 ($0.77 / Count)</p><a href="https://www.amazon.com/dp/B001DNH8I0?tag=eloabder-20&linkCode=osi&th=1&psc=1">View Product</a></div><div class="product"><a href="https://www.amazon.com/dp/B00C6G6L5Y?tag=eloabder-20&linkCode=osi&th=1&psc=1"><img src="https://m.media-amazon.com/images/I/5103h0Rm8sL._SL500_.jpg" alt="Product Image"></a><p>Black Ink Thai Mulberry Block Printing Paper Packs small assorted colors</p><p>$21.99</p><a href="https://www.amazon.com/dp/B00C6G6L5Y?tag=eloabder-20&linkCode=osi&th=1&psc=1">View Product</a></div>
<div class="product"><a href="https://www.amazon.com/dp/B003IG27OK?tag=eloabder-20&linkCode=osi&th=1&psc=1"><img src="https://m.media-amazon.com/images/I/416NUaYo1DL._SL500_.jpg" alt="Product Image"></a><p>Speedball Block Printing Baren - Comfortable Wooden Handle, Made in the USA - 4 Inches</p><p>$29.49</p><a href="https://www.amazon.com/dp/B003IG27OK?tag=eloabder-20&linkCode=osi&th=1&psc=1">View Product</a></div>
<div class="product"><a href="https://www.amazon.com/dp/B0CMZYY8CJ?tag=eloabder-20&linkCode=osi&th=1&psc=1"><img src="https://m.media-amazon.com/images/I/41TifSIP7SL._SL500_.jpg" alt="Product Image"></a><p>Ecoofor Blotting Paper for Flower Press, 20 Sheets Highly Absorbent and Reusable Blotter Paper for Flower Press Paper Craft 9 x 9 inch</p><p>$9.99</p><a href="https://www.amazon.com/dp/B0CMZYY8CJ?tag=eloabder-20&linkCode=osi&th=1&psc=1">View Product</a></div><div class="product"><a href="https://www.amazon.com/dp/B0CYRT3RM4?tag=eloabder-20&linkCode=osi&th=1&psc=1"><img src="https://m.media-amazon.com/images/I/31+qvVq3giL._SL500_.jpg" alt="Product Image"></a><p>Hygge & Sage Premium Natural Fiber Blotting Paper for Flower Press Art; 20 Large Sheets for a Press up to 8x11 Inches; Absorbent, Versatile, and Acid-Free Reusable Blotter Paper for Flower Pressing</p><p>$9.50 ($0.48 / Count)</p><a href="https://www.amazon.com/dp/B0CYRT3RM4?tag=eloabder-20&linkCode=osi&th=1&psc=1">View Product</a></div><div class="product"><a href="https://www.amazon.com/dp/B0D41GDLHM?tag=eloabder-20&linkCode=osi&th=1&psc=1"><img src="https://m.media-amazon.com/images/I/41LIF5dHXaL._SL500_.jpg" alt="Product Image"></a><p>Aboofx 20 Sheets Blotting Paper for Flower Press, 15" x 10" Extra Large Highly Absorbent Blotter Paper for Flower Press Reusable Herbarium Paper Craft Blotter Paper Sheets</p><p>$19.99</p><a href="https://www.amazon.com/dp/B0D41GDLHM?tag=eloabder-20&linkCode=osi&th=1&psc=1">View Product</a></div><div class="product"><a href="https://www.amazon.com/dp/B0CQMMYSBR?tag=eloabder-20&linkCode=osi&th=1&psc=1"><img src="https://m.media-amazon.com/images/I/413SlUi6IDL._SL500_.jpg" alt="Product Image"></a><p>Wisreach Blotting Paper for Flower Press, 20 Sheets Flower Press Paper Highly Absorbent and Reusable Blotter Paper for Flower Art A4 Size 8.26 x 11.4 inch</p><p>$9.99</p><a href="https://www.amazon.com/dp/B0CQMMYSBR?tag=eloabder-20&linkCode=osi&th=1&psc=1">View Product</a></div><div class="product"><a href="https://www.amazon.com/dp/B093FQ22PG?tag=eloabder-20&linkCode=osi&th=1&psc=1"><img src="https://m.media-amazon.com/images/I/41B2jXhe+QL._SL500_.jpg" alt="Product Image"></a><p>Blotting Paper for Flower Press by Berstuk® • Large A4 Flower Press Paper • Highly Absorbent and Reusable Herbarium Paper • Pack of 10 Blotter Paper Sheets</p><p>$6.99 ($69.90 / 100 Sheets)</p><a href="https://www.amazon.com/dp/B093FQ22PG?tag=eloabder-20&linkCode=osi&th=1&psc=1">View Product</a></div><div class="product"><a href="https://www.amazon.com/dp/B0C6PW4VGB?tag=eloabder-20&linkCode=osi&th=1&psc=1"><img src="https://m.media-amazon.com/images/I/21C64VB3iVL._SL500_.jpg" alt="Product Image"></a><p>PATIKIL 16"x12" Flower Press Paper, 1 Set/30 Sheet Refill Lining Blotter Paper Absorbent Reusable Blotting Paper for DIY Art Handicraft Scrapbook</p><p>$11.19</p><a href="https://www.amazon.com/dp/B0C6PW4VGB?tag=eloabder-20&linkCode=osi&th=1&psc=1">View Product</a></div><div class="product"><a href="https://www.amazon.com/dp/B0C6PTK915?tag=eloabder-20&linkCode=osi&th=1&psc=1"><img src="https://m.media-amazon.com/images/I/21UviFCGjtL._SL500_.jpg" alt="Product Image"></a><p>PATIKIL 12"x8" Flower Press Paper, 2 Set/60 Sheet Refill Lining Blotter Paper Absorbent Reusable Blotting Paper for DIY Art Handicraft Scrapbook</p><p>$13.69</p><a href="https://www.amazon.com/dp/B0C6PTK915?tag=eloabder-20&linkCode=osi&th=1&psc=1">View Product</a></div><div class="product"><a href="https://www.amazon.com/dp/B0CDJZ4MD7?tag=eloabder-20&linkCode=osi&th=1&psc=1"><img src="https://m.media-amazon.com/images/I/41iwkW+QQOL._SL500_.jpg" alt="Product Image"></a><p>30 PCS Blotting Paper for Flower Press Large A4 Flower Press Paper Highly Absorbent and Reusable Blotter Paper Refill Lining Paper for Flower Press Art Craft Scrapbook Making, 11.8 x 7.9 Inches Blue</p><p>$9.99</p><a href="https://www.amazon.com/dp/B0CDJZ4MD7?tag=eloabder-20&linkCode=osi&th=1&psc=1">View Product</a></div>

<div class="product"><a href="https://www.amazon.com/dp/B0D2T4F1DZ?tag=eloabder-20&linkCode=osi&th=1&psc=1"><img src="https://m.media-amazon.com/images/I/41KNcatyBWL._SL500_.jpg" alt="Product Image"></a><p>10pcs Book Cloth,14”x10”,Fabric Surface and Paper Backed, book cloth for book binding,book binding fabric,5 Colors Bookbinding Cloth for DIY fabric book cover,bookbinding paper (Style B)</p><p>$9.99</p><a href="https://www.amazon.com/dp/B0D2T4F1DZ?tag=eloabder-20&linkCode=osi&th=1&psc=1">View Product</a></div><div class="product"><a href="https://www.amazon.com/dp/B0CMD2LWR8?tag=eloabder-20&linkCode=osi&th=1&psc=1"><img src="https://m.media-amazon.com/images/I/31QVUZVSB+L._SL500_.jpg" alt="Product Image"></a><p>Mozeat Lens 33 ft Bookbinding Tape Book Tape Repair Book Binding Tape Cloth Book Repair Kit 2 Inch Wide Book Spine Tape Cloth Bookbinding Repair Tape White Book Tape for Reinforcing Book Spine Tape</p><p>$7.99</p><a href="https://www.amazon.com/dp/B0CMD2LWR8?tag=eloabder-20&linkCode=osi&th=1&psc=1">View Product</a></div><div class="product"><a href="https://www.amazon.com/dp/B0D1KC168C?tag=eloabder-20&linkCode=osi&th=1&psc=1"><img src="https://m.media-amazon.com/images/I/31wWgk-1V4L._SL500_.jpg" alt="Product Image"></a><p>AKONEGE Book Cloth for Book Binding 35 x 16 Inch Fabric Surface and Paper Backed, Strong, Easy to Use, Fabric Materials Bookbinding Supplies Bookcloth for Scrapbooking Album DIY Crafts, Black</p><p>$9.99</p><a href="https://www.amazon.com/dp/B0D1KC168C?tag=eloabder-20&linkCode=osi&th=1&psc=1">View Product</a></div><div class="product"><a href="https://www.amazon.com/dp/B0BC48CCWW?tag=eloabder-20&linkCode=osi&th=1&psc=1"><img src="https://m.media-amazon.com/images/I/41vTc+L-XyL._SL500_.jpg" alt="Product Image"></a><p>Wooqu Book Cloth, Fabric Surface and Paper Backed, Easy to Use, Strong, 17x29”, for Book Binding, Dark Green</p><p>$13.99</p><a href="https://www.amazon.com/dp/B0BC48CCWW?tag=eloabder-20&linkCode=osi&th=1&psc=1">View Product</a></div><div class="product"><a href="https://www.amazon.com/dp/B00W3S7LU4?tag=eloabder-20&linkCode=osi&th=1&psc=1"><img src="https://m.media-amazon.com/images/I/41mUL1LmSHS._SL500_.jpg" alt="Product Image"></a><p>BookGuard 2 inch Premium Bookbinding Repair Cloth Tape, 15 Yard Roll Burgundy</p><p>$14.95</p><a href="https://www.amazon.com/dp/B00W3S7LU4?tag=eloabder-20&linkCode=osi&th=1&psc=1">View Product</a></div>

<div class="product"><a href="https://www.amazon.com/dp/B08217DGL7?tag=eloabder-20&linkCode=osi&th=1&psc=1"><img src="https://m.media-amazon.com/images/I/51Gy-qfph7L._SL500_.jpg" alt="Product Image"></a><p>24 Colors Waxed Thread, Leather Sewing Thread,Hand Stitching Thread for Hand Sewing Leather and Bookbinding, 13Yards Per Color</p><p>$11.99 ($0.01 / Foot)</p><a href="https://www.amazon.com/dp/B08217DGL7?tag=eloabder-20&linkCode=osi&th=1&psc=1">View Product</a></div><div class="product"><a href="https://www.amazon.com/dp/B08GCHJ3FP?tag=eloabder-20&linkCode=osi&th=1&psc=1"><img src="https://m.media-amazon.com/images/I/41TK-XNxTFL._SL500_.jpg" alt="Product Image"></a><p>FANDOL 100% Natural Linen Thread Waxed thread for Bookbingding, Leather Sewing, Beading or Macrame (Natural)</p><p>$14.98</p><a href="https://www.amazon.com/dp/B08GCHJ3FP?tag=eloabder-20&linkCode=osi&th=1&psc=1">View Product</a></div><div class="product"><a href="https://www.amazon.com/dp/B0025U108E?tag=eloabder-20&linkCode=osi&th=1&psc=1"><img src="https://m.media-amazon.com/images/I/4172yrURiVL._SL500_.jpg" alt="Product Image"></a><p>Books by Hand Linen Thread, Archival Quality Natural Unbleached and Unwaxed, 50 Yards 35/3 Gauge, Ideal for Bookbinding and Sewing Signatures</p><p>$9.47</p><a href="https://www.amazon.com/dp/B0025U108E?tag=eloabder-20&linkCode=osi&th=1&psc=1">View Product</a></div><div class="product"><a href="https://www.amazon.com/dp/B08S78KLRN?tag=eloabder-20&linkCode=osi&th=1&psc=1"><img src="https://m.media-amazon.com/images/I/413NGMtJdrL._SL500_.jpg" alt="Product Image"></a><p>Jupean Waxed Thread, 150m /164Yards Beige Leather Waxed Thread, Leather Sewing Thread, Hand Stitching Thread for Hand Sewing Leather, Bookbinding, and Beginners Leather Craft DIY</p><p>$6.49 ($0.01 / Foot)</p><a href="https://www.amazon.com/dp/B08S78KLRN?tag=eloabder-20&linkCode=osi&th=1&psc=1">View Product</a></div><div class="product"><a href="https://www.amazon.com/dp/B015D9E6UM?tag=eloabder-20&linkCode=osi&th=1&psc=1"><img src="https://m.media-amazon.com/images/I/51VnWPI+Q5L._SL500_.jpg" alt="Product Image"></a><p>Lineco, Natural Waxed Linen Thread 20 Yards, Books by Hand Natural, Black, Brown Color for Sewing, Bookbinding (3/Pkg)</p><p>$13.77</p><a href="https://www.amazon.com/dp/B015D9E6UM?tag=eloabder-20&linkCode=osi&th=1&psc=1">View Product</a></div>
<div class="product"><a href="https://www.amazon.com/dp/B0CMD53C1C?tag=eloabder-20&linkCode=osi&th=1&psc=1"><img src="https://m.media-amazon.com/images/I/31dU4wqS0rL._SL500_.jpg" alt="Product Image"></a><p>5-in-1 Bookbinding Kit,Book Cover Guide, Bookbinding Cover Tool, Stainless Steel Book Binding Kit, Bookbinding Ruler, Scrapbooking Tools for Making Book Cover Chipboard Covers Album Planner</p><p>$7.88</p><a href="https://www.amazon.com/dp/B0CMD53C1C?tag=eloabder-20&linkCode=osi&th=1&psc=1">View Product</a></div>
<div class="product"><a href="https://www.amazon.com/dp/B007TIEG6U?tag=eloabder-20&linkCode=osi&th=1&psc=1"><img src="https://m.media-amazon.com/images/I/31d6r6R5lGL._SL500_.jpg" alt="Product Image"></a><p>Handy Art Empty 2 ounce Marker Bottle, Dauber Tip and Cap, 12-Each (900-003) , White</p><p>$23.12 ($1.93 / Count)</p><a href="https://www.amazon.com/dp/B007TIEG6U?tag=eloabder-20&linkCode=osi&th=1&psc=1">View Product</a></div>
<div class="product"><a href="https://www.amazon.com/dp/B07YDNKSH6?tag=eloabder-20&linkCode=osi&th=1&psc=1"><img src="https://m.media-amazon.com/images/I/41JGrHa7mSL._SL500_.jpg" alt="Product Image"></a><p>4-Inch Rubber Brayer Roller for Printmaking, Great for Gluing Application Also. (Original Version)</p><p>$6.99</p><a href="https://www.amazon.com/dp/B07YDNKSH6?tag=eloabder-20&linkCode=osi&th=1&psc=1">View Product</a></div>
<div class="product"><a href="https://www.amazon.com/dp/B005U7BNPE?tag=eloabder-20&linkCode=osi&th=1&psc=1"><img src="https://m.media-amazon.com/images/I/418YfTClSxL._SL500_.jpg" alt="Product Image"></a><p>Apple Barrel Acrylic Paint in Assorted Colors (2 oz), 20513, Bright Yellow</p><p>$0.58 ($0.29 / Fl Oz)</p><a href="https://www.amazon.com/dp/B005U7BNPE?tag=eloabder-20&linkCode=osi&th=1&psc=1">View Product</a></div><div class="product"><a href="https://www.amazon.com/dp/B099DWCRZ5?tag=eloabder-20&linkCode=osi&th=1&psc=1"><img src="https://m.media-amazon.com/images/I/41rr5hT-8TL._SL500_.jpg" alt="Product Image"></a><p>milo Fluorescent Acrylic Paint Set of 6 Colors | 4 oz Bottles | Student Neon Colors Acrylics Painting Pack | Made in the USA | Non-Toxic Art & Craft Paints for Artists, Kids, & Hobby Painters</p><p>$22.90 ($0.95 / Fl Oz)</p><a href="https://www.amazon.com/dp/B099DWCRZ5?tag=eloabder-20&linkCode=osi&th=1&psc=1">View Product</a></div><div class="product"><a href="https://www.amazon.com/dp/B07ZPPPWPL?tag=eloabder-20&linkCode=osi&th=1&psc=1"><img src="https://m.media-amazon.com/images/I/51Vqk2rrZwL._SL500_.jpg" alt="Product Image"></a><p>Apple Barrel, Pastel Dreams & Vivid Wonders Collection Acrylic Craft Paint, PROMOTCK, 2 fl oz each, 18 assorted matte colors, 18 count</p><p>$22.66 ($0.63 / Fl Oz)</p><a href="https://www.amazon.com/dp/B07ZPPPWPL?tag=eloabder-20&linkCode=osi&th=1&psc=1">View Product</a></div><div class="product"><a href="https://www.amazon.com/dp/B0CKQR52XC?tag=eloabder-20&linkCode=osi&th=1&psc=1"><img src="https://m.media-amazon.com/images/I/51WTPlhN2WL._SL500_.jpg" alt="Product Image"></a><p>ARTME Glow in The Dark Paint, 10 Bright Colors 60ml/2oz Blacklight Paint Set, Neon Craft Paint, Acrylic Glow Fluorescent Paint Perfect for Art Painting, DIY projects, Halloween and Christmas</p><p>$23.99 ($1.20 / Fl Oz)</p><a href="https://www.amazon.com/dp/B0CKQR52XC?tag=eloabder-20&linkCode=osi&th=1&psc=1">View Product</a></div><div class="product"><a href="https://www.amazon.com/dp/B09XXHBL3Y?tag=eloabder-20&linkCode=osi&th=1&psc=1"><img src="https://m.media-amazon.com/images/I/51taBeDdeIL._SL500_.jpg" alt="Product Image"></a><p>Fantastory Glow in the Dark Acrylic Paint, 10 Extra Bright Colors, 30ml/1oz Waterproof Glow in Dark Paint,Indoor Outdoor Blacklight Paint for Kids,Adults, Rocks,Walls,Halloween,Craft &Fabric</p><p>$9.99 ($1.00 / Fl Oz)</p><a href="https://www.amazon.com/dp/B09XXHBL3Y?tag=eloabder-20&linkCode=osi&th=1&psc=1">View Product</a></div><div class="product"><a href="https://www.amazon.com/dp/B0BS3JM8ZR?tag=eloabder-20&linkCode=osi&th=1&psc=1"><img src="https://m.media-amazon.com/images/I/51S8FteGgPL._SL500_.jpg" alt="Product Image"></a><p>Acrylic Paint, Shuttle Art 24 Colors Acrylic Paint Bottle Set, 250ml/8.45oz Each, Rich Pigments, High Viscosity, Bulk Paint for Artists, Beginners and Kids Painting on Rocks Crafts Canvas Wood Ceramic</p><p>$49.99 ($0.25 / Fl Oz)</p><a href="https://www.amazon.com/dp/B0BS3JM8ZR?tag=eloabder-20&linkCode=osi&th=1&psc=1">View Product</a></div><div class="product"><a href="https://www.amazon.com/dp/B00CIW3EDI?tag=eloabder-20&linkCode=osi&th=1&psc=1"><img src="https://m.media-amazon.com/images/I/41PMnxyBo5L._SL500_.jpg" alt="Product Image"></a><p>FolkArt Multi-Surface Acrylic Paint in Assorted Colors (2 oz), 2896, Bright Pink</p><p>$1.47 ($0.74 / Fl Oz)</p><a href="https://www.amazon.com/dp/B00CIW3EDI?tag=eloabder-20&linkCode=osi&th=1&psc=1">View Product</a></div><div class="product"><a href="https://www.amazon.com/dp/B085ZB5ZK9?tag=eloabder-20&linkCode=osi&th=1&psc=1"><img src="https://m.media-amazon.com/images/I/51nmRq1eicL._SL500_.jpg" alt="Product Image"></a><p>FolkArt 4 Bottle Multi-Surface Acrylic Paint Set, 2oz, Neon Blacklight Colors</p><p>$8.12 ($1.02 / Fl Oz)</p><a href="https://www.amazon.com/dp/B085ZB5ZK9?tag=eloabder-20&linkCode=osi&th=1&psc=1">View Product</a></div><div class="product"><a href="https://www.amazon.com/dp/B08N585VN5?tag=eloabder-20&linkCode=osi&th=1&psc=1"><img src="https://m.media-amazon.com/images/I/51nwFBdxwVL._SL500_.jpg" alt="Product Image"></a><p>Acrylic Paint Set Value Pack of 12 Colors | Craft Painting Kit with 2 oz Squeeze Bottles for Beginners, Artists, Professionals | Non-Toxic Water Based Paints for Canvas, Paper, Wood | Bright Hues</p><p>$11.99 ($0.50 / Fl Oz)</p><a href="https://www.amazon.com/dp/B08N585VN5?tag=eloabder-20&linkCode=osi&th=1&psc=1">View Product</a></div>
<div class="product"><a href="https://www.amazon.com/dp/B0009RRT9Y?tag=eloabder-20&linkCode=osi&th=1&psc=1"><img src="https://m.media-amazon.com/images/I/51ZhyYPOB5L._SL500_.jpg" alt="Product Image"></a><p>General Pencil Company The Masters Brush Cleaner & Preserver 2.5 0z.</p><p>$12.00</p><a href="https://www.amazon.com/dp/B0009RRT9Y?tag=eloabder-20&linkCode=osi&th=1&psc=1">View Product</a></div><div class="product"><a href="https://www.amazon.com/dp/B00F38YVQS?tag=eloabder-20&linkCode=osi&th=1&psc=1"><img src="https://m.media-amazon.com/images/I/51yjmSTzzML._SL500_.jpg" alt="Product Image"></a><p>B & J Original Brush Cleaner - 2.5 Oz/12ct Display</p><p>$12.77</p><a href="https://www.amazon.com/dp/B00F38YVQS?tag=eloabder-20&linkCode=osi&th=1&psc=1">View Product</a></div><div class="product"><a href="https://www.amazon.com/dp/B004BN7QQ8?tag=eloabder-20&linkCode=osi&th=1&psc=1"><img src="https://m.media-amazon.com/images/I/31fEWB-h4VL._SL500_.jpg" alt="Product Image"></a><p>Winsor & Newton Brush Cleaner & Restorer, 16.0-oz Bottle</p><p>$21.87 ($1.37 / Fl Oz)</p><a href="https://www.amazon.com/dp/B004BN7QQ8?tag=eloabder-20&linkCode=osi&th=1&psc=1">View Product</a></div><div class="product"><a href="https://www.amazon.com/dp/B09NCHL2LM?tag=eloabder-20&linkCode=osi&th=1&psc=1"><img src="https://m.media-amazon.com/images/I/31UzwasdL6L._SL500_.jpg" alt="Product Image"></a><p>U.S. Art Supply Brush Cleaner and Restorer, 4 Ounce Bottle - Quickly Cleans Paint Brushes, Airbrushes, Art Tools - Cleaning Solution to Remove Dried On Acrylic, Oil and Water-Based Paint Colors</p><p>$8.99 ($2.25 / Fl Oz)</p><a href="https://www.amazon.com/dp/B09NCHL2LM?tag=eloabder-20&linkCode=osi&th=1&psc=1">View Product</a></div><div class="product"><a href="https://www.amazon.com/dp/B09J8L55SK?tag=eloabder-20&linkCode=osi&th=1&psc=1"><img src="https://m.media-amazon.com/images/I/41qgWS2nSsL._SL500_.jpg" alt="Product Image"></a><p>Green Piece® Paint Brush Cleaner and Restorer for Art Paint Brushes - 100% Natural - Non-Toxic - Wet or Dry Paint - No Chemicals - Oil or Acrylic Paints, Wood and Metal - Amazing Power - 18 Oz</p><p>$19.88</p><a href="https://www.amazon.com/dp/B09J8L55SK?tag=eloabder-20&linkCode=osi&th=1&psc=1">View Product</a></div><div class="product"><a href="https://www.amazon.com/dp/B0027A79I2?tag=eloabder-20&linkCode=osi&th=1&psc=1"><img src="https://m.media-amazon.com/images/I/31J6S+mCjuL._SL500_.jpg" alt="Product Image"></a><p>Pink Soap 12-Ounce Paint Brush Cleaner and Conditioner, Solution Cleans and Restores, Removes Dried Paint on Airbrushes and Other Artist Tools & Supplies</p><p>$15.49 ($1.29 / Fl Oz)</p><a href="https://www.amazon.com/dp/B0027A79I2?tag=eloabder-20&linkCode=osi&th=1&psc=1">View Product</a></div><div class="product"><a href="https://www.amazon.com/dp/B0027AEANE?tag=eloabder-20&linkCode=osi&th=1&psc=1"><img src="https://m.media-amazon.com/images/I/51bHOLU1pVL._SL500_.jpg" alt="Product Image"></a><p>General Pencil General 105-BP Pencil Masters Brush Cleaner & Preserver, 1 Pack, Clear</p><p>$9.99 ($4.00 / Ounce)</p><a href="https://www.amazon.com/dp/B0027AEANE?tag=eloabder-20&linkCode=osi&th=1&psc=1">View Product</a></div>

<div class="product"><a href="https://www.amazon.com/dp/B00N9UUWLA?tag=eloabder-20&linkCode=osi&th=1&psc=1"><img src="https://m.media-amazon.com/images/I/41be4n09wZL._SL500_.jpg" alt="Product Image"></a><p>Pentel Arts Portable Pocket Brush Pen (Medium Point), 1Pen & 2Refills</p><p>$7.00</p><a href="https://www.amazon.com/dp/B00N9UUWLA?tag=eloabder-20&linkCode=osi&th=1&psc=1">View Product</a></div><div class="product"><a href="https://www.amazon.com/dp/B07DQ4292Y?tag=eloabder-20&linkCode=osi&th=1&psc=1"><img src="https://m.media-amazon.com/images/I/41-kgHpaPvL._SL500_.jpg" alt="Product Image"></a><p>Tombow 62039 Fudenosuke Brush Pens, 3-Pack. Soft, Hard, and Twin Tip Markers for Calligraphy and Art Drawings</p><p>$7.59 ($2.53 / Count)</p><a href="https://www.amazon.com/dp/B07DQ4292Y?tag=eloabder-20&linkCode=osi&th=1&psc=1">View Product</a></div><div class="product"><a href="https://www.amazon.com/dp/B0995FNMKW?tag=eloabder-20&linkCode=osi&th=1&psc=1"><img src="https://m.media-amazon.com/images/I/51kpGsTNvlL._SL500_.jpg" alt="Product Image"></a><p>WRITECH Arts Sign Brush Pen Brush Tip Marker Felt Tip Water Based Ink Color Pens 12 Assorted Vintage Colors Great for Lettering Journaling Calligraphy (Vintage)</p><p>$13.99 ($1.17 / Count)</p><a href="https://www.amazon.com/dp/B0995FNMKW?tag=eloabder-20&linkCode=osi&th=1&psc=1">View Product</a></div><div class="product"><a href="https://www.amazon.com/dp/B07H89R749?tag=eloabder-20&linkCode=osi&th=1&psc=1"><img src="https://m.media-amazon.com/images/I/51nTGZ-eAsL._SL500_.jpg" alt="Product Image"></a><p>Tombow Fudenosuke Brush Pen - Hard - 10 Colors Set (WS-BH10C)</p><p>$11.73</p><a href="https://www.amazon.com/dp/B07H89R749?tag=eloabder-20&linkCode=osi&th=1&psc=1">View Product</a></div><div class="product"><a href="https://www.amazon.com/dp/B002PIFTRE?tag=eloabder-20&linkCode=osi&th=1&psc=1"><img src="https://m.media-amazon.com/images/I/41IVnNPD1hL._SL500_.jpg" alt="Product Image"></a><p>Pentel Color Brush Pen, Black (GFLBP101)</p><p>$7.89</p><a href="https://www.amazon.com/dp/B002PIFTRE?tag=eloabder-20&linkCode=osi&th=1&psc=1">View Product</a></div>
<div class="product"><a href="https://www.amazon.com/dp/B0CLLSY2BT?tag=eloabder-20&linkCode=osi&th=1&psc=1"><img src="https://m.media-amazon.com/images/I/51sQM3lrN9L._SL500_.jpg" alt="Product Image"></a><p>CUGEBANNA Paint Brush Washer,Airtight Stainless Steel Brush Cleaner for Oil Painting Acrylic,Brush Washer with Cleaning Beads and Wringer</p><p>$22.99</p><a href="https://www.amazon.com/dp/B0CLLSY2BT?tag=eloabder-20&linkCode=osi&th=1&psc=1">View Product</a></div><div class="product"><a href="https://www.amazon.com/dp/B013PB35N4?tag=eloabder-20&linkCode=osi&th=1&psc=1"><img src="https://m.media-amazon.com/images/I/419miJHrhtL._SL500_.jpg" alt="Product Image"></a><p>US Art Supply Deluxe Brush Cleaner-Brush Washer with Wash Tank</p><p>$18.99</p><a href="https://www.amazon.com/dp/B013PB35N4?tag=eloabder-20&linkCode=osi&th=1&psc=1">View Product</a></div>
<div class="product"><a href="https://www.amazon.com/dp/B07GH7WGC3?tag=eloabder-20&linkCode=osi&th=1&psc=1"><img src="https://m.media-amazon.com/images/I/51vzX1OZI6L._SL500_.jpg" alt="Product Image"></a><p>BOSOBO Paint Brushes Set, 2 Pack 20 Pcs Round-Pointed Tip Paintbrushes Nylon Hair Artist Acrylic Paint Brushes for Acrylic Oil Watercolor, Face Nail Art, Miniature Detailing & Rock Painting, Blue</p><p>$7.49 ($0.37 / Count)</p><a href="https://www.amazon.com/dp/B07GH7WGC3?tag=eloabder-20&linkCode=osi&th=1&psc=1">View Product</a></div><div class="product"><a href="https://www.amazon.com/dp/B078XJ2DCJ?tag=eloabder-20&linkCode=osi&th=1&psc=1"><img src="https://m.media-amazon.com/images/I/616oHEXPN1S._SL500_.jpg" alt="Product Image"></a><p>Pro Grade - Chip Paint Brushes - 36-Pack - 2 Inch Chip Brush for Paints, Stains, Varnishes, Glues, & Gesso</p><p>$17.99</p><a href="https://www.amazon.com/dp/B078XJ2DCJ?tag=eloabder-20&linkCode=osi&th=1&psc=1">View Product</a></div>

<div class="product"><a href="https://www.amazon.com/dp/B000YQJVFA?tag=eloabder-20&linkCode=osi&th=1&psc=1"><img src="https://m.media-amazon.com/images/I/51so-OSRt+L._SL500_.jpg" alt="Product Image"></a><p>Winsor & Newton Calligraphy Ink, 30ml (1-oz) Bottle, Black</p><p>$10.07 ($10.07 / Count)</p><a href="https://www.amazon.com/dp/B000YQJVFA?tag=eloabder-20&linkCode=osi&th=1&psc=1">View Product</a></div><div class="product"><a href="https://www.amazon.com/dp/B0026SBYUE?tag=eloabder-20&linkCode=osi&th=1&psc=1"><img src="https://m.media-amazon.com/images/I/412Ga9k1q8L._SL500_.jpg" alt="Product Image"></a><p>Higgins Black Calligraphy Ink, 2.5 Ounce Bottle (44314)</p><p>$5.99</p><a href="https://www.amazon.com/dp/B0026SBYUE?tag=eloabder-20&linkCode=osi&th=1&psc=1">View Product</a></div><div class="product"><a href="https://www.amazon.com/dp/B0CXDBD77N?tag=eloabder-20&linkCode=osi&th=1&psc=1"><img src="https://m.media-amazon.com/images/I/41x1EZv3P3L._SL500_.jpg" alt="Product Image"></a><p>SEAMEW 250 ML/8.8 OZ Calligraphy and Sumi Liquid Ink - Versatile Elegance for Chinese Traditional Art Works and Japanese Brush Art</p><p>$11.49</p><a href="https://www.amazon.com/dp/B0CXDBD77N?tag=eloabder-20&linkCode=osi&th=1&psc=1">View Product</a></div><div class="product"><a href="https://www.amazon.com/dp/B0CR3ML8VS?tag=eloabder-20&linkCode=osi&th=1&psc=1"><img src="https://m.media-amazon.com/images/I/41fLIKySQZL._SL500_.jpg" alt="Product Image"></a><p>Hmayart Prepared Super Thick Liquid Black Ink for Japanese Brush Calligraphy & Chinese Traditional Artworks (MZ010 250g)</p><p>$11.99</p><a href="https://www.amazon.com/dp/B0CR3ML8VS?tag=eloabder-20&linkCode=osi&th=1&psc=1">View Product</a></div><div class="product"><a href="https://www.amazon.com/dp/B0039OQ0J4?tag=eloabder-20&linkCode=osi&th=1&psc=1"><img src="https://m.media-amazon.com/images/I/41RRlR55P9L._SL500_.jpg" alt="Product Image"></a><p>Daiso Sumi Calligraphy Liquid Ink in a 180ml Bottle (Japan Import)</p><p>$8.99</p><a href="https://www.amazon.com/dp/B0039OQ0J4?tag=eloabder-20&linkCode=osi&th=1&psc=1">View Product</a></div><div class="product"><a href="https://www.amazon.com/dp/B074KJ289G?tag=eloabder-20&linkCode=osi&th=1&psc=1"><img src="https://m.media-amazon.com/images/I/41FZT3aCChL._SL500_.jpg" alt="Product Image"></a><p>Easyou Redstar Liquid Ink for Professioanl Traditional Calligraphy and Brush Painting Chinese Ink Liquid (Black&1pcs*180ML)</p><p>$10.99</p><a href="https://www.amazon.com/dp/B074KJ289G?tag=eloabder-20&linkCode=osi&th=1&psc=1">View Product</a></div><div class="product"><a href="https://www.amazon.com/dp/B07JYJ6C1W?tag=eloabder-20&linkCode=osi&th=1&psc=1"><img src="https://m.media-amazon.com/images/I/51IAnrWkw6L._SL500_.jpg" alt="Product Image"></a><p>MZ001 HmayartBlack Sumi Liquid Ink for Japanese Brush Calligraphy & Chinese Traditional Artworks 250ml (black)</p><p>$13.99</p><a href="https://www.amazon.com/dp/B07JYJ6C1W?tag=eloabder-20&linkCode=osi&th=1&psc=1">View Product</a></div><div class="product"><a href="https://www.amazon.com/dp/B0894L9M2C?tag=eloabder-20&linkCode=osi&th=1&psc=1"><img src="https://m.media-amazon.com/images/I/51H5LBUAZcL._SL500_.jpg" alt="Product Image"></a><p>24 Colors Calligraphy Ink Set, Calligraphy Fountain Glass Dip Pen Color Ink Caligrapher Pen Ink Bottle Set, Gold Powder Drawing Writing Art Ink with Gift Box - 24 x 7ml</p><p>$21.98</p><a href="https://www.amazon.com/dp/B0894L9M2C?tag=eloabder-20&linkCode=osi&th=1&psc=1">View Product</a></div><div class="product"><a href="https://www.amazon.com/dp/B0C49WVM7L?tag=eloabder-20&linkCode=osi&th=1&psc=1"><img src="https://m.media-amazon.com/images/I/41zxtjGWS1L._SL500_.jpg" alt="Product Image"></a><p>AOKUY 24 Colors Calligraphy Ink Set,Calligraphy Inks,Colorful Dip Pen Ink Set,Gold Powder Drawing Writing Art Ink with Gift Box</p><p>$16.99</p><a href="https://www.amazon.com/dp/B0C49WVM7L?tag=eloabder-20&linkCode=osi&th=1&psc=1">View Product</a></div>
<div class="product"><a href="https://www.amazon.com/dp/B0007ZJ8QU?tag=eloabder-20&linkCode=osi&th=1&psc=1"><img src="https://m.media-amazon.com/images/I/41vTwN7L9NL._SL500_.jpg" alt="Product Image"></a><p>Speedball C-Series Lettering Pen Set - 1 Penholder w/ 6 Nibs</p><p>$11.99</p><a href="https://www.amazon.com/dp/B0007ZJ8QU?tag=eloabder-20&linkCode=osi&th=1&psc=1">View Product</a></div><div class="product"><a href="https://www.amazon.com/dp/B003IGNH30?tag=eloabder-20&linkCode=osi&th=1&psc=1"><img src="https://m.media-amazon.com/images/I/412WGB9WzGL._SL500_.jpg" alt="Product Image"></a><p>Speedball 30710 10 Pen Nib Assorted Set</p><p>$21.99</p><a href="https://www.amazon.com/dp/B003IGNH30?tag=eloabder-20&linkCode=osi&th=1&psc=1">View Product</a></div><div class="product"><a href="https://www.amazon.com/dp/B0CQTCZRYC?tag=eloabder-20&linkCode=osi&th=1&psc=1"><img src="https://m.media-amazon.com/images/I/41+d7oXaTvL._SL500_.jpg" alt="Product Image"></a><p>10PCS Oblique Calligraphy Dip Pen Set Comic Pen Nib Set Fluid Writer Pen, 2-in-1 Drawing Pen Holder with 8 Pieces Stainless Steel Pen Replacement Nibs Nib for Writing, Painting, Signing, Sketch</p><p>$6.49</p><a href="https://www.amazon.com/dp/B0CQTCZRYC?tag=eloabder-20&linkCode=osi&th=1&psc=1">View Product</a></div><div class="product"><a href="https://www.amazon.com/dp/B000BYQLT4?tag=eloabder-20&linkCode=osi&th=1&psc=1"><img src="https://m.media-amazon.com/images/I/41Tmn+y1-xL._SL500_.jpg" alt="Product Image"></a><p>Speedball Calligraphy Pen Set - 1 Penholder w/ 4 Nibs, 2 Pen Tips</p><p>$13.99</p><a href="https://www.amazon.com/dp/B000BYQLT4?tag=eloabder-20&linkCode=osi&th=1&psc=1">View Product</a></div><div class="product"><a href="https://www.amazon.com/dp/B0B3CVPWMF?tag=eloabder-20&linkCode=osi&th=1&psc=1"><img src="https://m.media-amazon.com/images/I/41Zw4tqW+HL._SL500_.jpg" alt="Product Image"></a><p>Mewutal 2Pcs/Set Comic Pen Nib Set Pen Nibs Replacements for Calligraphy Manga Writing Painting(Pumpkin Head Nib)</p><p>$7.99</p><a href="https://www.amazon.com/dp/B0B3CVPWMF?tag=eloabder-20&linkCode=osi&th=1&psc=1">View Product</a></div><div class="product"><a href="https://www.amazon.com/dp/B0BVR4M5X4?tag=eloabder-20&linkCode=osi&th=1&psc=1"><img src="https://m.media-amazon.com/images/I/515TyiGpQKL._SL500_.jpg" alt="Product Image"></a><p>Wonwood_direct Calligraphy set, 7 Calligraphy Pens with Different Nibs and 40 Ink Cartridges in 13 Colors for Beginner Writing Drawing for Greeting Card Signature Calligraphy (Type 1)</p><p>$15.99</p><a href="https://www.amazon.com/dp/B0BVR4M5X4?tag=eloabder-20&linkCode=osi&th=1&psc=1">View Product</a></div><div class="product"><a href="https://www.amazon.com/dp/B0BGRM97MF?tag=eloabder-20&linkCode=osi&th=1&psc=1"><img src="https://m.media-amazon.com/images/I/41vB7fs3VbL._SL500_.jpg" alt="Product Image"></a><p>Gullor A Bunch of Nibs for Comic Dip Pen, Assorted Calligraphy Dip Pen Nibs, Various Sizes and Shapes, 33 Nibs in Box</p><p>$9.99</p><a href="https://www.amazon.com/dp/B0BGRM97MF?tag=eloabder-20&linkCode=osi&th=1&psc=1">View Product</a></div>
<div class="product"><a href="https://www.amazon.com/dp/B000KNNVX0?tag=eloabder-20&linkCode=osi&th=1&psc=1"><img src="https://m.media-amazon.com/images/I/51RAGoN6UsL._SL500_.jpg" alt="Product Image"></a><p>Strathmore STR- 50 Sheet Tape Bound Calligraphy Pad, 8.5 by 11", White</p><p>$7.83</p><a href="https://www.amazon.com/dp/B000KNNVX0?tag=eloabder-20&linkCode=osi&th=1&psc=1">View Product</a></div><div class="product"><a href="https://www.amazon.com/dp/B00PGBVNM2?tag=eloabder-20&linkCode=osi&th=1&psc=1"><img src="https://m.media-amazon.com/images/I/51VvCXPD-QL._SL500_.jpg" alt="Product Image"></a><p>U.S. Art Supply (Pack of 2 Pads) - 9" x 12" Premium Calligraphic Practice Paper Pad, 19 Pound Bond (70gsm), Pad of 50-Sheets, Calligraphy Paper with Printed Practice Rule and Slanted Grid</p><p>$12.99</p><a href="https://www.amazon.com/dp/B00PGBVNM2?tag=eloabder-20&linkCode=osi&th=1&psc=1">View Product</a></div><div class="product"><a href="https://www.amazon.com/dp/B0CQ1VTM1R?tag=eloabder-20&linkCode=osi&th=1&psc=1"><img src="https://m.media-amazon.com/images/I/31pMzPI5pdL._SL500_.jpg" alt="Product Image"></a><p>50 Sheets Watercolor Paper 8 x 6inch Deckled Edge Paper 190 GSM Rough/Textured Handmade Paper Cotton Paper White Textured Paper for Watercolor, Writing Calligraphy, Invitations, Letters</p><p>$12.99 ($0.26 / Count)</p><a href="https://www.amazon.com/dp/B0CQ1VTM1R?tag=eloabder-20&linkCode=osi&th=1&psc=1">View Product</a></div><div class="product"><a href="https://www.amazon.com/dp/B0CGHVSX6W?tag=eloabder-20&linkCode=osi&th=1&psc=1"><img src="https://m.media-amazon.com/images/I/41pAexcoWlL._SL500_.jpg" alt="Product Image"></a><p>KYMY Chinese/Japanese Calligraphy Paper 100PCS, Sumi/Rice Paper for Writing Painting Drawing Practice, Chinese Brush Ink Xuan Paper, Half Sheng Shu (Half Raw Ripe) (34 x 34 cm (13.38 x 13.38 Inch))</p><p>$10.99 ($0.11 / Count)</p><a href="https://www.amazon.com/dp/B0CGHVSX6W?tag=eloabder-20&linkCode=osi&th=1&psc=1">View Product</a></div>
<div class="product"><a href="https://www.amazon.com/dp/B08FCZC2R3?tag=eloabder-20&linkCode=osi&th=1&psc=1"><img src="https://m.media-amazon.com/images/I/51TWqPlqpfL._SL500_.jpg" alt="Product Image"></a><p>Craft 'n' Beyond Calligraphy Brush Pens Pack of 3 Small, Medium and Large Markers for Hand Lettering, Art Drawing, Sketching, Scrapbooking, Journaling - Beginner Kit with Fadeproof Black Ink</p><p>$5.49</p><a href="https://www.amazon.com/dp/B08FCZC2R3?tag=eloabder-20&linkCode=osi&th=1&psc=1">View Product</a></div><div class="product"><a href="https://www.amazon.com/dp/B0B67TWWDG?tag=eloabder-20&linkCode=osi&th=1&psc=1"><img src="https://m.media-amazon.com/images/I/5188ARIL9sL._SL500_.jpg" alt="Product Image"></a><p>Brusarth Calligraphy Pens, 8 Size Calligraphy Pens for Writing, Brush Pens Calligraphy Set for Beginners, Hand Lettering Pens, Brush Markers Set, Black Ink Drawing Pens</p><p>$8.95</p><a href="https://www.amazon.com/dp/B0B67TWWDG?tag=eloabder-20&linkCode=osi&th=1&psc=1">View Product</a></div><div class="product"><a href="https://www.amazon.com/dp/B000SHQFEA?tag=eloabder-20&linkCode=osi&th=1&psc=1"><img src="https://m.media-amazon.com/images/I/41sx3qStImL._SL500_.jpg" alt="Product Image"></a><p>edding 1255 calligraphy pen - black - 3 pens - calligraphy nib 2 - 5 mm - fibre pens for paper, wood, terracotta, canvas - hand lettering, bullet journals, thank you cards, calligraphy books</p><p>$6.50</p><a href="https://www.amazon.com/dp/B000SHQFEA?tag=eloabder-20&linkCode=osi&th=1&psc=1">View Product</a></div><div class="product"><a href="https://www.amazon.com/dp/B001DKJLEC?tag=eloabder-20&linkCode=osi&th=1&psc=1"><img src="https://m.media-amazon.com/images/I/41x7A8wo7YL._SL500_.jpg" alt="Product Image"></a><p>Speedball Elegant Writer Calligraphy 4 Marker Set, Black, 2.0 mm, 2.5 mm & 3.0 mm Chisel Nib Tip Pens for Drawing, Journaling, and Scrapbooking</p><p>$9.99 ($2.50 / Count)</p><a href="https://www.amazon.com/dp/B001DKJLEC?tag=eloabder-20&linkCode=osi&th=1&psc=1">View Product</a></div><div class="product"><a href="https://www.amazon.com/dp/B08RYWH185?tag=eloabder-20&linkCode=osi&th=1&psc=1"><img src="https://m.media-amazon.com/images/I/51GFkyfC3iL._SL500_.jpg" alt="Product Image"></a><p>Piochoo Calligraphy Pens,8 Size Calligraphy Pens for Writing,Brush Pens Calligraphy Set for Beginners, Hand Lettering Pens</p><p>$12.99</p><a href="https://www.amazon.com/dp/B08RYWH185?tag=eloabder-20&linkCode=osi&th=1&psc=1">View Product</a></div>
<div class="product"><a href="https://www.amazon.com/dp/B0C66K9NHR?tag=eloabder-20&linkCode=osi&th=1&psc=1"><img src="https://m.media-amazon.com/images/I/51As2T+7gzL._SL500_.jpg" alt="Product Image"></a><p>Calligraphy Kit for Beginners - Calligraphy Pen Set with Calligraphy Workbook</p><p>$26.89</p><a href="https://www.amazon.com/dp/B0C66K9NHR?tag=eloabder-20&linkCode=osi&th=1&psc=1">View Product</a></div><div class="product"><a href="https://www.amazon.com/dp/B081J6QLZN?tag=eloabder-20&linkCode=osi&th=1&psc=1"><img src="https://m.media-amazon.com/images/I/41lK2Gw0JZL._SL500_.jpg" alt="Product Image"></a><p>Trustela Calligraphy Set for Beginners, Dip Pen Set with 19 Nibs, Oblique Pen Holder, Wooden Pen Set</p><p>$21.99</p><a href="https://www.amazon.com/dp/B081J6QLZN?tag=eloabder-20&linkCode=osi&th=1&psc=1">View Product</a></div><div class="product"><a href="https://www.amazon.com/dp/B0BCVDNPRJ?tag=eloabder-20&linkCode=osi&th=1&psc=1"><img src="https://m.media-amazon.com/images/I/51J-hFN4AeL._SL500_.jpg" alt="Product Image"></a><p>GC QUILL Calligraphy Pens Set 64pcs - Calligraphy Fountain Pen Set with 3 Fountain Pens, 7 Varied Nibs, 54 Ink Cartridges(10 Colors) - Writing, Drawing and Calligraphy Practice for beginner GC-F354</p><p>$23.99</p><a href="https://www.amazon.com/dp/B0BCVDNPRJ?tag=eloabder-20&linkCode=osi&th=1&psc=1">View Product</a></div>
<div class="product"><a href="https://www.amazon.com/dp/B092Q8BQC1?tag=eloabder-20&linkCode=osi&th=1&psc=1"><img src="https://m.media-amazon.com/images/I/51gdXkGIguS._SL500_.jpg" alt="Product Image"></a><p>AIYNC Feather Calligraphy Pen Ink Set, Includes Quill Pen and Wooden Dip Pen, Ink,17 Replacement Nib, Pen Base, 3 Wax Seal Sticks, Stamp, White Wax, Spoon, Envelope Letter Paper, Envelope Tool(Green)</p><p>$22.99</p><a href="https://www.amazon.com/dp/B092Q8BQC1?tag=eloabder-20&linkCode=osi&th=1&psc=1">View Product</a></div>
<div class="product"><a href="https://www.amazon.com/dp/B09J228BSF?tag=eloabder-20&linkCode=osi&th=1&psc=1"><img src="https://m.media-amazon.com/images/I/61MByvIyHGL._SL500_.jpg" alt="Product Image"></a><p>Candle dye - 18 Colors Liquid Oil-Based dye for Candle Wax, Vivid Candle Color for DIY Candle Making, Highly Concentrate Natural Candle Color</p><p>$15.59 ($2.47 / Fl Oz)</p><a href="https://www.amazon.com/dp/B09J228BSF?tag=eloabder-20&linkCode=osi&th=1&psc=1">View Product</a></div><div class="product"><a href="https://www.amazon.com/dp/B06Y3T5RV4?tag=eloabder-20&linkCode=osi&th=1&psc=1"><img src="https://m.media-amazon.com/images/I/61yZyP8eZTL._SL500_.jpg" alt="Product Image"></a><p>Candle Dyes for Soy Candle Making - Wax Сolor Dye Color Chips for Soy Wax - 16 Popular Colors Wax Dye Flakes</p><p>$16.99 ($10.62 / Ounce)</p><a href="https://www.amazon.com/dp/B06Y3T5RV4?tag=eloabder-20&linkCode=osi&th=1&psc=1">View Product</a></div><div class="product"><a href="https://www.amazon.com/dp/B0CMCPGLQZ?tag=eloabder-20&linkCode=osi&th=1&psc=1"><img src="https://m.media-amazon.com/images/I/51G9e-Epa0L._SL500_.jpg" alt="Product Image"></a><p>Candle Dye - 12 Colors Wax Melt Dye for Candle Making, Oil-Based Dye for Wax, Highly Concentrate Liquid Candle Color Dye</p><p>$8.99</p><a href="https://www.amazon.com/dp/B0CMCPGLQZ?tag=eloabder-20&linkCode=osi&th=1&psc=1">View Product</a></div><div class="product"><a href="https://www.amazon.com/dp/B09GLMZ5PS?tag=eloabder-20&linkCode=osi&th=1&psc=1"><img src="https://m.media-amazon.com/images/I/51SCG6n6Y4L._SL500_.jpg" alt="Product Image"></a><p>OSBANG Oil-Based Candle Color Dye Non-Toxic Non-Irritating 20 Colors for DIY Candle Making Supplies - Vibrant Concentrated Candle Coloring for Soy Wax Dyes, Beeswax, Gel Wax, Candle Making Kit</p><p>$14.99 ($2.22 / Fl Oz)</p><a href="https://www.amazon.com/dp/B09GLMZ5PS?tag=eloabder-20&linkCode=osi&th=1&psc=1">View Product</a></div><div class="product"><a href="https://www.amazon.com/dp/B0C8D2X4F1?tag=eloabder-20&linkCode=osi&th=1&psc=1"><img src="https://m.media-amazon.com/images/I/51e0mqPDEJL._SL500_.jpg" alt="Product Image"></a><p>Candle Dye - 14 Colors Highly Concentrate Oil-Based Liquid Candle Dye Kit, Candle Dyes for Candle Making, Beeswax, Gel Wax, Paraffin Wax - Each 0.35 fl oz</p><p>$9.99</p><a href="https://www.amazon.com/dp/B0C8D2X4F1?tag=eloabder-20&linkCode=osi&th=1&psc=1">View Product</a></div>

<div class="product"><a href="https://www.amazon.com/dp/B0C6FHSQR7?tag=eloabder-20&linkCode=osi&th=1&psc=1"><img src="https://m.media-amazon.com/images/I/41hBOCPELBL._SL500_.jpg" alt="Product Image"></a><p>Mold Release, Silicone Mold Release Spray (16.9 fl oz / 500ml) Mold Release for Epoxy Resin and Candle Mold Release Spray (1 Pack Mega Size)</p><p>$9.99 ($0.59 / Fl Oz)</p><a href="https://www.amazon.com/dp/B0C6FHSQR7?tag=eloabder-20&linkCode=osi&th=1&psc=1">View Product</a></div>
<div class="product"><a href="https://www.amazon.com/dp/B015W8DWUO?tag=eloabder-20&linkCode=osi&th=1&psc=1"><img src="https://m.media-amazon.com/images/I/41umHqV4zhL._SL500_.jpg" alt="Product Image"></a><p>EricX Light 100 Piece Cotton Candle Wick 6" Pre-Waxed for Candle Making,Candle DIY</p><p>$5.35</p><a href="https://www.amazon.com/dp/B015W8DWUO?tag=eloabder-20&linkCode=osi&th=1&psc=1">View Product</a></div><div class="product"><a href="https://www.amazon.com/dp/B08XZB43NZ?tag=eloabder-20&linkCode=osi&th=1&psc=1"><img src="https://m.media-amazon.com/images/I/51cyFvwhpJL._SL500_.jpg" alt="Product Image"></a><p>Candle Wicks 100 Pcs 6 inch with 30Pcs Candle Wick Stickers and 10 Pcs Wooden Candle Wick Centering Device for Soy Beeswax Candle Making and Candle DIY</p><p>$4.99</p><a href="https://www.amazon.com/dp/B08XZB43NZ?tag=eloabder-20&linkCode=osi&th=1&psc=1">View Product</a></div><div class="product"><a href="https://www.amazon.com/dp/B084ZSZQ4T?tag=eloabder-20&linkCode=osi&th=1&psc=1"><img src="https://m.media-amazon.com/images/I/41vLRbXIHhL._SL500_.jpg" alt="Product Image"></a><p>Candle Wick,100 Piece Candle Wicks for Candle Making DIY, 6 Inch Pre-Waxed Cotton Wick with Tabs</p><p>$4.79</p><a href="https://www.amazon.com/dp/B084ZSZQ4T?tag=eloabder-20&linkCode=osi&th=1&psc=1">View Product</a></div><div class="product"><a href="https://www.amazon.com/dp/B097D7S6KB?tag=eloabder-20&linkCode=osi&th=1&psc=1"><img src="https://m.media-amazon.com/images/I/41jpnnrDAjL._SL500_.jpg" alt="Product Image"></a><p>CandMak Candle Wick Kit, 60 Cotton Candle Wicks with Candle Making Tools for Candle Making (Thick 4"+6"+8")</p><p>$5.99</p><a href="https://www.amazon.com/dp/B097D7S6KB?tag=eloabder-20&linkCode=osi&th=1&psc=1">View Product</a></div><div class="product"><a href="https://www.amazon.com/dp/B08DLSG8NW?tag=eloabder-20&linkCode=osi&th=1&psc=1"><img src="https://m.media-amazon.com/images/I/41QkciWLWjL._SL500_.jpg" alt="Product Image"></a><p>Bulk 6inch Candle Wicks 100 Pcs with 60Pcs Candle Wick Stickers and 10 Pcs Wooden Candle Wick Centering Device for Soy Beeswax Candle Making (6inch)</p><p>$5.45</p><a href="https://www.amazon.com/dp/B08DLSG8NW?tag=eloabder-20&linkCode=osi&th=1&psc=1">View Product</a></div><div class="product"><a href="https://www.amazon.com/dp/B08Z334W66?tag=eloabder-20&linkCode=osi&th=1&psc=1"><img src="https://m.media-amazon.com/images/I/51nsfCzAwwL._SL500_.jpg" alt="Product Image"></a><p>DINGPAI 100pcs Cotton Candle Wicks, 6 inches Low Smoke Pre-Waxed Candle Wicks for Candle Making, Candle DIY</p><p>$4.99</p><a href="https://www.amazon.com/dp/B08Z334W66?tag=eloabder-20&linkCode=osi&th=1&psc=1">View Product</a></div><div class="product"><a href="https://www.amazon.com/dp/B0BV1NCQ28?tag=eloabder-20&linkCode=osi&th=1&psc=1"><img src="https://m.media-amazon.com/images/I/41lmQ4K9ccL._SL500_.jpg" alt="Product Image"></a><p>Ziosxin 100pcs Smokeless Cherry Wood Candle Wicks, Long Lasting Flame, Easily Burn, Natural Candle Cores with Stand and Glue Dot, Warning Label for DIY Candle Making</p><p>$9.99</p><a href="https://www.amazon.com/dp/B0BV1NCQ28?tag=eloabder-20&linkCode=osi&th=1&psc=1">View Product</a></div><div class="product"><a href="https://www.amazon.com/dp/B08LPKTVZW?tag=eloabder-20&linkCode=osi&th=1&psc=1"><img src="https://m.media-amazon.com/images/I/41AtaynrIqL._SL500_.jpg" alt="Product Image"></a><p>BEADNOVA Candle Cotton Wicks 4 Inch 150pcs Short Candle Making Wicks Cotton Wicks for Candle Making DIY</p><p>$4.99</p><a href="https://www.amazon.com/dp/B08LPKTVZW?tag=eloabder-20&linkCode=osi&th=1&psc=1">View Product</a></div><div class="product"><a href="https://www.amazon.com/dp/B0925G2VBY?tag=eloabder-20&linkCode=osi&th=1&psc=1"><img src="https://m.media-amazon.com/images/I/51EzgDRsxoL._SL500_.jpg" alt="Product Image"></a><p>CHEFBEE 200 FT Organic Hemp Wick, Hemp Wick Well Coated Natural Beeswax for Hemp Wick Lighter or Candle Making, Slow Burn, No Dripping, Standard Size(1.1mm)</p><p>$6.99</p><a href="https://www.amazon.com/dp/B0925G2VBY?tag=eloabder-20&linkCode=osi&th=1&psc=1">View Product</a></div>
<div class="product"><a href="https://www.amazon.com/dp/B0BJZYCQV3?tag=eloabder-20&linkCode=osi&th=1&psc=1"><img src="https://m.media-amazon.com/images/I/41dS7xm9bKL._SL500_.jpg" alt="Product Image"></a><p>Simetufy Canvas Boards for Painting 12 Pack,8 x 10 Inch Painting Canvas Panels, Blank Canvas for Painting- Gesso Primed Acid-Free 100% Cotton for Acrylics Oil Watercolor Tempera Paints</p><p>$12.99</p><a href="https://www.amazon.com/dp/B0BJZYCQV3?tag=eloabder-20&linkCode=osi&th=1&psc=1">View Product</a></div><div class="product"><a href="https://www.amazon.com/dp/B085F4JH1H?tag=eloabder-20&linkCode=osi&th=1&psc=1"><img src="https://m.media-amazon.com/images/I/41l7Efp7ILL._SL500_.jpg" alt="Product Image"></a><p>KEFF Canvas Boards for Painting - 24 Pack - Art Supplies Paint Canvas 5x7, 8x10, 9x12, 11x14 Canvas Panels, 100% Cotton Pre-Primed Large Canvas for Painting Supplies, Acrylic, Oil, Watercolor, Tempera</p><p>$24.99</p><a href="https://www.amazon.com/dp/B085F4JH1H?tag=eloabder-20&linkCode=osi&th=1&psc=1">View Product</a></div><div class="product"><a href="https://www.amazon.com/dp/B0CMXFTNDC?tag=eloabder-20&linkCode=osi&th=1&psc=1"><img src="https://m.media-amazon.com/images/I/41WZD2Y6GfL._SL500_.jpg" alt="Product Image"></a><p>ESRICH Canvas Boards for Painting, 5 Pack Canvases for Painting 8x10 Cotton Primed Acid Free Blank Canvas Panels for Oil Paint, Watercolor, Acrylic Paint, Gouache and Tempera.</p><p>$5.99</p><a href="https://www.amazon.com/dp/B0CMXFTNDC?tag=eloabder-20&linkCode=osi&th=1&psc=1">View Product</a></div><div class="product"><a href="https://www.amazon.com/dp/B0C6LMPMPJ?tag=eloabder-20&linkCode=osi&th=1&psc=1"><img src="https://m.media-amazon.com/images/I/51QF5c5qRiL._SL500_.jpg" alt="Product Image"></a><p>Simetufy Canvas Boards for Painting 32 Pack, Paint Canvas Panels Set - 5x7, 8x10, 9x12, 11x14 Inches, Pre-Primed 100% Cotton Blank Canvases for Oil Acrylic Watercolor Pouring Paint for Kids & Artists</p><p>$24.99</p><a href="https://www.amazon.com/dp/B0C6LMPMPJ?tag=eloabder-20&linkCode=osi&th=1&psc=1">View Product</a></div><div class="product"><a href="https://www.amazon.com/dp/B0CSD8VYYM?tag=eloabder-20&linkCode=osi&th=1&psc=1"><img src="https://m.media-amazon.com/images/I/41PeXd8MwvL._SL500_.jpg" alt="Product Image"></a><p>4 Pack 11x14 Inch Canvas Boards for Painting, Blank Canvases for Painting,Triple Primed for Oil & Acrylic Paints,100% Cotton Canvas Panels for Acrylics Oil Watercolor Tempera Paints,3mm Thickness</p><p>$8.49</p><a href="https://www.amazon.com/dp/B0CSD8VYYM?tag=eloabder-20&linkCode=osi&th=1&psc=1">View Product</a></div><div class="product"><a href="https://www.amazon.com/dp/B0D59RDVM5?tag=eloabder-20&linkCode=osi&th=1&psc=1"><img src="https://m.media-amazon.com/images/I/519TRFsibfL._SL500_.jpg" alt="Product Image"></a><p>Paroto Canvas Boards for Painting 12 Pack, Multi-Size Painting Canvas Set 5x7, 8x10, 10x12, 12x16 Inches, 100% Cotton Blank Canvas Oil Acrylic Watercolor Pouring Paint for Kids, Beginners, Artists</p><p>$23.99</p><a href="https://www.amazon.com/dp/B0D59RDVM5?tag=eloabder-20&linkCode=osi&th=1&psc=1">View Product</a></div><div class="product"><a href="https://www.amazon.com/dp/B0CSD8YM4L?tag=eloabder-20&linkCode=osi&th=1&psc=1"><img src="https://m.media-amazon.com/images/I/41ZgWqkIMFL._SL500_.jpg" alt="Product Image"></a><p>4 Pack 8x10 Inch Canvas Boards for Painting, Blank Canvases for Painting,Triple Primed for Oil & Acrylic Paints, 100% Cotton Canvas Panels, 3mm Thickness</p><p>$3.99</p><a href="https://www.amazon.com/dp/B0CSD8YM4L?tag=eloabder-20&linkCode=osi&th=1&psc=1">View Product</a></div><div class="product"><a href="https://www.amazon.com/dp/B0CQFTW7MH?tag=eloabder-20&linkCode=osi&th=1&psc=1"><img src="https://m.media-amazon.com/images/I/41PiitKvQTL._SL500_.jpg" alt="Product Image"></a><p>Simetufy 4 Pack Canvas Boards for Painting 12x16 inch, Canvases for Painting, Gesso Primed Acid-Free 100% Cotton Large Canvas Panels for Acrylics Oil Watercolor Tempera Paints</p><p>$11.99</p><a href="https://www.amazon.com/dp/B0CQFTW7MH?tag=eloabder-20&linkCode=osi&th=1&psc=1">View Product</a></div>
<div class="product"><a href="https://www.amazon.com/dp/B07D6V7H85?tag=eloabder-20&linkCode=osi&th=1&psc=1"><img src="https://m.media-amazon.com/images/I/41EEPf6prIL._SL500_.jpg" alt="Product Image"></a><p>U.S. Art Supply 36" Wide x 6 Yards (18 Feet) Long Unstretched Canvas Roll - 100% Cotton, 12-Ounce Triple Primed Gesso, Acid-Free - Pro Artist Quality, Oil & Acrylic Painting, Murals Backdrop, Cut Size</p><p>$49.99</p><a href="https://www.amazon.com/dp/B07D6V7H85?tag=eloabder-20&linkCode=osi&th=1&psc=1">View Product</a></div><div class="product"><a href="https://www.amazon.com/dp/B0C98L44GG?tag=eloabder-20&linkCode=osi&th=1&psc=1"><img src="https://m.media-amazon.com/images/I/31gEyNH9+sL._SL500_.jpg" alt="Product Image"></a><p>Kinlop Double Primed Cotton Canvas White Canvas Roll for Oil and Acrylic Paint (20 Feet x 48 Inch)</p><p>$38.99</p><a href="https://www.amazon.com/dp/B0C98L44GG?tag=eloabder-20&linkCode=osi&th=1&psc=1">View Product</a></div><div class="product"><a href="https://www.amazon.com/dp/B0CLSXCD1W?tag=eloabder-20&linkCode=osi&th=1&psc=1"><img src="https://m.media-amazon.com/images/I/414jbnjcrQL._SL500_.jpg" alt="Product Image"></a><p>U.S. Art Supply 10-Ounce Unprimed 63" Wide x 2 Yards (6 Feet) Long Heavyweight Unstretched Canvas Roll - 100% Cotton, Woven - Oil & Acrylic Painting, Murals, Backdrop - Cut To Stretcher Bar Frame Size</p><p>$24.99</p><a href="https://www.amazon.com/dp/B0CLSXCD1W?tag=eloabder-20&linkCode=osi&th=1&psc=1">View Product</a></div><div class="product"><a href="https://www.amazon.com/dp/B09MCHDSPR?tag=eloabder-20&linkCode=osi&th=1&psc=1"><img src="https://m.media-amazon.com/images/I/41S+37Lx2wL._SL500_.jpg" alt="Product Image"></a><p>100% Natural Cotton 7 oz Canvas Fabric (Duck), 63 Inches Wide X 3 Yards Long</p><p>$29.95</p><a href="https://www.amazon.com/dp/B09MCHDSPR?tag=eloabder-20&linkCode=osi&th=1&psc=1">View Product</a></div><div class="product"><a href="https://www.amazon.com/dp/B07VX9TLM1?tag=eloabder-20&linkCode=osi&th=1&psc=1"><img src="https://m.media-amazon.com/images/I/41-bqGVrblL._SL500_.jpg" alt="Product Image"></a><p>Premium Polyster Matte Canvas Roll, Quick Dry, Wide Format Inkjet Printer Compatible, Perfect for Fine Art, Photography, Giclée Printing, Archival Quality Prints. (24"x60' 290gsm Polyester)</p><p>$69.99</p><a href="https://www.amazon.com/dp/B07VX9TLM1?tag=eloabder-20&linkCode=osi&th=1&psc=1">View Product</a></div><div class="product"><a href="https://www.amazon.com/dp/B079VP3F1B?tag=eloabder-20&linkCode=osi&th=1&psc=1"><img src="https://m.media-amazon.com/images/I/31eaUH1-cWL._SL500_.jpg" alt="Product Image"></a><p>VViViD Double Primed Cotton Canvas 12" Wide Roll Choose Your Size! (10ft x 12" Roll)</p><p>$16.88</p><a href="https://www.amazon.com/dp/B079VP3F1B?tag=eloabder-20&linkCode=osi&th=1&psc=1">View Product</a></div><div class="product"><a href="https://www.amazon.com/dp/B09954KKH3?tag=eloabder-20&linkCode=osi&th=1&psc=1"><img src="https://m.media-amazon.com/images/I/41SwQCPSmAL._SL500_.jpg" alt="Product Image"></a><p>Polyester Canvas Roll Professional Matte Canvas Roll Wide format Inkjet Printing For Printing Drawing Oil Acrylic Or Water-Based Painting (200GSM Polyester 36"x100ft)</p><p>$123.99</p><a href="https://www.amazon.com/dp/B09954KKH3?tag=eloabder-20&linkCode=osi&th=1&psc=1">View Product</a></div>
<div class="product"><a href="https://www.amazon.com/dp/B003A2I5T8?tag=eloabder-20&linkCode=osi&th=1&psc=1"><img src="https://m.media-amazon.com/images/I/41LvtrGFjVL._SL500_.jpg" alt="Product Image"></a><p>Astrobrights/Neenah Bright White Cardstock, 8.5" x 11", 65 lb/176 gsm, White, 75 Sheets (90905-02) - Packaging May Vary</p><p>$6.99</p><a href="https://www.amazon.com/dp/B003A2I5T8?tag=eloabder-20&linkCode=osi&th=1&psc=1">View Product</a></div><div class="product"><a href="https://www.amazon.com/dp/B00006IDRW?tag=eloabder-20&linkCode=osi&th=1&psc=1"><img src="https://m.media-amazon.com/images/I/412xLv5ae7L._SL500_.jpg" alt="Product Image"></a><p>Neenah Premium Cardstock, 8.5" x 11", 65 lb/176 gsm, Bright White, 250 Sheets (91904)</p><p>$14.29</p><a href="https://www.amazon.com/dp/B00006IDRW?tag=eloabder-20&linkCode=osi&th=1&psc=1">View Product</a></div><div class="product"><a href="https://www.amazon.com/dp/B07FX5LCXK?tag=eloabder-20&linkCode=osi&th=1&psc=1"><img src="https://m.media-amazon.com/images/I/41n9D1rlKgL._SL500_.jpg" alt="Product Image"></a><p>Printworks White Cardstock, 67 lb, 92 Bright, FSC Certified, Perfect for School and Craft Projects, 8.5 x 11 Inch, 100 Sheets (00540)</p><p>$11.49</p><a href="https://www.amazon.com/dp/B07FX5LCXK?tag=eloabder-20&linkCode=osi&th=1&psc=1">View Product</a></div><div class="product"><a href="https://www.amazon.com/dp/B07QQ3L753?tag=eloabder-20&linkCode=osi&th=1&psc=1"><img src="https://m.media-amazon.com/images/I/41n0Ue3DLbL._SL500_.jpg" alt="Product Image"></a><p>Neenah White Index Paper, Mediumweight, 300 Sheets, 199 gsm, 94 Brightness, 8.5" x 11" - MORE SHEETS! (91635)</p><p>$15.99</p><a href="https://www.amazon.com/dp/B07QQ3L753?tag=eloabder-20&linkCode=osi&th=1&psc=1">View Product</a></div><div class="product"><a href="https://www.amazon.com/dp/B07D4YF3K4?tag=eloabder-20&linkCode=osi&th=1&psc=1"><img src="https://m.media-amazon.com/images/I/41ffykOOE7L._SL500_.jpg" alt="Product Image"></a><p>Neenah Index Cardstock, 8.5" x 11", 90 lb/163 gsm, White, Lightweight, 94 Brightness, 300 Sheets (91437)</p><p>$19.24</p><a href="https://www.amazon.com/dp/B07D4YF3K4?tag=eloabder-20&linkCode=osi&th=1&psc=1">View Product</a></div><div class="product"><a href="https://www.amazon.com/dp/B08DCF5B4P?tag=eloabder-20&linkCode=osi&th=1&psc=1"><img src="https://m.media-amazon.com/images/I/41GRzmuulDL._SL500_.jpg" alt="Product Image"></a><p>Hammermill White Cardstock, 110 Lb, 8.5 x 11 Colored Cardstock, 1 Pack (200 Sheets) - Thick Card Stock, Made in the USA, 168380R</p><p>$13.32</p><a href="https://www.amazon.com/dp/B08DCF5B4P?tag=eloabder-20&linkCode=osi&th=1&psc=1">View Product</a></div><div class="product"><a href="https://www.amazon.com/dp/B0CYPPHFV9?tag=eloabder-20&linkCode=osi&th=1&psc=1"><img src="https://m.media-amazon.com/images/I/51IQR4E5R1L._SL500_.jpg" alt="Product Image"></a><p>96 Sheets Colored Cardstock 24 Colors, 8.5x11 Color Cardstock Bulk, 200gsm/75lb Assorted Colors Construction Paper for Printing, Card Making, Die Cutting, Crafts, Scrapbooking, Party Decorations</p><p>$12.99</p><a href="https://www.amazon.com/dp/B0CYPPHFV9?tag=eloabder-20&linkCode=osi&th=1&psc=1">View Product</a></div><div class="product"><a href="https://www.amazon.com/dp/B07QNMF4ZP?tag=eloabder-20&linkCode=osi&th=1&psc=1"><img src="https://m.media-amazon.com/images/I/41mVi2qUcyL._SL500_.jpg" alt="Product Image"></a><p>Printworks White Cardstock, Standard, 67 lb. Vellum, 92 Bright, 250 sheets, 8.5 x 11, For Office, Home & School Printing, Craft Projects (00564)</p><p>$12.92</p><a href="https://www.amazon.com/dp/B07QNMF4ZP?tag=eloabder-20&linkCode=osi&th=1&psc=1">View Product</a></div><div class="product"><a href="https://www.amazon.com/dp/B09Y681BML?tag=eloabder-20&linkCode=osi&th=1&psc=1"><img src="https://m.media-amazon.com/images/I/41whFoq6OEL._SL500_.jpg" alt="Product Image"></a><p>Astrobrights Mega Collection, Colored Cardstock, Punchy Pastel 5-Color Assortment, 320 Sheets, 65 lb./176 gsm, 8.5" x 11" - MORE SHEETS! (91780)</p><p>$19.87</p><a href="https://www.amazon.com/dp/B09Y681BML?tag=eloabder-20&linkCode=osi&th=1&psc=1">View Product</a></div>


<div class="product"><a href="https://www.amazon.com/dp/B0B7DZ4YPN?tag=eloabder-20&linkCode=osi&th=1&psc=1"><img src="https://m.media-amazon.com/images/I/51NIBuS801L._SL500_.jpg" alt="Product Image"></a><p>Epoxy Resin 64OZ - Crystal Clear Epoxy Resin Kit - No Yellowing No Bubble Art Resin Casting Resin for Art Crafts, Jewelry Making, Wood & Resin Molds(32OZ x 2)</p><p>$34.99 ($0.55 / Ounce)</p><a href="https://www.amazon.com/dp/B0B7DZ4YPN?tag=eloabder-20&linkCode=osi&th=1&psc=1">View Product</a></div><div class="product"><a href="https://www.amazon.com/dp/B0CPVCRD93?tag=eloabder-20&linkCode=osi&th=1&psc=1"><img src="https://m.media-amazon.com/images/I/51mBmD2NCqL._SL500_.jpg" alt="Product Image"></a><p>Puduo Epoxy Resin Kit 72OZ，Newly Formulated Crystal Clear Epoxy Resin，Strong, Bubble-Free, Anti-Yellowing Art Resin That，Suitable for Casting, DIY, Resin Art, Molds, Jewelry, Easy to Mix 1:1 Ratio</p><p>$36.99 ($0.51 / Ounce)</p><a href="https://www.amazon.com/dp/B0CPVCRD93?tag=eloabder-20&linkCode=osi&th=1&psc=1">View Product</a></div><div class="product"><a href="https://www.amazon.com/dp/B0BY2PFY62?tag=eloabder-20&linkCode=osi&th=1&psc=1"><img src="https://m.media-amazon.com/images/I/51jY4DbLEVL._SL500_.jpg" alt="Product Image"></a><p>LET'S RESIN Polyurethane Resin, 60oz 2 Part Casting Resin, Fast Cured Resin within 10 Minutes, Ultra Low Viscosity & Low Odor Pourable Liquid Plastic for Casting Models, Prototypes & Other Resin Craft</p><p>$40.99 ($0.68 / Ounce)</p><a href="https://www.amazon.com/dp/B0BY2PFY62?tag=eloabder-20&linkCode=osi&th=1&psc=1">View Product</a></div><div class="product"><a href="https://www.amazon.com/dp/B0CXLX1BF1?tag=eloabder-20&linkCode=osi&th=1&psc=1"><img src="https://m.media-amazon.com/images/I/51B03piFSWL._SL500_.jpg" alt="Product Image"></a><p>Epoxy Resin,1 Gallon Crystal Clear Epoxy Resin Kit, High-Gloss & Bubbles Free Resin and Hardener Kit, Art Resin Casting Resin for Art Crafts, Jewelry Making, Wood & Resin Molds…</p><p>$49.99</p><a href="https://www.amazon.com/dp/B0CXLX1BF1?tag=eloabder-20&linkCode=osi&th=1&psc=1">View Product</a></div><div class="product"><a href="https://www.amazon.com/dp/B0B79JKMTN?tag=eloabder-20&linkCode=osi&th=1&psc=1"><img src="https://m.media-amazon.com/images/I/51awzY+fOoL._SL500_.jpg" alt="Product Image"></a><p>Teexpert Crystal Clear Epoxy Resin Kit 1 Gallon Self-Leveling Coating and Casting Resin, High-Gloss & Bubbles Free Resin and Hardener Kit for DIY Art, Jewelry, Table Top, Molds, Wood 1:1 Ratio</p><p>$49.49 ($0.39 / Fl Oz)</p><a href="https://www.amazon.com/dp/B0B79JKMTN?tag=eloabder-20&linkCode=osi&th=1&psc=1">View Product</a></div><div class="product"><a href="https://www.amazon.com/dp/B0CZDCWRDS?tag=eloabder-20&linkCode=osi&th=1&psc=1"><img src="https://m.media-amazon.com/images/I/51NoC3Siy8L._SL500_.jpg" alt="Product Image"></a><p>Puduo Epoxy Resin Kit 1.1Gallon，Newly Formulated Crystal Clear Epoxy Resin，Strong, Bubble-Free, Anti-Yellowing Art Resin That，Suitable for Casting, DIY, Resin Art, Molds, Easy to Mix 1:1 Ratio</p><p>$48.99 ($0.35 / Ounce)</p><a href="https://www.amazon.com/dp/B0CZDCWRDS?tag=eloabder-20&linkCode=osi&th=1&psc=1">View Product</a></div><div class="product"><a href="https://www.amazon.com/dp/B0C786S8ZW?tag=eloabder-20&linkCode=osi&th=1&psc=1"><img src="https://m.media-amazon.com/images/I/51PD1cgR+-L._SL500_.jpg" alt="Product Image"></a><p>LET'S RESIN EPOXY RESIN 2 Gallon Casting Resin with Pumps, Bubble Free & High-Gloss Resin Epoxy Kit, Crystal Clear Epoxy Resin and Hardener for DIY Art, Molds Casting,Craft</p><p>$87.00 ($0.34 / Fl Oz)</p><a href="https://www.amazon.com/dp/B0C786S8ZW?tag=eloabder-20&linkCode=osi&th=1&psc=1">View Product</a></div><div class="product"><a href="https://www.amazon.com/dp/B0BYV7YX2K?tag=eloabder-20&linkCode=osi&th=1&psc=1"><img src="https://m.media-amazon.com/images/I/41dTpbgWB+L._SL500_.jpg" alt="Product Image"></a><p>TAKIMO 1 Gallon Crystal Clear Resin Kit,No Bubble & Not Yellowing Epoxy Resin for Coating, Casting, Table Top,DIY, Bar Top, River Tables, Resin Art, Wood with High Gloss Finish</p><p>$39.99</p><a href="https://www.amazon.com/dp/B0BYV7YX2K?tag=eloabder-20&linkCode=osi&th=1&psc=1">View Product</a></div>
<div class="product"><a href="https://www.amazon.com/dp/B093D6Q4V2?tag=eloabder-20&linkCode=osi&th=1&psc=1"><img src="https://m.media-amazon.com/images/I/51GS6ht5RsS._SL500_.jpg" alt="Product Image"></a><p>Brusarth Professional Charcoal Pencils Drawing Set - 6 Pieces Soft Medium and Hard Charcoal Pencils for Drawing, Sketching, Shading</p><p>$5.57</p><a href="https://www.amazon.com/dp/B093D6Q4V2?tag=eloabder-20&linkCode=osi&th=1&psc=1">View Product</a></div><div class="product"><a href="https://www.amazon.com/dp/B000VXONF4?tag=eloabder-20&linkCode=osi&th=1&psc=1"><img src="https://m.media-amazon.com/images/I/51DxvUPz4nL._SL500_.jpg" alt="Product Image"></a><p>General Pencil 957ABP Compressed Charcoal Sticks 4/Pkg-Black - Soft Assorted</p><p>$6.09 ($1.52 / Count)</p><a href="https://www.amazon.com/dp/B000VXONF4?tag=eloabder-20&linkCode=osi&th=1&psc=1">View Product</a></div><div class="product"><a href="https://www.amazon.com/dp/B0BZSZ2W1B?tag=eloabder-20&linkCode=osi&th=1&psc=1"><img src="https://m.media-amazon.com/images/I/41aJEjrQ16L._SL500_.jpg" alt="Product Image"></a><p>ANNECOSK Willow Charcoal Sticks, 10PCS Willow Charcoal Pencils for Artists Drawing, Sketching</p><p>$7.99</p><a href="https://www.amazon.com/dp/B0BZSZ2W1B?tag=eloabder-20&linkCode=osi&th=1&psc=1">View Product</a></div><div class="product"><a href="https://www.amazon.com/dp/B088K31QB7?tag=eloabder-20&linkCode=osi&th=1&psc=1"><img src="https://m.media-amazon.com/images/I/51giSzQeUzL._SL500_.jpg" alt="Product Image"></a><p>MARKART Professional Charcoal Pencils Drawing Set - 10 Pieces Soft Medium and Hard Charcoal Pencils for Drawing, Sketching, Shading</p><p>$5.99</p><a href="https://www.amazon.com/dp/B088K31QB7?tag=eloabder-20&linkCode=osi&th=1&psc=1">View Product</a></div><div class="product"><a href="https://www.amazon.com/dp/B0CHM9YB18?tag=eloabder-20&linkCode=osi&th=1&psc=1"><img src="https://m.media-amazon.com/images/I/51-cFJewi5L._SL500_.jpg" alt="Product Image"></a><p>PANDAFLY Willow Charcoal Sticks, Soft, Black Artist Vine Charcoal for Artists, Beginners, Students, Great for Sketching, Drawing, Shading and Fine Art, 7-9mm, 25 Pack</p><p>$7.99</p><a href="https://www.amazon.com/dp/B0CHM9YB18?tag=eloabder-20&linkCode=osi&th=1&psc=1">View Product</a></div><div class="product"><a href="https://www.amazon.com/dp/B004O7FFR8?tag=eloabder-20&linkCode=osi&th=1&psc=1"><img src="https://m.media-amazon.com/images/I/51JJnYm-n2L._SL500_.jpg" alt="Product Image"></a><p>Strathmore 300 Series Charcoal Paper Pad, Top Wire Bound, 9x12 inches, 32 Sheets (64lb/95g) - Artist Paper for Adults and Students - Charcoal and Pastel</p><p>$8.86</p><a href="https://www.amazon.com/dp/B004O7FFR8?tag=eloabder-20&linkCode=osi&th=1&psc=1">View Product</a></div><div class="product"><a href="https://www.amazon.com/dp/B09KY8MT2T?tag=eloabder-20&linkCode=osi&th=1&psc=1"><img src="https://m.media-amazon.com/images/I/31buTPEV5IL._SL500_.jpg" alt="Product Image"></a><p>Raven Powders Premium Charcoal Powder for Drawing and Art</p><p>$9.99</p><a href="https://www.amazon.com/dp/B09KY8MT2T?tag=eloabder-20&linkCode=osi&th=1&psc=1">View Product</a></div><div class="product"><a href="https://www.amazon.com/dp/B0021IK626?tag=eloabder-20&linkCode=osi&th=1&psc=1"><img src="https://m.media-amazon.com/images/I/317wgA0GITL._SL500_.jpg" alt="Product Image"></a><p>Winsor & Newton Artist Vine Charcoal Sticks, Soft, Box of 12 Sticks</p><p>$10.56</p><a href="https://www.amazon.com/dp/B0021IK626?tag=eloabder-20&linkCode=osi&th=1&psc=1">View Product</a></div>
<div class="product"><a href="https://www.amazon.com/dp/B0CHF9KZSW?tag=eloabder-20&linkCode=osi&th=1&psc=1"><img src="https://m.media-amazon.com/images/I/61lm2iV1gGL._SL500_.jpg" alt="Product Image"></a><p>KALOUR Professional Charcoal Pencils Drawing Set -12 Pieces Soft, Medium and Hard Charcoal Pencils for Drawing, Sketching, Shading, Artist Pencils for Beginners & Artists</p><p>$5.99</p><a href="https://www.amazon.com/dp/B0CHF9KZSW?tag=eloabder-20&linkCode=osi&th=1&psc=1">View Product</a></div><div class="product"><a href="https://www.amazon.com/dp/B0D41JG73W?tag=eloabder-20&linkCode=osi&th=1&psc=1"><img src="https://m.media-amazon.com/images/I/41K5KaeEE0L._SL500_.jpg" alt="Product Image"></a><p>Aenir White Charcoal Pencils, Pack of 12 Charcoal Drawing Pencils, Charcoal Pencils for Artists, Art Supplies for Drawing and Highlighting, Charcoal Pencils for Drawing, Sketching, Shading & Coloring.</p><p>$7.99</p><a href="https://www.amazon.com/dp/B0D41JG73W?tag=eloabder-20&linkCode=osi&th=1&psc=1">View Product</a></div><div class="product"><a href="https://www.amazon.com/dp/B004BPNUMA?tag=eloabder-20&linkCode=osi&th=1&psc=1"><img src="https://m.media-amazon.com/images/I/41EWfMXntlL._SL500_.jpg" alt="Product Image"></a><p>Peel & Sketch Charcoal Pencils 3/Pkg-</p><p>$6.96</p><a href="https://www.amazon.com/dp/B004BPNUMA?tag=eloabder-20&linkCode=osi&th=1&psc=1">View Product</a></div><div class="product"><a href="https://www.amazon.com/dp/B0C5V1QWPJ?tag=eloabder-20&linkCode=osi&th=1&psc=1"><img src="https://m.media-amazon.com/images/I/51bZBOoKtoL._SL500_.jpg" alt="Product Image"></a><p>Brusarth Charcoal Drawing Set -12 pc Black charcoal pencils, White Charcoal Pencils, Eraser Pencils, Blending Stumps for Drawing, Sketching, Shading, Artist Pencils for Beginners & Artists</p><p>$7.99</p><a href="https://www.amazon.com/dp/B0C5V1QWPJ?tag=eloabder-20&linkCode=osi&th=1&psc=1">View Product</a></div>
<div class="product"><a href="https://www.amazon.com/dp/B001BYK7RA?tag=eloabder-20&linkCode=osi&th=1&psc=1"><img src="https://m.media-amazon.com/images/I/316EZYjc1XL._SL500_.jpg" alt="Product Image"></a><p>Winsor & Newton Artist Vine Charcoal Sticks, Soft, Box of 3 Sticks</p><p>$4.09 ($1.36 / Count)</p><a href="https://www.amazon.com/dp/B001BYK7RA?tag=eloabder-20&linkCode=osi&th=1&psc=1">View Product</a></div>
<div class="product"><a href="https://www.amazon.com/dp/B08LR2TBPG?tag=eloabder-20&linkCode=osi&th=1&psc=1"><img src="https://m.media-amazon.com/images/I/31VBhMwmhTL._SL500_.jpg" alt="Product Image"></a><p>Chipboard Sheets 8.5" x 11" - 100 Sheets of 22 Point Chip Board for Crafts - This Kraft Board is a Great Alternative to MDF Board and Cardboard Sheets</p><p>$19.97</p><a href="https://www.amazon.com/dp/B08LR2TBPG?tag=eloabder-20&linkCode=osi&th=1&psc=1">View Product</a></div><div class="product"><a href="https://www.amazon.com/dp/B079F1FYG3?tag=eloabder-20&linkCode=osi&th=1&psc=1"><img src="https://m.media-amazon.com/images/I/41-kpBNtjSL._SL500_.jpg" alt="Product Image"></a><p>100 Thick Kraft Chipboard (30pt) - 8 1/2" x 11" - Perfect for Scrapbooking, Crafts & Product Backing…</p><p>$19.95</p><a href="https://www.amazon.com/dp/B079F1FYG3?tag=eloabder-20&linkCode=osi&th=1&psc=1">View Product</a></div><div class="product"><a href="https://www.amazon.com/dp/B07BYPGP5H?tag=eloabder-20&linkCode=osi&th=1&psc=1"><img src="https://m.media-amazon.com/images/I/31rUtsWIN5L._SL500_.jpg" alt="Product Image"></a><p>100 Chipboard Sheets 8 x 10 inch - 22pt (point) Light Weight Brown Kraft Cardboard for Scrapbooking & Picture Frame Backing (.022 Caliper Thick) Paper Board | MagicWater Supply</p><p>$21.99</p><a href="https://www.amazon.com/dp/B07BYPGP5H?tag=eloabder-20&linkCode=osi&th=1&psc=1">View Product</a></div><div class="product"><a href="https://www.amazon.com/dp/B07BYP99DJ?tag=eloabder-20&linkCode=osi&th=1&psc=1"><img src="https://m.media-amazon.com/images/I/31EMxvnjGrL._SL500_.jpg" alt="Product Image"></a><p>25 Chipboard Sheets 11 x 17 inch - 50pt (point) Heavy Weight Brown Kraft Cardboard for Scrapbooking & Picture Frame Backing (.050 Caliper Thick) Paper Board | MagicWater Supply</p><p>$26.99</p><a href="https://www.amazon.com/dp/B07BYP99DJ?tag=eloabder-20&linkCode=osi&th=1&psc=1">View Product</a></div><div class="product"><a href="https://www.amazon.com/dp/B07BYFXJDL?tag=eloabder-20&linkCode=osi&th=1&psc=1"><img src="https://m.media-amazon.com/images/I/310RbtxO26L._SL500_.jpg" alt="Product Image"></a><p>100 Chipboard Sheets 5 x 7 inch - 22pt (point) Light Weight Brown Kraft Cardboard for Scrapbooking & Picture Frame Backing (.022 Caliper Thick) Paper Board | MagicWater Supply</p><p>$14.99</p><a href="https://www.amazon.com/dp/B07BYFXJDL?tag=eloabder-20&linkCode=osi&th=1&psc=1">View Product</a></div><div class="product"><a href="https://www.amazon.com/dp/B0B6GK2MFD?tag=eloabder-20&linkCode=osi&th=1&psc=1"><img src="https://m.media-amazon.com/images/I/31-IEV+iYgL._SL500_.jpg" alt="Product Image"></a><p>10 EcoSwift 8.5x11 Chipboard Cardboard Craft Scrapbook Material Scrapbooking Packaging Sheets Shipping Pads Inserts 8 1/2 inch x 11 inch Chip Board</p><p>$4.99</p><a href="https://www.amazon.com/dp/B0B6GK2MFD?tag=eloabder-20&linkCode=osi&th=1&psc=1">View Product</a></div><div class="product"><a href="https://www.amazon.com/dp/B07BYKB2ZL?tag=eloabder-20&linkCode=osi&th=1&psc=1"><img src="https://m.media-amazon.com/images/I/31WIwma4xfL._SL500_.jpg" alt="Product Image"></a><p>Chipboard Sheets 8.5 x 11 inch - 50pt (Point) Heavy Weight Brown Kraft Cardboard for Scrapbooking & Picture Frame Backing (.050 Caliper Thick) Paper Board | MagicWater Supply (Kraft 100 Pack)</p><p>$38.99</p><a href="https://www.amazon.com/dp/B07BYKB2ZL?tag=eloabder-20&linkCode=osi&th=1&psc=1">View Product</a></div><div class="product"><a href="https://www.amazon.com/dp/B00161W6L8?tag=eloabder-20&linkCode=osi&th=1&psc=1"><img src="https://m.media-amazon.com/images/I/41MflHlo3JL._SL500_.jpg" alt="Product Image"></a><p>GRAFIX Natural Medium Weight Chipboard Sheets 8.5"X11" 25/Pkg, 8.5"x11"x0.057", Count</p><p>$15.14 ($0.61 / Count)</p><a href="https://www.amazon.com/dp/B00161W6L8?tag=eloabder-20&linkCode=osi&th=1&psc=1">View Product</a></div><div class="product"><a href="https://www.amazon.com/dp/B0013JRFUA?tag=eloabder-20&linkCode=osi&th=1&psc=1"><img src="https://m.media-amazon.com/images/I/41JzQAJkDoL._SL500_.jpg" alt="Product Image"></a><p>Grafix Medium Weight Acid-Free 0.057” Chipboard Sheets, Create Three-Dimensional Embellishments for Cards, Papercrafts, Mixed Media, Home Décor, and More, 12 x 12, Natural, 25 Count</p><p>$14.51 ($0.58 / Count)</p><a href="https://www.amazon.com/dp/B0013JRFUA?tag=eloabder-20&linkCode=osi&th=1&psc=1">View Product</a></div>








<div class="product"><a href="https://www.amazon.com/dp/B0C2YPJDFL?tag=eloabder-20&linkCode=osi&th=1&psc=1"><img src="https://m.media-amazon.com/images/I/51WB6B3vguL._SL500_.jpg" alt="Product Image"></a><p>Yagol Colored Pencils for Adult Coloring Books, 72 Colored Professional Drawing Pencils, Coloring Pencils for Adults Beginners kids & Pro.</p><p>$9.99</p><a href="https://www.amazon.com/dp/B0C2YPJDFL?tag=eloabder-20&linkCode=osi&th=1&psc=1">View Product</a></div><div class="product"><a href="https://www.amazon.com/dp/B01N09ZDEI?tag=eloabder-20&linkCode=osi&th=1&psc=1"><img src="https://m.media-amazon.com/images/I/51awfumPEiL._SL500_.jpg" alt="Product Image"></a><p>Soucolor 72-Color Colored Pencils for Adult Coloring Books, Back to School Supplies, Soft Core Artist Sketching Drawing Pencils Drawing Supplies, Art Supplies Kit for Adults Kids, Coloring Pencils Set</p><p>$9.99</p><a href="https://www.amazon.com/dp/B01N09ZDEI?tag=eloabder-20&linkCode=osi&th=1&psc=1">View Product</a></div><div class="product"><a href="https://www.amazon.com/dp/B0B772BZ4G?tag=eloabder-20&linkCode=osi&th=1&psc=1"><img src="https://m.media-amazon.com/images/I/41VSyVENyTL._SL500_.jpg" alt="Product Image"></a><p>FUNLAVIE Colored Pencils 48 Coloring Pencils Premium Professional Art Drawing Pencil for Adults Coloring Book</p><p>$9.99</p><a href="https://www.amazon.com/dp/B0B772BZ4G?tag=eloabder-20&linkCode=osi&th=1&psc=1">View Product</a></div><div class="product"><a href="https://www.amazon.com/dp/B0B8MFGW36?tag=eloabder-20&linkCode=osi&th=1&psc=1"><img src="https://m.media-amazon.com/images/I/51umBJsfZDL._SL500_.jpg" alt="Product Image"></a><p>KALOUR Premium Colored Pencils,Set of 120 Colors,Artists Soft Core with Vibrant Color,Ideal for Drawing Sketching Shading,Coloring Pencils for Adults Beginners kids</p><p>$24.99</p><a href="https://www.amazon.com/dp/B0B8MFGW36?tag=eloabder-20&linkCode=osi&th=1&psc=1">View Product</a></div><div class="product"><a href="https://www.amazon.com/dp/B0D5GSMGMG?tag=eloabder-20&linkCode=osi&th=1&psc=1"><img src="https://m.media-amazon.com/images/I/41aprDliB4L._SL500_.jpg" alt="Product Image"></a><p>Colored Pencils for Adult Coloring Books, Set of 72 Color Pencils, Oil-Based Core Drawing Pencils, 3.8mm Soft Leads with Adult Coloring Pencils, Professional Art Supplies for Adults, Beginner and Kids</p><p>$9.99</p><a href="https://www.amazon.com/dp/B0D5GSMGMG?tag=eloabder-20&linkCode=osi&th=1&psc=1">View Product</a></div><div class="product"><a href="https://www.amazon.com/dp/B0CZBPK6L5?tag=eloabder-20&linkCode=osi&th=1&psc=1"><img src="https://m.media-amazon.com/images/I/31Q1khczz5L._SL500_.jpg" alt="Product Image"></a><p>Colored Pencils for Adult Coloring Books, 72 Colors Drawing Pencils with Oil-Based Cores, Professional Art Supplies for Artists, Coloring Pencils for Adults, Color Pencils Set for Beginners and Teens.</p><p>$9.49</p><a href="https://www.amazon.com/dp/B0CZBPK6L5?tag=eloabder-20&linkCode=osi&th=1&psc=1">View Product</a></div>
<div class="product"><a href="https://www.amazon.com/dp/B0BTJRPJHJ?tag=eloabder-20&linkCode=osi&th=1&psc=1"><img src="https://m.media-amazon.com/images/I/61eh6iSlGRL._SL500_.jpg" alt="Product Image"></a><p>READY 2 LEARN Colored Sand - Turquoise - 2.2 lbs - Play Sand for Kids - Perfect for Arts and Crafts, Sensory Bins, Wedding Decorations and Vase Filler</p><p>$9.32</p><a href="https://www.amazon.com/dp/B0BTJRPJHJ?tag=eloabder-20&linkCode=osi&th=1&psc=1">View Product</a></div><div class="product"><a href="https://www.amazon.com/dp/B0BTJWH6L3?tag=eloabder-20&linkCode=osi&th=1&psc=1"><img src="https://m.media-amazon.com/images/I/61OHaobOoGL._SL500_.jpg" alt="Product Image"></a><p>READY 2 LEARN Colored Sand - Light Blue - 2.2 lbs - Play Sand for Kids - Perfect for Wedding Unity Ceremonies, Crafts, Sensory Bins and Vase Filler</p><p>$9.99</p><a href="https://www.amazon.com/dp/B0BTJWH6L3?tag=eloabder-20&linkCode=osi&th=1&psc=1">View Product</a></div><div class="product"><a href="https://www.amazon.com/dp/B00DZS4AA0?tag=eloabder-20&linkCode=osi&th=1&psc=1"><img src="https://m.media-amazon.com/images/I/41htpdoeWSL._SL500_.jpg" alt="Product Image"></a><p>Activa Pink Decorative Colored Sand in Resealable Bag, 5lb (2.27kg) | Fine Grain & Fade-Proof Sand For Arts & Crafts</p><p>$8.99</p><a href="https://www.amazon.com/dp/B00DZS4AA0?tag=eloabder-20&linkCode=osi&th=1&psc=1">View Product</a></div><div class="product"><a href="https://www.amazon.com/dp/B00GNED6YE?tag=eloabder-20&linkCode=osi&th=1&psc=1"><img src="https://m.media-amazon.com/images/I/41T-AKVqV5L._SL500_.jpg" alt="Product Image"></a><p>Sandsational Sparkle Champagne Unity Sand - 1.5 LB (22oz), Beige Colored Sand for Weddings, Vase Filler, Home Décor, Craft Sand, Aquarium Sand, and More</p><p>$15.99</p><a href="https://www.amazon.com/dp/B00GNED6YE?tag=eloabder-20&linkCode=osi&th=1&psc=1">View Product</a></div><div class="product"><a href="https://www.amazon.com/dp/B007VC4F6A?tag=eloabder-20&linkCode=osi&th=1&psc=1"><img src="https://m.media-amazon.com/images/I/51EtMIBeueL._SL500_.jpg" alt="Product Image"></a><p>Sandsational Sparkle Tropic Blue Unity Sand, 1 LB (16 oz), Colored Sand for Weddings, Vase Filler, Home Décor, Craft Sand, Aquarium Sand, and More</p><p>$9.99</p><a href="https://www.amazon.com/dp/B007VC4F6A?tag=eloabder-20&linkCode=osi&th=1&psc=1">View Product</a></div><div class="product"><a href="https://www.amazon.com/dp/B007VC497K?tag=eloabder-20&linkCode=osi&th=1&psc=1"><img src="https://m.media-amazon.com/images/I/51oZOs1VRDL._SL500_.jpg" alt="Product Image"></a><p>Sandsational Sparkle Burnt Orange Unity Sand, 1 LB (16 oz), Colored Sand for Weddings, Vase Filler, Home Décor, Craft Sand, Aquarium Sand, and More</p><p>$9.99</p><a href="https://www.amazon.com/dp/B007VC497K?tag=eloabder-20&linkCode=osi&th=1&psc=1">View Product</a></div><div class="product"><a href="https://www.amazon.com/dp/B004BN9WWY?tag=eloabder-20&linkCode=osi&th=1&psc=1"><img src="https://m.media-amazon.com/images/I/41Hehnr6HkL._SL500_.jpg" alt="Product Image"></a><p>Activa Turquoise Decorative Colored Sand in Resealable Bag, 5lb (2.27kg) | Fine Grain & Fade-Proof Sand For Arts & Crafts</p><p>$17.99 ($0.22 / Ounce)</p><a href="https://www.amazon.com/dp/B004BN9WWY?tag=eloabder-20&linkCode=osi&th=1&psc=1">View Product</a></div><div class="product"><a href="https://www.amazon.com/dp/B007VC4CMM?tag=eloabder-20&linkCode=osi&th=1&psc=1"><img src="https://m.media-amazon.com/images/I/51MDELk9-bL._SL500_.jpg" alt="Product Image"></a><p>Sandsational Sparkle Hazelnut Unity Sand, 1 LB (16 oz), Colored Sand for Weddings, Vase Filler, Home Décor, Craft Sand, Aquarium Sand, and More</p><p>$9.99</p><a href="https://www.amazon.com/dp/B007VC4CMM?tag=eloabder-20&linkCode=osi&th=1&psc=1">View Product</a></div>

<div class="product"><a href="https://www.amazon.com/dp/B0868M9MFP?tag=eloabder-20&linkCode=osi&th=1&psc=1"><img src="https://m.media-amazon.com/images/I/41MathwPKuL._SL500_.jpg" alt="Product Image"></a><p>SIMETUFY 360 Sheets 36 Multicolor Tissue Paper Bulk Gift Wrapping Tissue Paper Decorative Art Rainbow Tissue Paper 11.5in x 8in for Art Craft Floral Birthday Party Festival Tissue Paper Pom Pom</p><p>$6.98 ($0.02 / Count)</p><a href="https://www.amazon.com/dp/B0868M9MFP?tag=eloabder-20&linkCode=osi&th=1&psc=1">View Product</a></div><div class="product"><a href="https://www.amazon.com/dp/B0CZNYNJL3?tag=eloabder-20&linkCode=osi&th=1&psc=1"><img src="https://m.media-amazon.com/images/I/41ZspqqmKpL._SL500_.jpg" alt="Product Image"></a><p>160 Sheets Colored Tissue Paper, Tissue Paper Bulk 14 X 20 Inches Tissue Paper for Gift Bags Wrapping DIY Crafts Wedding Birthday</p><p>$7.99 ($0.03 / Sq Ft)</p><a href="https://www.amazon.com/dp/B0CZNYNJL3?tag=eloabder-20&linkCode=osi&th=1&psc=1">View Product</a></div><div class="product"><a href="https://www.amazon.com/dp/B07QY9FQN2?tag=eloabder-20&linkCode=osi&th=1&psc=1"><img src="https://m.media-amazon.com/images/I/51DR9nknn7L._SL500_.jpg" alt="Product Image"></a><p>120 Sheets Colored Tissue Paper Bulk Wrapping Craft Paper 20 x 26" for Art Gift Tissue Decoration (24 Colors)</p><p>$15.59 ($0.13 / Count)</p><a href="https://www.amazon.com/dp/B07QY9FQN2?tag=eloabder-20&linkCode=osi&th=1&psc=1">View Product</a></div><div class="product"><a href="https://www.amazon.com/dp/B0CWR5FKGQ?tag=eloabder-20&linkCode=osi&th=1&psc=1"><img src="https://m.media-amazon.com/images/I/31iRzSH4cbL._SL500_.jpg" alt="Product Image"></a><p>Hlonon 100 Sheets Colored Tissue Paper 12×20 Inch Tissue Paper Bulk Gift Wrapping for Gift Bags DIY Crafts Birthday Wedding Holidays Decor 10 Colors</p><p>$4.59</p><a href="https://www.amazon.com/dp/B0CWR5FKGQ?tag=eloabder-20&linkCode=osi&th=1&psc=1">View Product</a></div><div class="product"><a href="https://www.amazon.com/dp/B09RXR9SXB?tag=eloabder-20&linkCode=osi&th=1&psc=1"><img src="https://m.media-amazon.com/images/I/51xWE-5f2lL._SL500_.jpg" alt="Product Image"></a><p>120 Sheets Colored Tissue Paper for Gift Bags - 25 Assorted Colors Tissue Paper for Packaging Bulk Colored Tissue Paper for Gift Wrapping -Tissue Paper Bulk for Crafts Large 20 X 26 Sheets</p><p>$13.99 ($0.12 / Count)</p><a href="https://www.amazon.com/dp/B09RXR9SXB?tag=eloabder-20&linkCode=osi&th=1&psc=1">View Product</a></div><div class="product"><a href="https://www.amazon.com/dp/B0BWPNFLXM?tag=eloabder-20&linkCode=osi&th=1&psc=1"><img src="https://m.media-amazon.com/images/I/51KYkgeBLCL._SL500_.jpg" alt="Product Image"></a><p>Colored Tissue Paper for Gift Bags, Colored Tissue Paper for Crafts, Gift Wrapping Tissue Paper Bulk - 375 Sheets in 36 Assorted Colors (12 in x 8.4 in)</p><p>$12.99 ($0.03 / Count)</p><a href="https://www.amazon.com/dp/B0BWPNFLXM?tag=eloabder-20&linkCode=osi&th=1&psc=1">View Product</a></div><div class="product"><a href="https://www.amazon.com/dp/B0D1JYM64F?tag=eloabder-20&linkCode=osi&th=1&psc=1"><img src="https://m.media-amazon.com/images/I/41wvUKH9PbL._SL500_.jpg" alt="Product Image"></a><p>Phinus 6300 Pcs 1 Inch Tissue Paper Squares, Tissue Paper for Crafts, 42 Assorted Colored Tissue Paper, Colors Art Rainbow Tissue Paper Bulk for Crafts, Art Projects, Birthday Party</p><p>$5.99</p><a href="https://www.amazon.com/dp/B0D1JYM64F?tag=eloabder-20&linkCode=osi&th=1&psc=1">View Product</a></div>
<div class="product"><a href="https://www.amazon.com/dp/B085DP36VF?tag=eloabder-20&linkCode=osi&th=1&psc=1"><img src="https://m.media-amazon.com/images/I/516vaNkg0iL._SL500_.jpg" alt="Product Image"></a><p>Soucolor Art Brush Markers Pens for Adult Coloring Books, 34 Colors Numbered Dual Tip (Brush and Fine Point) Marker Pen for Kids Note taking Planner Lettering Calligraphy Drawing Preppy School Stuff</p><p>$9.99</p><a href="https://www.amazon.com/dp/B085DP36VF?tag=eloabder-20&linkCode=osi&th=1&psc=1">View Product</a></div><div class="product"><a href="https://www.amazon.com/dp/B075WQPKNK?tag=eloabder-20&linkCode=osi&th=1&psc=1"><img src="https://m.media-amazon.com/images/I/51EOXvmdwnL._SL500_.jpg" alt="Product Image"></a><p>Dual Brush Marker Pens for Coloring Books, Tanmit Fine Tip Coloring Marker & Brush Pen Set for Journaling Note Taking Writing Planning Art Project</p><p>$7.97</p><a href="https://www.amazon.com/dp/B075WQPKNK?tag=eloabder-20&linkCode=osi&th=1&psc=1">View Product</a></div>
<div class="product"><a href="https://www.amazon.com/dp/B0BWH7CWFW?tag=eloabder-20&linkCode=osi&th=1&psc=1"><img src="https://m.media-amazon.com/images/I/51jUg2AkDyL._SL500_.jpg" alt="Product Image"></a><p>AnyMark 60 Colors Alcohol Markers, Markers Set, Dual Tip Alcohol Based Art Markers for Kids Adults Coloring Drawing, Chisel & Fine</p><p>$19.99 ($0.33 / Count)</p><a href="https://www.amazon.com/dp/B0BWH7CWFW?tag=eloabder-20&linkCode=osi&th=1&psc=1">View Product</a></div><div class="product"><a href="https://www.amazon.com/dp/B07CJ8QXF8?tag=eloabder-20&linkCode=osi&th=1&psc=1"><img src="https://m.media-amazon.com/images/I/51bChi4-H4L._SL500_.jpg" alt="Product Image"></a><p>Dual Markers Brush Pens, 36 Fine Point Art Marker, Double Tip Colored Pen for Adult Coloring Hand Lettering, School Classroom Art Suppliers</p><p>$9.99</p><a href="https://www.amazon.com/dp/B07CJ8QXF8?tag=eloabder-20&linkCode=osi&th=1&psc=1">View Product</a></div><div class="product"><a href="https://www.amazon.com/dp/B0CMLFSJ32?tag=eloabder-20&linkCode=osi&th=1&psc=1"><img src="https://m.media-amazon.com/images/I/51tOlopoSsL._SL500_.jpg" alt="Product Image"></a><p>TOSHARE Double Brush Marker Pens, 72 Colors Art Markers Set with Fine Tip and Brush Tip for Kids Adult Coloring Book Hand Lettering Calligraphy Drawing Art Supplies Kit</p><p>$29.99</p><a href="https://www.amazon.com/dp/B0CMLFSJ32?tag=eloabder-20&linkCode=osi&th=1&psc=1">View Product</a></div><div class="product"><a href="https://www.amazon.com/dp/B0BYD5M7LQ?tag=eloabder-20&linkCode=osi&th=1&psc=1"><img src="https://m.media-amazon.com/images/I/51sfVuA2MJL._SL500_.jpg" alt="Product Image"></a><p>AnyMark 48 Colors Alcohol Markers, Markers Set, Dual Tip Alcohol Based Art Markers for Kids Adults Coloring Drawing, Chisel & Fine</p><p>$12.99 ($0.27 / Count)</p><a href="https://www.amazon.com/dp/B0BYD5M7LQ?tag=eloabder-20&linkCode=osi&th=1&psc=1">View Product</a></div><div class="product"><a href="https://www.amazon.com/dp/B078N2RFJ9?tag=eloabder-20&linkCode=osi&th=1&psc=1"><img src="https://m.media-amazon.com/images/I/415IZ1EQzEL._SL500_.jpg" alt="Product Image"></a><p>MemOffice 80 Colors Dual Tip Artist Alcohol Markers Set with Carrying Case - Perfect for Coloring, Drawing, Sketching, Card Making and Illustration - Perfect for Adults and Kids</p><p>$22.99</p><a href="https://www.amazon.com/dp/B078N2RFJ9?tag=eloabder-20&linkCode=osi&th=1&psc=1">View Product</a></div><div class="product"><a href="https://www.amazon.com/dp/B0891WKPN3?tag=eloabder-20&linkCode=osi&th=1&psc=1"><img src="https://m.media-amazon.com/images/I/51qPnBJt4QL._SL500_.jpg" alt="Product Image"></a><p>Caliart 34 Double Tip Brush Pens Art Markers, Aesthetic Cute Preppy Stuff School Supplies, Artist Fine & Brush Pen Coloring Markers for Kids Adult Book Cards Drawing Craft Kit Teacher Office Supplies</p><p>$9.99</p><a href="https://www.amazon.com/dp/B0891WKPN3?tag=eloabder-20&linkCode=osi&th=1&psc=1">View Product</a></div><div class="product"><a href="https://www.amazon.com/dp/B08GX1FXG5?tag=eloabder-20&linkCode=osi&th=1&psc=1"><img src="https://m.media-amazon.com/images/I/61VK97q6UUL._SL500_.jpg" alt="Product Image"></a><p>Mogyann Markers for Adult 100 Colors Dual Tip Pens with Fine and Brush Tip for Coloring and Calligraphy Drawing</p><p>$26.99</p><a href="https://www.amazon.com/dp/B08GX1FXG5?tag=eloabder-20&linkCode=osi&th=1&psc=1">View Product</a></div>
<div class="product"><a href="https://www.amazon.com/dp/B002LARR8A?tag=eloabder-20&linkCode=osi&th=1&psc=1"><img src="https://m.media-amazon.com/images/I/41G5vXNB91L._SL500_.jpg" alt="Product Image"></a><p>Prang (Formerly SunWorks) Construction Paper, 10 Assorted Colors, 12" x 18", 100 Sheets</p><p>$13.09</p><a href="https://www.amazon.com/dp/B002LARR8A?tag=eloabder-20&linkCode=osi&th=1&psc=1">View Product</a></div><div class="product"><a href="https://www.amazon.com/dp/B001AZ9S6G?tag=eloabder-20&linkCode=osi&th=1&psc=1"><img src="https://m.media-amazon.com/images/I/41kI6AxAEvL._SL500_.jpg" alt="Product Image"></a><p>Prang (Formerly SunWorks) Construction Paper, White, 12" x 18", 50 Sheets</p><p>$6.86</p><a href="https://www.amazon.com/dp/B001AZ9S6G?tag=eloabder-20&linkCode=osi&th=1&psc=1">View Product</a></div>

<div class="product"><a href="https://www.amazon.com/dp/B003JJIEKC?tag=eloabder-20&linkCode=osi&th=1&psc=1"><img src="https://m.media-amazon.com/images/I/51CnC6280iL._SL500_.jpg" alt="Product Image"></a><p>2 Rolls/Pack 7/32 Copper Foil (Copper Backed)</p><p>$24.21</p><a href="https://www.amazon.com/dp/B003JJIEKC?tag=eloabder-20&linkCode=osi&th=1&psc=1">View Product</a></div><div class="product"><a href="https://www.amazon.com/dp/B0CXXD14QS?tag=eloabder-20&linkCode=osi&th=1&psc=1"><img src="https://m.media-amazon.com/images/I/31MLEFbqdaL._SL500_.jpg" alt="Product Image"></a><p>YEZHET 7/32 Inch Black Backed Copper foil for Stained Glass (2Roll)</p><p>$16.99</p><a href="https://www.amazon.com/dp/B0CXXD14QS?tag=eloabder-20&linkCode=osi&th=1&psc=1">View Product</a></div><div class="product"><a href="https://www.amazon.com/dp/B00359QVPG?tag=eloabder-20&linkCode=osi&th=1&psc=1"><img src="https://m.media-amazon.com/images/I/41hRCFiP1dL._SL500_.jpg" alt="Product Image"></a><p>Edco 3/16 Black Backed Copper Foil</p><p>$14.75</p><a href="https://www.amazon.com/dp/B00359QVPG?tag=eloabder-20&linkCode=osi&th=1&psc=1">View Product</a></div><div class="product"><a href="https://www.amazon.com/dp/B004BNDZSG?tag=eloabder-20&linkCode=osi&th=1&psc=1"><img src="https://m.media-amazon.com/images/I/519NZ7L73gL._SL500_.jpg" alt="Product Image"></a><p>Studio Pro 1/4-Inch Black Lined Copper Foil</p><p>$10.90</p><a href="https://www.amazon.com/dp/B004BNDZSG?tag=eloabder-20&linkCode=osi&th=1&psc=1">View Product</a></div><div class="product"><a href="https://www.amazon.com/dp/B0C3Z37LZK?tag=eloabder-20&linkCode=osi&th=1&psc=1"><img src="https://m.media-amazon.com/images/I/41bhh73eatL._SL500_.jpg" alt="Product Image"></a><p>YEZHET Copper Foil Tape 2 Pack (7/32Inch) with Double-Sided Conductive, for Stained Glass, Electrical Repairs, DIY Handicrafts, Paper Circuits, Crafting</p><p>$7.99 ($0.53 / Foot)</p><a href="https://www.amazon.com/dp/B0C3Z37LZK?tag=eloabder-20&linkCode=osi&th=1&psc=1">View Product</a></div><div class="product"><a href="https://www.amazon.com/dp/B00WVKO1LG?tag=eloabder-20&linkCode=osi&th=1&psc=1"><img src="https://m.media-amazon.com/images/I/31J15yH0QGL._SL500_.jpg" alt="Product Image"></a><p>K&S 6020 Metallic Copper Crafting Foil, 0.005" Thick x 12" Width x 30" Long, 1 Piece, Made in The USA</p><p>$14.89</p><a href="https://www.amazon.com/dp/B00WVKO1LG?tag=eloabder-20&linkCode=osi&th=1&psc=1">View Product</a></div>
<div class="product"><a href="https://www.amazon.com/dp/B08YJBQ7WZ?tag=eloabder-20&linkCode=osi&th=1&psc=1"><img src="https://m.media-amazon.com/images/I/51MPyR+wDWL._SL500_.jpg" alt="Product Image"></a><p>45 Color Options Macrame Cord 2mm/3mm/4mm/5mm/6mmx109 Yards Cotton Cord, 4 Ply Twisted Yarn, Natural Perfect Supplies DIY Crafts (Natural White)</p><p>$4.98 ($0.02 / Foot)</p><a href="https://www.amazon.com/dp/B08YJBQ7WZ?tag=eloabder-20&linkCode=osi&th=1&psc=1">View Product</a></div><div class="product"><a href="https://www.amazon.com/dp/B07ZGD2G6B?tag=eloabder-20&linkCode=osi&th=1&psc=1"><img src="https://m.media-amazon.com/images/I/51pexzF494L._SL500_.jpg" alt="Product Image"></a><p>Tenn Well Leather String, 100 Yards 2.6mm Flat Suede Cord, Faux Leather Cord for Jewelry Making, Necklaces, Bracelets, Dream Catchers and DIY Crafts (Brown)</p><p>$9.99 ($0.03 / Foot)</p><a href="https://www.amazon.com/dp/B07ZGD2G6B?tag=eloabder-20&linkCode=osi&th=1&psc=1">View Product</a></div><div class="product"><a href="https://www.amazon.com/dp/B0CQF1LC2R?tag=eloabder-20&linkCode=osi&th=1&psc=1"><img src="https://m.media-amazon.com/images/I/51O0PgsjtpL._SL500_.jpg" alt="Product Image"></a><p>Anezus Rainbow Color Nylon Cord, Nylon Craft String, Silky Satin Rattail Cord Beading String for Braided Bracelets, Pendants Necklace, Macrame Keychains, Lanyards, Drawstring Bags, DIY Crafts, Sewing</p><p>$6.99 ($0.02 / Foot)</p><a href="https://www.amazon.com/dp/B0CQF1LC2R?tag=eloabder-20&linkCode=osi&th=1&psc=1">View Product</a></div><div class="product"><a href="https://www.amazon.com/dp/B0B7J9BZSN?tag=eloabder-20&linkCode=osi&th=1&psc=1"><img src="https://m.media-amazon.com/images/I/41Orf+Dg9FL._SL500_.jpg" alt="Product Image"></a><p>2 mm 330 Feet Satin Nylon Cord String for Jewelry Making Bracelet Necklaces Beading Thread Rattail Macrame Kumihimo Chinese Knot Craft</p><p>$7.99 ($0.02 / Foot)</p><a href="https://www.amazon.com/dp/B0B7J9BZSN?tag=eloabder-20&linkCode=osi&th=1&psc=1">View Product</a></div><div class="product"><a href="https://www.amazon.com/dp/B08PZ2VDPM?tag=eloabder-20&linkCode=osi&th=1&psc=1"><img src="https://m.media-amazon.com/images/I/51DQgq3cfXL._SL500_.jpg" alt="Product Image"></a><p>Tenn Well Nylon Satin Cord, 295 Feet 2mm Black Nylon String for Jewelry Making, Silky Rattail Cord for Bracelets, Necklaces, Macrame Keychains, Lanyards, Beading</p><p>$7.99 ($0.03 / Foot)</p><a href="https://www.amazon.com/dp/B08PZ2VDPM?tag=eloabder-20&linkCode=osi&th=1&psc=1">View Product</a></div><div class="product"><a href="https://www.amazon.com/dp/B07TW9PGGB?tag=eloabder-20&linkCode=osi&th=1&psc=1"><img src="https://m.media-amazon.com/images/I/41C73YuzTWL._SL500_.jpg" alt="Product Image"></a><p>Macrame Cord,3mm x109 Yards 100% Natural Macrame Cords Colored Cotton Macrame Rope Craft Cord for DIY Crafts Knitting Plant Hangers Christmas Wedding Decor(Natural Color/Beige)</p><p>$4.98 ($0.02 / Foot)</p><a href="https://www.amazon.com/dp/B07TW9PGGB?tag=eloabder-20&linkCode=osi&th=1&psc=1">View Product</a></div><div class="product"><a href="https://www.amazon.com/dp/B0CS27R34B?tag=eloabder-20&linkCode=osi&th=1&psc=1"><img src="https://m.media-amazon.com/images/I/31hxjVrOTnL._SL500_.jpg" alt="Product Image"></a><p>2 mm x 330 Feet Satin Nylon Cord, Silky Smooth Nylon String for Jewelry Making Bracelet Necklaces Beading Thread Rattail Macrame Kumihimo Chinese Knot Craft</p><p>$7.99 ($0.02 / Foot)</p><a href="https://www.amazon.com/dp/B0CS27R34B?tag=eloabder-20&linkCode=osi&th=1&psc=1">View Product</a></div><div class="product"><a href="https://www.amazon.com/dp/B07GX8B3PC?tag=eloabder-20&linkCode=osi&th=1&psc=1"><img src="https://m.media-amazon.com/images/I/416oClGC4ZL._SL500_.jpg" alt="Product Image"></a><p>Tenn Well 5mm Macrame Cord, 165Feet Braided Cotton Rope Thick Craft Twine for Macrame Plant Hangers, Wall Hangings, Drawstrings, Clothes Lines, DIY Crafts (Beige)</p><p>$8.99 ($0.05 / Foot)</p><a href="https://www.amazon.com/dp/B07GX8B3PC?tag=eloabder-20&linkCode=osi&th=1&psc=1">View Product</a></div>
<div class="product"><a href="https://www.amazon.com/dp/B08LV18F93?tag=eloabder-20&linkCode=osi&th=1&psc=1"><img src="https://m.media-amazon.com/images/I/51XMGht9fSL._SL500_.jpg" alt="Product Image"></a><p>uxcell 20pcs Corrugated Cardboard Paper Sheets,Colorful,7.87-inch x 11.82-inch,for Craft and DIY Projects</p><p>$12.49 ($0.62 / Count)</p><a href="https://www.amazon.com/dp/B08LV18F93?tag=eloabder-20&linkCode=osi&th=1&psc=1">View Product</a></div><div class="product"><a href="https://www.amazon.com/dp/B009MRH3R0?tag=eloabder-20&linkCode=osi&th=1&psc=1"><img src="https://m.media-amazon.com/images/I/51KvHbQ47aL._SL500_.jpg" alt="Product Image"></a><p>Hygloss Corrugated Cardboard Sheets, 8-Pack, 8 Pieces</p><p>$10.13 ($1.27 / Count)</p><a href="https://www.amazon.com/dp/B009MRH3R0?tag=eloabder-20&linkCode=osi&th=1&psc=1">View Product</a></div><div class="product"><a href="https://www.amazon.com/dp/B08LV1DHM7?tag=eloabder-20&linkCode=osi&th=1&psc=1"><img src="https://m.media-amazon.com/images/I/41CqXQkVMyL._SL500_.jpg" alt="Product Image"></a><p>uxcell 10pcs Corrugated Cardboard Paper Sheets,Black,7.87-inch x 11.84-inch,for Craft and DIY Projects</p><p>$8.09 ($0.81 / Count)</p><a href="https://www.amazon.com/dp/B08LV1DHM7?tag=eloabder-20&linkCode=osi&th=1&psc=1">View Product</a></div><div class="product"><a href="https://www.amazon.com/dp/B07RNHX8GZ?tag=eloabder-20&linkCode=osi&th=1&psc=1"><img src="https://m.media-amazon.com/images/I/51LdlT0J20L._SL500_.jpg" alt="Product Image"></a><p>Bright Creations Corrugated Cardboard Paper Sheets (8.5 x 11 in, Black, 48-Pack)</p><p>$16.99 ($0.35 / Count)</p><a href="https://www.amazon.com/dp/B07RNHX8GZ?tag=eloabder-20&linkCode=osi&th=1&psc=1">View Product</a></div><div class="product"><a href="https://www.amazon.com/dp/B07GZHK7KC?tag=eloabder-20&linkCode=osi&th=1&psc=1"><img src="https://m.media-amazon.com/images/I/51LbINh9qtL._SL500_.jpg" alt="Product Image"></a><p>64 Pack Colored Corrugated Cardboard Sheets for Crafts, Art Projects, DIY Signs, 8 Bright Colors (8.3 x 11.8 in)</p><p>$19.99 ($0.31 / Count)</p><a href="https://www.amazon.com/dp/B07GZHK7KC?tag=eloabder-20&linkCode=osi&th=1&psc=1">View Product</a></div><div class="product"><a href="https://www.amazon.com/dp/B08LV1FW8M?tag=eloabder-20&linkCode=osi&th=1&psc=1"><img src="https://m.media-amazon.com/images/I/41glvw8zT3L._SL500_.jpg" alt="Product Image"></a><p>uxcell 10pcs Corrugated Cardboard Paper Sheets,White,7.87-inch x 11.86-inch,for Craft and DIY Projects</p><p>$9.49 ($0.95 / Count)</p><a href="https://www.amazon.com/dp/B08LV1FW8M?tag=eloabder-20&linkCode=osi&th=1&psc=1">View Product</a></div><div class="product"><a href="https://www.amazon.com/dp/B071KP3K72?tag=eloabder-20&linkCode=osi&th=1&psc=1"><img src="https://m.media-amazon.com/images/I/41Dr9t+PB8L._SL500_.jpg" alt="Product Image"></a><p>Corobuff Corrugated Paper, Brite Blue, 48" x 25', 1 Roll</p><p>$38.52</p><a href="https://www.amazon.com/dp/B071KP3K72?tag=eloabder-20&linkCode=osi&th=1&psc=1">View Product</a></div><div class="product"><a href="https://www.amazon.com/dp/B09TB1LKLG?tag=eloabder-20&linkCode=osi&th=1&psc=1"><img src="https://m.media-amazon.com/images/I/31ttSeubU9L._SL500_.jpg" alt="Product Image"></a><p>MECCANIXITY Corrugated Paper Sheets 25pcs 11.8-inch x 7.87-inch White Cardboard for DIY Craft</p><p>$13.99</p><a href="https://www.amazon.com/dp/B09TB1LKLG?tag=eloabder-20&linkCode=osi&th=1&psc=1">View Product</a></div><div class="product"><a href="https://www.amazon.com/dp/B0C372CGHG?tag=eloabder-20&linkCode=osi&th=1&psc=1"><img src="https://m.media-amazon.com/images/I/41EDnL7EWDL._SL500_.jpg" alt="Product Image"></a><p>DMiotech 5 Pack 7.87x11.81 Inch Corrugated Cardboard Paper Sheets DIY Projects Black for Box Making, Cards, Scrapbooks</p><p>$6.99 ($1.40 / Count)</p><a href="https://www.amazon.com/dp/B0C372CGHG?tag=eloabder-20&linkCode=osi&th=1&psc=1">View Product</a></div>
<div class="product"><a href="https://www.amazon.com/dp/B08PBJSDSH?tag=eloabder-20&linkCode=osi&th=1&psc=1"><img src="https://m.media-amazon.com/images/I/41pj8xbkfyL._SL500_.jpg" alt="Product Image"></a><p>100 Pieces Cotton Spun Paper Balls White Natural Spun Cotton Paper Balls Coloring Paper Balls for Making Paper Flowers DIY Crafts Decorations</p><p>$9.49</p><a href="https://www.amazon.com/dp/B08PBJSDSH?tag=eloabder-20&linkCode=osi&th=1&psc=1">View Product</a></div><div class="product"><a href="https://www.amazon.com/dp/B083W75XRT?tag=eloabder-20&linkCode=osi&th=1&psc=1"><img src="https://m.media-amazon.com/images/I/41C8TlFRJvL._SL500_.jpg" alt="Product Image"></a><p>Lia Griffith Cotton Spun Paper Balls, White, 20mm, 24 Count</p><p>$11.30 ($0.47 / Count)</p><a href="https://www.amazon.com/dp/B083W75XRT?tag=eloabder-20&linkCode=osi&th=1&psc=1">View Product</a></div>
<div class="product"><a href="https://www.amazon.com/dp/B0B1J8TYT1?tag=eloabder-20&linkCode=osi&th=1&psc=1"><img src="https://m.media-amazon.com/images/I/41NdyrANVlL._SL500_.jpg" alt="Product Image"></a><p>HOTGODEN Medium Weight 100% Cotton Muslin Fabric: 63 inch x 2,5,10 Yards Unbleached Muslin Linen Fabric Material for Sewing Material Apparel Cloth</p><p>$12.99</p><a href="https://www.amazon.com/dp/B0B1J8TYT1?tag=eloabder-20&linkCode=osi&th=1&psc=1">View Product</a></div><div class="product"><a href="https://www.amazon.com/dp/B0B9HHD1QM?tag=eloabder-20&linkCode=osi&th=1&psc=1"><img src="https://m.media-amazon.com/images/I/313O1FHX2vL._SL500_.jpg" alt="Product Image"></a><p>Craftido-19 Options-100% Cotton Fabric by The yard in Solid Color 44”Wide by 3yd (9 ft) -Medium Weight 5.2 oz- for Quilting, Sewing, Crafts, Binding, Backing and Lining - White</p><p>$22.99</p><a href="https://www.amazon.com/dp/B0B9HHD1QM?tag=eloabder-20&linkCode=osi&th=1&psc=1">View Product</a></div><div class="product"><a href="https://www.amazon.com/dp/B0BHVMLTWV?tag=eloabder-20&linkCode=osi&th=1&psc=1"><img src="https://m.media-amazon.com/images/I/21vOg9h0nXL._SL500_.jpg" alt="Product Image"></a><p>HOTGODEN Light Weight 100% Cotton Muslin Fabric: 63 inch x 2,5,10 Yards Unbleached Muslin Linen Fabric Material for Sewing Material Apparel Cloth</p><p>$12.99</p><a href="https://www.amazon.com/dp/B0BHVMLTWV?tag=eloabder-20&linkCode=osi&th=1&psc=1">View Product</a></div><div class="product"><a href="https://www.amazon.com/dp/B093BQ3GMM?tag=eloabder-20&linkCode=osi&th=1&psc=1"><img src="https://m.media-amazon.com/images/I/61UmpTb+DVS._SL500_.jpg" alt="Product Image"></a><p>42Pcs 10"x10" Quilting Cotton Fabric Squares Sheets Pre-Cut Multi-Color Design Printed Floral Craft Fabric for DIY Sewing Scrapbooking Quilting Craft Patchwork (Red/Pink/Yellow/Green/Blue/Purple)</p><p>$12.88</p><a href="https://www.amazon.com/dp/B093BQ3GMM?tag=eloabder-20&linkCode=osi&th=1&psc=1">View Product</a></div><div class="product"><a href="https://www.amazon.com/dp/B08DTBZTFC?tag=eloabder-20&linkCode=osi&th=1&psc=1"><img src="https://m.media-amazon.com/images/I/41NKhg34TpL._SL500_.jpg" alt="Product Image"></a><p>Master FAB -Black 100% Cotton Fabric by The Yard for Sewing DIY Crafting Fashion Design Washable Cloth Bundles Voile;Full Width cuttable39 x 55inches (100x140cm) (Black Solid)</p><p>$9.99</p><a href="https://www.amazon.com/dp/B08DTBZTFC?tag=eloabder-20&linkCode=osi&th=1&psc=1">View Product</a></div>
<div class="product"><a href="https://www.amazon.com/dp/B08TZZ7F3P?tag=eloabder-20&linkCode=osi&th=1&psc=1"><img src="https://m.media-amazon.com/images/I/41J8e8Zfz1S._SL500_.jpg" alt="Product Image"></a><p>Hdviai Macrame Cord - Natural Unbleached Macrame Rope - 4 Strand Twisted Cotton Rope for Wall Hanging，DIY Craft Making，Plant Hangers，Knotting Decorative Projects (White, 8mm x 20 Yards)</p><p>$9.99 ($0.17 / Foot)</p><a href="https://www.amazon.com/dp/B08TZZ7F3P?tag=eloabder-20&linkCode=osi&th=1&psc=1">View Product</a></div><div class="product"><a href="https://www.amazon.com/dp/B094Y2M3G5?tag=eloabder-20&linkCode=osi&th=1&psc=1"><img src="https://m.media-amazon.com/images/I/51C-4p5OSsS._SL500_.jpg" alt="Product Image"></a><p>SEMINI 100% Natural Cotton Cord,5mm x40 Yard Mixed Color Twine String Cord Colored Cotton Rope Craft Cord for DIY Crafts Knitting Plant Hangers Christmas Wedding Decorate (Mix Color)</p><p>$12.99</p><a href="https://www.amazon.com/dp/B094Y2M3G5?tag=eloabder-20&linkCode=osi&th=1&psc=1">View Product</a></div><div class="product"><a href="https://www.amazon.com/dp/B07NTT82FH?tag=eloabder-20&linkCode=osi&th=1&psc=1"><img src="https://m.media-amazon.com/images/I/41aw9F3nkmL._SL500_.jpg" alt="Product Image"></a><p>Feelmate 6mm x 164 Feet Cotton Rope Macrame Cord for Crafts Jewelry Making Home Decoration Gift Wrapping</p><p>$14.99 ($0.09 / Foot)</p><a href="https://www.amazon.com/dp/B07NTT82FH?tag=eloabder-20&linkCode=osi&th=1&psc=1">View Product</a></div><div class="product"><a href="https://www.amazon.com/dp/B09KRYCT3B?tag=eloabder-20&linkCode=osi&th=1&psc=1"><img src="https://m.media-amazon.com/images/I/41H918apC-L._SL500_.jpg" alt="Product Image"></a><p>Natural Cotton Rope, JEUIHAU 328 Feet 1/4 Inch Cotton Clothesline Rope, All-Purpose Braided Cotton Rope Utility Cord for Clothes Hanging, Crafting, Macrame, Basket Making, and DIY Art Projects</p><p>$25.99 ($0.08 / Foot)</p><a href="https://www.amazon.com/dp/B09KRYCT3B?tag=eloabder-20&linkCode=osi&th=1&psc=1">View Product</a></div>
<div class="product"><a href="https://www.amazon.com/dp/B07RRD6TBN?tag=eloabder-20&linkCode=osi&th=1&psc=1"><img src="https://m.media-amazon.com/images/I/31YqtfxjDuL._SL500_.jpg" alt="Product Image"></a><p>Connecting Threads 100% Cotton Thread - 1200 Yard Spool (White)</p><p>$8.99</p><a href="https://www.amazon.com/dp/B07RRD6TBN?tag=eloabder-20&linkCode=osi&th=1&psc=1">View Product</a></div><div class="product"><a href="https://www.amazon.com/dp/B07G4N3HCZ?tag=eloabder-20&linkCode=osi&th=1&psc=1"><img src="https://m.media-amazon.com/images/I/413UnNketKL._SL500_.jpg" alt="Product Image"></a><p>2-Pack - Gutermann Natural Cotton Thread Solids 876 Yards Each - White (800C 5709)</p><p>$16.17 ($8.08 / Count)</p><a href="https://www.amazon.com/dp/B07G4N3HCZ?tag=eloabder-20&linkCode=osi&th=1&psc=1">View Product</a></div><div class="product"><a href="https://www.amazon.com/dp/B07RSFSYLY?tag=eloabder-20&linkCode=osi&th=1&psc=1"><img src="https://m.media-amazon.com/images/I/31dM1Mx2uIL._SL500_.jpg" alt="Product Image"></a><p>Connecting Threads 100% Cotton Essential Thread 5000 Yard Cone (White)</p><p>$16.99</p><a href="https://www.amazon.com/dp/B07RSFSYLY?tag=eloabder-20&linkCode=osi&th=1&psc=1">View Product</a></div><div class="product"><a href="https://www.amazon.com/dp/B074H1JTPK?tag=eloabder-20&linkCode=osi&th=1&psc=1"><img src="https://m.media-amazon.com/images/I/41tOL4rkfFL._SL500_.jpg" alt="Product Image"></a><p>Simthread 12 Multi Colors 100% Cotton Sewing Thread 50s/3 Thread for Quilting etc - 550 Yards Each 12C02</p><p>$21.99 ($0.00 / Foot)</p><a href="https://www.amazon.com/dp/B074H1JTPK?tag=eloabder-20&linkCode=osi&th=1&psc=1">View Product</a></div><div class="product"><a href="https://www.amazon.com/dp/B07RPCNYXW?tag=eloabder-20&linkCode=osi&th=1&psc=1"><img src="https://m.media-amazon.com/images/I/41iUqMPb-gL._SL500_.jpg" alt="Product Image"></a><p>Connecting Threads 100% Cotton Thread - 1200 Yard Spool (Red)</p><p>$8.99</p><a href="https://www.amazon.com/dp/B07RPCNYXW?tag=eloabder-20&linkCode=osi&th=1&psc=1">View Product</a></div>
<div class="product"><a href="https://www.amazon.com/dp/B09SL5LT8W?tag=eloabder-20&linkCode=osi&th=1&psc=1"><img src="https://m.media-amazon.com/images/I/512Dhz0oTrL._SL500_.jpg" alt="Product Image"></a><p>B-7000 Glue Clear for Rhinestone Crafts, Jewelry and Bead Adhesive B7000 Semi Fluid High Viscosity Glues for Clothes Shoes Fabric Cell Phones Screen Repair Metal Stone Nail Art Glass (4x15 ml/0.5 oz)</p><p>$5.45</p><a href="https://www.amazon.com/dp/B09SL5LT8W?tag=eloabder-20&linkCode=osi&th=1&psc=1">View Product</a></div><div class="product"><a href="https://www.amazon.com/dp/B00178KLEY?tag=eloabder-20&linkCode=osi&th=1&psc=1"><img src="https://m.media-amazon.com/images/I/31wcgL5xRkL._SL500_.jpg" alt="Product Image"></a><p>Aleene's All Purpose Tacky Glue, 8-Ounce</p><p>$2.44 ($0.30 / Fl Oz)</p><a href="https://www.amazon.com/dp/B00178KLEY?tag=eloabder-20&linkCode=osi&th=1&psc=1">View Product</a></div><div class="product"><a href="https://www.amazon.com/dp/B088NN5GD8?tag=eloabder-20&linkCode=osi&th=1&psc=1"><img src="https://m.media-amazon.com/images/I/417dgxV3dfL._SL500_.jpg" alt="Product Image"></a><p>Bearly Art Precision Craft Glue - The Mini - 2fl oz with Tip Kit - Acid Free Archival - Strong Hold Adhesive - Ideal for Fine Paper Crafting Scrapbooking and Card Making - Made in USA</p><p>$12.99</p><a href="https://www.amazon.com/dp/B088NN5GD8?tag=eloabder-20&linkCode=osi&th=1&psc=1">View Product</a></div><div class="product"><a href="https://www.amazon.com/dp/B000BY6THS?tag=eloabder-20&linkCode=osi&th=1&psc=1"><img src="https://m.media-amazon.com/images/I/41WhjtET6sL._SL500_.jpg" alt="Product Image"></a><p>Aleene's Clear Gel Tacky Glue 4oz</p><p>$2.33</p><a href="https://www.amazon.com/dp/B000BY6THS?tag=eloabder-20&linkCode=osi&th=1&psc=1">View Product</a></div><div class="product"><a href="https://www.amazon.com/dp/B00KD6ZHA4?tag=eloabder-20&linkCode=osi&th=1&psc=1"><img src="https://m.media-amazon.com/images/I/31oecXt0Q+L._SL500_.jpg" alt="Product Image"></a><p>Aleene's Gel Glue, 8-Ounce, Clear</p><p>$4.44 ($0.56 / Fl Oz)</p><a href="https://www.amazon.com/dp/B00KD6ZHA4?tag=eloabder-20&linkCode=osi&th=1&psc=1">View Product</a></div><div class="product"><a href="https://www.amazon.com/dp/B07Y6RWHP1?tag=eloabder-20&linkCode=osi&th=1&psc=1"><img src="https://m.media-amazon.com/images/I/41B6C8VaOWL._SL500_.jpg" alt="Product Image"></a><p>Bearly Art Precision Craft Glue - The Original - 4fl oz - Tip Kit Included - Dries Clear - Metal Tip - Wrinkle Resistant - Flexible and Crack Resistant - Strong Hold Adhesive - Made in USA</p><p>$19.99 ($5.00 / Fl Oz)</p><a href="https://www.amazon.com/dp/B07Y6RWHP1?tag=eloabder-20&linkCode=osi&th=1&psc=1">View Product</a></div><div class="product"><a href="https://www.amazon.com/dp/B0D1BYTYWD?tag=eloabder-20&linkCode=osi&th=1&psc=1"><img src="https://m.media-amazon.com/images/I/41P6pr3DnTL._SL500_.jpg" alt="Product Image"></a><p>Joez Wonderful 6 Sheets Foam Adhesive Squares, 990pcs Total Double Sided Self Adhesive Dots, Precut Squares Strips Foam Tape for DIY Arts & Crafts, 2 Sizes (0.47in/12mm, 0.24in/6mm)</p><p>$5.59</p><a href="https://www.amazon.com/dp/B0D1BYTYWD?tag=eloabder-20&linkCode=osi&th=1&psc=1">View Product</a></div><div class="product"><a href="https://www.amazon.com/dp/B001683NAO?tag=eloabder-20&linkCode=osi&th=1&psc=1"><img src="https://m.media-amazon.com/images/I/31cwr-m138L._SL500_.jpg" alt="Product Image"></a><p>BEACON 3-in-1 Advanced Craft Glue - Fast-Drying, Crystal Clear Adhesive for Wood, Ceramics, Fabrics, and More, 4-Ounce</p><p>$8.99 ($2.25 / Fl Oz)</p><a href="https://www.amazon.com/dp/B001683NAO?tag=eloabder-20&linkCode=osi&th=1&psc=1">View Product</a></div><div class="product"><a href="https://www.amazon.com/dp/B0C5CB2KCT?tag=eloabder-20&linkCode=osi&th=1&psc=1"><img src="https://m.media-amazon.com/images/I/51GvFpuq9BL._SL500_.jpg" alt="Product Image"></a><p>B-7000 Craft Glue for Jewelry Making - 15ml/0.5oz (2 Pack) - Multi-Function B-7000 Super Adhesive Glues Liquid Fusion Glue for Rhinestones Crafts, Clothes Shoes, Fabric, Jewelry Making, Cell Phones</p><p>$5.99</p><a href="https://www.amazon.com/dp/B0C5CB2KCT?tag=eloabder-20&linkCode=osi&th=1&psc=1">View Product</a></div><div class="product"><a href="https://www.amazon.com/dp/B0011N832C?tag=eloabder-20&linkCode=osi&th=1&psc=1"><img src="https://m.media-amazon.com/images/I/41VYA3-u1QL._SL500_.jpg" alt="Product Image"></a><p>Glue Dots, Craft Dots, Double-Sided, 1/2", .5 Inch, 200 Dots, DIY Craft Glue Tape, Sticky Adhesive Glue Points, Liquid Hot Glue Alternative, Clear</p><p>$4.88 ($0.02 / Count)</p><a href="https://www.amazon.com/dp/B0011N832C?tag=eloabder-20&linkCode=osi&th=1&psc=1">View Product</a></div>
<div class="product"><a href="https://www.amazon.com/dp/B07V3HLBVF?tag=eloabder-20&linkCode=osi&th=1&psc=1"><img src="https://m.media-amazon.com/images/I/41siDRjPEoL._SL500_.jpg" alt="Product Image"></a><p>bagmad 100 Pack 8x4.75x10 inch Plain Medium Paper Bags with Handles Bulk, Brown Kraft Bags, Craft Gift Bags, Grocery Shopping Retail Bags, Birthday Party Favors Wedding Bags Sacks (Brown, 100pcs)</p><p>$26.46 ($0.26 / Count)</p><a href="https://www.amazon.com/dp/B07V3HLBVF?tag=eloabder-20&linkCode=osi&th=1&psc=1">View Product</a></div><div class="product"><a href="https://www.amazon.com/dp/B07MLM81VG?tag=eloabder-20&linkCode=osi&th=1&psc=1"><img src="https://m.media-amazon.com/images/I/31j9z9qZ3mL._SL500_.jpg" alt="Product Image"></a><p>Qutuus Kraft Paper Bags with Handles Bulk 8x4.5x10 100 pcs Brown Paper Gift Bags Bulk Medium Size Kraft Bags, Brown Bags, Shopping Bags, Retail Bags, Craft Bags for Small Business</p><p>$25.99</p><a href="https://www.amazon.com/dp/B07MLM81VG?tag=eloabder-20&linkCode=osi&th=1&psc=1">View Product</a></div><div class="product"><a href="https://www.amazon.com/dp/B0CJ8PHN2Z?tag=eloabder-20&linkCode=osi&th=1&psc=1"><img src="https://m.media-amazon.com/images/I/41e7VEiBNIL._SL500_.jpg" alt="Product Image"></a><p>100 Pack 5.8x3.2x8.25 Inch Brown Kraft Paper Gift Bags with Handles - Bulk Small Plain Natural Bags for Birthday Party Favors, Grocery, Retail Shopping, Wedding, Craft, Goody, Takeouts, and Business</p><p>$18.99</p><a href="https://www.amazon.com/dp/B0CJ8PHN2Z?tag=eloabder-20&linkCode=osi&th=1&psc=1">View Product</a></div><div class="product"><a href="https://www.amazon.com/dp/B0BWMY43TD?tag=eloabder-20&linkCode=osi&th=1&psc=1"><img src="https://m.media-amazon.com/images/I/41FVul0hWRL._SL500_.jpg" alt="Product Image"></a><p>Brothersbox Brown Paper Bags with Handles Bulk 100PCS Kraft Paper Bags, 8 * 4.76 * 10 Inch Medium Craft Paper Gift Bags for Birthday Party Grocery Retail Shopping Business</p><p>$24.99</p><a href="https://www.amazon.com/dp/B0BWMY43TD?tag=eloabder-20&linkCode=osi&th=1&psc=1">View Product</a></div><div class="product"><a href="https://www.amazon.com/dp/B0C13GRG4D?tag=eloabder-20&linkCode=osi&th=1&psc=1"><img src="https://m.media-amazon.com/images/I/41L33B24HtL._SL500_.jpg" alt="Product Image"></a><p>Toovip 90 Pack Plain Brown Kraft Paper Bags with Handles Bulk, Multiple 3 Assorted Sizes Gift Bags for Favors Grocery Retail Party Birthday Shopping Business Goody Craft Merchandise Take Out Sacks</p><p>$26.99 ($0.30 / Count)</p><a href="https://www.amazon.com/dp/B0C13GRG4D?tag=eloabder-20&linkCode=osi&th=1&psc=1">View Product</a></div><div class="product"><a href="https://www.amazon.com/dp/B09Z2N3QKT?tag=eloabder-20&linkCode=osi&th=1&psc=1"><img src="https://m.media-amazon.com/images/I/416VQ3Ke3PL._SL500_.jpg" alt="Product Image"></a><p>Moretoes 40pcs Brown Paper Bags with Handles Assorted Size Gift Bags, Kraft Paper Bags, Paper Shopping Bags, Craft Bags, Merchandise Bags</p><p>$20.99</p><a href="https://www.amazon.com/dp/B09Z2N3QKT?tag=eloabder-20&linkCode=osi&th=1&psc=1">View Product</a></div><div class="product"><a href="https://www.amazon.com/dp/B0CHMTKBWS?tag=eloabder-20&linkCode=osi&th=1&psc=1"><img src="https://m.media-amazon.com/images/I/31QBYQW7LOL._SL500_.jpg" alt="Product Image"></a><p>Oikss 100 Pack 10x5x13 Plain Natural Brown Kraft Paper Bags with Handles Bulk for Birthday Party Favors Grocery Retail Shopping Business Goody Recycled Craft Gift Bags (Large Size, 100 Count)</p><p>$30.99</p><a href="https://www.amazon.com/dp/B0CHMTKBWS?tag=eloabder-20&linkCode=osi&th=1&psc=1">View Product</a></div><div class="product"><a href="https://www.amazon.com/dp/B0CRD6RXP3?tag=eloabder-20&linkCode=osi&th=1&psc=1"><img src="https://m.media-amazon.com/images/I/51lEnA2mgNL._SL500_.jpg" alt="Product Image"></a><p>XPCARE 100Pack Brown Paper Bags 8x4.5x10 Inch, Plain Medium Paper Bags with Handles Bulk, Kraft Paper Gift Bags, Retail Bags, Party Bags, Shopping Bags, Favor Bags</p><p>$19.99</p><a href="https://www.amazon.com/dp/B0CRD6RXP3?tag=eloabder-20&linkCode=osi&th=1&psc=1">View Product</a></div><div class="product"><a href="https://www.amazon.com/dp/B07V3J3Y5V?tag=eloabder-20&linkCode=osi&th=1&psc=1"><img src="https://m.media-amazon.com/images/I/41wn1f3QStL._SL500_.jpg" alt="Product Image"></a><p>bagmad 100 Pack 5.25x3.25x8 inch Brown Small Paper Bags with Handles Bulk, Gift Paper Bags, Kraft Birthday Party Favors Grocery Retail Shopping Craft Bags Takeouts Business (Plain Natural 100pcs)</p><p>$20.99 ($0.21 / Count)</p><a href="https://www.amazon.com/dp/B07V3J3Y5V?tag=eloabder-20&linkCode=osi&th=1&psc=1">View Product</a></div><div class="product"><a href="https://www.amazon.com/dp/B09HBN5248?tag=eloabder-20&linkCode=osi&th=1&psc=1"><img src="https://m.media-amazon.com/images/I/41iWymlepRL._SL500_.jpg" alt="Product Image"></a><p>Oikss 100 Pack 5.25x3.25x8.25 Inch Small Plain Natural Paper Kraft Gift Bags with Handles Bulk for Birthday Party Favors Grocery Retail Shopping Business Goody Craft Bags Cub (Brown 100 Count)</p><p>$20.99 ($0.21 / Count)</p><a href="https://www.amazon.com/dp/B09HBN5248?tag=eloabder-20&linkCode=osi&th=1&psc=1">View Product</a></div>
<div class="product"><a href="https://www.amazon.com/dp/B09C1YL7RQ?tag=eloabder-20&linkCode=osi&th=1&psc=1"><img src="https://m.media-amazon.com/images/I/615lFU8obCL._SL500_.jpg" alt="Product Image"></a><p>1000+ pcs Pony Beads, Multi-Colored Bracelet Beads for Hair Braids, Crafts, Plastic Beads (Medium Pack, Classic)…</p><p>$6.99 ($0.01 / Count)</p><a href="https://www.amazon.com/dp/B09C1YL7RQ?tag=eloabder-20&linkCode=osi&th=1&psc=1">View Product</a></div>
<div class="product"><a href="https://www.amazon.com/dp/B0C1RC5Y7F?tag=eloabder-20&linkCode=osi&th=1&psc=1"><img src="https://m.media-amazon.com/images/I/41Sf-YEnE+L._SL500_.jpg" alt="Product Image"></a><p>PerkHomy Brown Kraft Paper Roll 17.5" x 1,200" (100') for Gift Wrapping Bulletin Board Kids Craft Art Bouquet Flower Packing Moving Shipping Floor Covering Table 70GSM 50LB (Brown, 17.5" x 100')</p><p>$5.98</p><a href="https://www.amazon.com/dp/B0C1RC5Y7F?tag=eloabder-20&linkCode=osi&th=1&psc=1">View Product</a></div>
<div class="product"><a href="https://www.amazon.com/dp/B0044SA67G?tag=eloabder-20&linkCode=osi&th=1&psc=1"><img src="https://m.media-amazon.com/images/I/51UEqn6-w3L._SL500_.jpg" alt="Product Image"></a><p>Hygloss Products - 77640 Colorful Blank Books – Books for Journaling, Sketching, Writing & More – Great for Arts & Crafts - 10 Assorted Bright, Fun Colors - Pocket-Size - 4.25 x 5.5 Inches - 10 Pack</p><p>$8.18 ($0.82 / Count)</p><a href="https://www.amazon.com/dp/B0044SA67G?tag=eloabder-20&linkCode=osi&th=1&psc=1">View Product</a></div><div class="product"><a href="https://www.amazon.com/dp/B09WQCHK3M?tag=eloabder-20&linkCode=osi&th=1&psc=1"><img src="https://m.media-amazon.com/images/I/61JMYPiYGRL._SL500_.jpg" alt="Product Image"></a><p>Aigybobo Origami Paper Set, 308PCS Kids Craft Paper Kit with Instructional Book for Girls Age 6,7,8,9,10,11,12, Art Projects Supplies for School Class Craft Lessons- Christmas Gifts for Boys&Girls</p><p>$12.99</p><a href="https://www.amazon.com/dp/B09WQCHK3M?tag=eloabder-20&linkCode=osi&th=1&psc=1">View Product</a></div><div class="product"><a href="https://www.amazon.com/dp/B00I7E56NC?tag=eloabder-20&linkCode=osi&th=1&psc=1"><img src="https://m.media-amazon.com/images/I/21cxSReF5yL._SL500_.jpg" alt="Product Image"></a><p>Hygloss Products White Blank Books – Great Books for Journaling, Sketching, Writing & More – Fun for Arts & Crafts - Pocket-size - 4.25 x 5.5 Inches - 10 Pack</p><p>$13.00</p><a href="https://www.amazon.com/dp/B00I7E56NC?tag=eloabder-20&linkCode=osi&th=1&psc=1">View Product</a></div><div class="product"><a href="https://www.amazon.com/dp/B07YGRCXVT?tag=eloabder-20&linkCode=osi&th=1&psc=1"><img src="https://m.media-amazon.com/images/I/51Oxy0SqbES._SL500_.jpg" alt="Product Image"></a><p>Origami Paper | 350 Origami Paper Kit | Set Includes - 300 Sheets 20 Colors 6x6 | 50 Traditional Japanese Patterns | Origami Book 25 Easy Colored Projects | Kids Crafts | Christmas Gifts for boys 8-12</p><p>$17.99</p><a href="https://www.amazon.com/dp/B07YGRCXVT?tag=eloabder-20&linkCode=osi&th=1&psc=1">View Product</a></div><div class="product"><a href="https://www.amazon.com/dp/B07VDCVN3T?tag=eloabder-20&linkCode=osi&th=1&psc=1"><img src="https://m.media-amazon.com/images/I/516u8vopNML._SL500_.jpg" alt="Product Image"></a><p>Gamenote Colorful Origami Kit for Kids 54 Projects 120 Double Sided Origami Paper 12 Sheets Practice Papers Instructional Origami Book Origami Gift for 4+ Girls Boys Adult Beginners Training Craft</p><p>$11.99</p><a href="https://www.amazon.com/dp/B07VDCVN3T?tag=eloabder-20&linkCode=osi&th=1&psc=1">View Product</a></div>



<div class="product"><a href="https://www.amazon.com/dp/B01GCLS32M?tag=eloabder-20&linkCode=osi&th=1&psc=1"><img src="https://m.media-amazon.com/images/I/51xf1ALKGyL._SL500_.jpg" alt="Product Image"></a><p>42pcs Felt Fabric Sheet 4"x4" Assorted Color DIY Craft Squares Nonwoven 1mm Thick</p><p>$6.68</p><a href="https://www.amazon.com/dp/B01GCLS32M?tag=eloabder-20&linkCode=osi&th=1&psc=1">View Product</a></div><div class="product"><a href="https://www.amazon.com/dp/B0CY56NFL7?tag=eloabder-20&linkCode=osi&th=1&psc=1"><img src="https://m.media-amazon.com/images/I/51jZtTDxNCL._SL500_.jpg" alt="Product Image"></a><p>XSEINO 12 Rolls 8"x35"(20.5x90cm) 1.4mm Thick Soft Felt Fabric Sheet 12 Assorted Colors Felt Pack for DIY Craft Sewing Squares Nonwoven Patchwork</p><p>$11.99</p><a href="https://www.amazon.com/dp/B0CY56NFL7?tag=eloabder-20&linkCode=osi&th=1&psc=1">View Product</a></div><div class="product"><a href="https://www.amazon.com/dp/B07VHMT14L?tag=eloabder-20&linkCode=osi&th=1&psc=1"><img src="https://m.media-amazon.com/images/I/61DSrnEAvjL._SL500_.jpg" alt="Product Image"></a><p>150Pcs 4" x 4" (10cm x 10cm) Cotton Craft Fabric Bundle Squares,Squares Sheets Patchwork,Pre-Cut Quilt Squares,DIY Sewing Quarters Bundle,Quilting Fabric Bundles</p><p>$9.99</p><a href="https://www.amazon.com/dp/B07VHMT14L?tag=eloabder-20&linkCode=osi&th=1&psc=1">View Product</a></div><div class="product"><a href="https://www.amazon.com/dp/B08GJHYMGN?tag=eloabder-20&linkCode=osi&th=1&psc=1"><img src="https://m.media-amazon.com/images/I/51wD1FT1eeL._SL500_.jpg" alt="Product Image"></a><p>50pcs 8 x 8 inches Multicolor Cotton Fabric Bundle Squares for Quilting Sewing, Precut Fabric Squares for Craft Patchwork</p><p>$13.77</p><a href="https://www.amazon.com/dp/B08GJHYMGN?tag=eloabder-20&linkCode=osi&th=1&psc=1">View Product</a></div><div class="product"><a href="https://www.amazon.com/dp/B0C6K98T96?tag=eloabder-20&linkCode=osi&th=1&psc=1"><img src="https://m.media-amazon.com/images/I/51M-+hitpAL._SL500_.jpg" alt="Product Image"></a><p>42pcs 6 x 6 inches Felt Fabric Sheets - Fabrics DIY Craftwork Sewing Patchwork, Felt Crafts Assorted Colour Polyester Felt Sheet for Art and Craft</p><p>$4.99</p><a href="https://www.amazon.com/dp/B0C6K98T96?tag=eloabder-20&linkCode=osi&th=1&psc=1">View Product</a></div><div class="product"><a href="https://www.amazon.com/dp/B0C9BYD9ND?tag=eloabder-20&linkCode=osi&th=1&psc=1"><img src="https://m.media-amazon.com/images/I/418r7XqmEKL._SL500_.jpg" alt="Product Image"></a><p>40Pcs Felt Fabric Sheets - 4x4 inch DIY Craft Felt, 1mm Thick Non-Woven Patchwork Material for School Projects & Decoration - 40 Assorted Colors (10 x 10cm)</p><p>$4.99</p><a href="https://www.amazon.com/dp/B0C9BYD9ND?tag=eloabder-20&linkCode=osi&th=1&psc=1">View Product</a></div><div class="product"><a href="https://www.amazon.com/dp/B0BWRN4RHP?tag=eloabder-20&linkCode=osi&th=1&psc=1"><img src="https://m.media-amazon.com/images/I/51HHQcV3njL._SL500_.jpg" alt="Product Image"></a><p>Large Stiff Felt Sheets Bundle: LOTOFUN 10pcs 8x35Inch Assorted Rainbow Color Felts Sheet for Kids Crafts Squares Nonwoven Patchwork DIY Sewing</p><p>$11.99</p><a href="https://www.amazon.com/dp/B0BWRN4RHP?tag=eloabder-20&linkCode=osi&th=1&psc=1">View Product</a></div>
<div class="product"><a href="https://www.amazon.com/dp/B003U6QIUC?tag=eloabder-20&linkCode=osi&th=1&psc=1"><img src="https://m.media-amazon.com/images/I/51PyPJgIPlL._SL500_.jpg" alt="Product Image"></a><p>School Smart 85836 Maribu Feathers - 1/2 Ounce - Set of 150 - Assorted Colors</p><p>$3.52</p><a href="https://www.amazon.com/dp/B003U6QIUC?tag=eloabder-20&linkCode=osi&th=1&psc=1">View Product</a></div>
<div class="product"><a href="https://www.amazon.com/dp/B089DPDYKV?tag=eloabder-20&linkCode=osi&th=1&psc=1"><img src="https://m.media-amazon.com/images/I/51L58by1dXL._SL500_.jpg" alt="Product Image"></a><p>Better Office Products 100 Pack EVA Foam Sheets, 5.5 x 8.5 Inch, Assorted Colors (20 Colors), 2mm Thick, for Arts and Crafts, 100 Sheets</p><p>$13.99 ($0.14 / Count)</p><a href="https://www.amazon.com/dp/B089DPDYKV?tag=eloabder-20&linkCode=osi&th=1&psc=1">View Product</a></div><div class="product"><a href="https://www.amazon.com/dp/B08YXYN327?tag=eloabder-20&linkCode=osi&th=1&psc=1"><img src="https://m.media-amazon.com/images/I/41VfV+-ZFTL._SL500_.jpg" alt="Product Image"></a><p>EVA Foam Cosplay - 2mm (1mm to 10mm) - Black or White - 14" x 39" Sheet - Ultra High Density Craft Foam 85 kg/m3 - by The Foamory</p><p>$14.99</p><a href="https://www.amazon.com/dp/B08YXYN327?tag=eloabder-20&linkCode=osi&th=1&psc=1">View Product</a></div><div class="product"><a href="https://www.amazon.com/dp/B0CMTJDYRN?tag=eloabder-20&linkCode=osi&th=1&psc=1"><img src="https://m.media-amazon.com/images/I/310JuSzt+mL._SL500_.jpg" alt="Product Image"></a><p>Do²ping White Foam Sheets Crafts, 8.5x5.5 Inch Eva Craft Foam Paper for Crafts Project Classroom Scrapbook DIY Cosplay (White-10 Sheets)</p><p>$4.89 ($0.49 / Count)</p><a href="https://www.amazon.com/dp/B0CMTJDYRN?tag=eloabder-20&linkCode=osi&th=1&psc=1">View Product</a></div><div class="product"><a href="https://www.amazon.com/dp/B0C8B6N9TG?tag=eloabder-20&linkCode=osi&th=1&psc=1"><img src="https://m.media-amazon.com/images/I/51j0TiXHCTL._SL500_.jpg" alt="Product Image"></a><p>120 Pack EVA Foam Sheets, 8 x 6 Inch, 1mm Thick, Assorted 15 Colors Craft Foam Paper for School Supply and DIY Handcraft Projects</p><p>$15.99 ($0.13 / Count)</p><a href="https://www.amazon.com/dp/B0C8B6N9TG?tag=eloabder-20&linkCode=osi&th=1&psc=1">View Product</a></div>
<div class="product"><a href="https://www.amazon.com/dp/B01EK7LGH4?tag=eloabder-20&linkCode=osi&th=1&psc=1"><img src="https://m.media-amazon.com/images/I/41Xx+D+j6XL._SL500_.jpg" alt="Product Image"></a><p>Aleene's 3 Pack, 8 oz Tacky Glue, 8 FL OZ, Original Version 3 Count</p><p>$11.17 ($0.47 / Fl Oz)</p><a href="https://www.amazon.com/dp/B01EK7LGH4?tag=eloabder-20&linkCode=osi&th=1&psc=1">View Product</a></div><div class="product"><a href="https://www.amazon.com/dp/B0D59G56SG?tag=eloabder-20&linkCode=osi&th=1&psc=1"><img src="https://m.media-amazon.com/images/I/41BsDwUSwdL._SL500_.jpg" alt="Product Image"></a><p>4oz Craft Glue & Precision Tips, Strong Tacky Glue, Craft Glue Bottles with Fine Tip, Craft Glue Dry Clear, Fabric Glue Permanent for Paper Crafting Scrapbooking/Card Making/Etc</p><p>$8.58</p><a href="https://www.amazon.com/dp/B0D59G56SG?tag=eloabder-20&linkCode=osi&th=1&psc=1">View Product</a></div><div class="product"><a href="https://www.amazon.com/dp/B004DNX6EW?tag=eloabder-20&linkCode=osi&th=1&psc=1"><img src="https://m.media-amazon.com/images/I/51RkAeJv5hL._SL500_.jpg" alt="Product Image"></a><p>ELMERS CraftBond Extra Strength Glue Sticks, 6 Grams, 4 Count</p><p>$9.89 ($2.47 / Count)</p><a href="https://www.amazon.com/dp/B004DNX6EW?tag=eloabder-20&linkCode=osi&th=1&psc=1">View Product</a></div>
<div class="product"><a href="https://www.amazon.com/dp/B01ELWWX98?tag=eloabder-20&linkCode=osi&th=1&psc=1"><img src="https://m.media-amazon.com/images/I/51g67GhksOL._SL500_.jpg" alt="Product Image"></a><p>Maybe Swearing Will Help Adult Coloring Book Set - for Adults Relaxation with Markers in a Case - Motivational Swear Word Anxiety Relief - Color Cuss & Laugh Your Way to Less Stress</p><p>$24.99</p><a href="https://www.amazon.com/dp/B01ELWWX98?tag=eloabder-20&linkCode=osi&th=1&psc=1">View Product</a></div><div class="product"><a href="https://www.amazon.com/dp/B09X1YX59W?tag=eloabder-20&linkCode=osi&th=1&psc=1"><img src="https://m.media-amazon.com/images/I/61Cr68venIL._SL500_.jpg" alt="Product Image"></a><p>Hula Home Stained Glass Mandala Art Kit - DIY Window Clings with Markers, 10 Suncatchers - Perfect Hobby for Adults, Kids, Teens & Seniors - Ideal Gift for Beginners, Women & Elderly</p><p>$15.99</p><a href="https://www.amazon.com/dp/B09X1YX59W?tag=eloabder-20&linkCode=osi&th=1&psc=1">View Product</a></div><div class="product"><a href="https://www.amazon.com/dp/B0CGD74KX7?tag=eloabder-20&linkCode=osi&th=1&psc=1"><img src="https://m.media-amazon.com/images/I/51rNpMlv3wL._SL500_.jpg" alt="Product Image"></a><p>Shimmer Markers Outline Double Line: 12 Colors Metallic Glitter Pens Set Sparkle Kid Age 4 8 10 14 16 Year Old Gift Doodle Drawing Supplies Art Craft Teen Girl Cute Stuff Mother's Day Basket Ideas</p><p>$9.99</p><a href="https://www.amazon.com/dp/B0CGD74KX7?tag=eloabder-20&linkCode=osi&th=1&psc=1">View Product</a></div>

<div class="product"><a href="https://www.amazon.com/dp/B08395C5GC?tag=eloabder-20&linkCode=osi&th=1&psc=1"><img src="https://m.media-amazon.com/images/I/61OgJOjMgQL._SL500_.jpg" alt="Product Image"></a><p>hapray Origami Kit 144 sheets Origami Paper for Kids 72 Patterns with Craft Guiding Book</p><p>$13.97</p><a href="https://www.amazon.com/dp/B08395C5GC?tag=eloabder-20&linkCode=osi&th=1&psc=1">View Product</a></div><div class="product"><a href="https://www.amazon.com/dp/B098WP659T?tag=eloabder-20&linkCode=osi&th=1&psc=1"><img src="https://m.media-amazon.com/images/I/61D4gTo+S1L._SL500_.jpg" alt="Product Image"></a><p>pigipigi Craft Origami Paper for Kids - 208 Sheets Vivid Colorful Folding Papers 54 Patterns Art Projects Kit for 5 6 7 8 9 10 11 12 Years Old Girl Boy Teen Birthday Gift Preschool Educational Toy</p><p>$11.99</p><a href="https://www.amazon.com/dp/B098WP659T?tag=eloabder-20&linkCode=osi&th=1&psc=1">View Product</a></div>
<div class="product"><a href="https://www.amazon.com/dp/B08TWGWRG4?tag=eloabder-20&linkCode=osi&th=1&psc=1"><img src="https://m.media-amazon.com/images/I/51KMwCTx2eL._SL500_.jpg" alt="Product Image"></a><p>Homum 200pcs Premium Gift Tags with 200 Root Natural Jute Twine, Double-Sided Available Kraft Paper Price Tags, Craft Tags Labels Jewelry Tags with String for Wedding Christmas Day Thanksgiving</p><p>$5.99</p><a href="https://www.amazon.com/dp/B08TWGWRG4?tag=eloabder-20&linkCode=osi&th=1&psc=1">View Product</a></div><div class="product"><a href="https://www.amazon.com/dp/B0BNG993ZV?tag=eloabder-20&linkCode=osi&th=1&psc=1"><img src="https://m.media-amazon.com/images/I/51xRPDQUVHL._SL500_.jpg" alt="Product Image"></a><p>200 Pack 2.2 Inch Wood Tags with Hole and Twine, Clipped Corner Rectangle Wooden Gifts Tag for Crafts Unfinished Labels (1.2x2.2 in)</p><p>$9.99 ($0.05 / Count)</p><a href="https://www.amazon.com/dp/B0BNG993ZV?tag=eloabder-20&linkCode=osi&th=1&psc=1">View Product</a></div><div class="product"><a href="https://www.amazon.com/dp/B07N1T58K9?tag=eloabder-20&linkCode=osi&th=1&psc=1"><img src="https://m.media-amazon.com/images/I/41dUfeOE8BL._SL500_.jpg" alt="Product Image"></a><p>2.5" x 3" Vintage Frame Brown Kraft Present Tag Sticker / 250 Present Labels/Canning Packaging Organization Label/Made in The USA</p><p>$15.99</p><a href="https://www.amazon.com/dp/B07N1T58K9?tag=eloabder-20&linkCode=osi&th=1&psc=1">View Product</a></div>
<div class="product"><a href="https://www.amazon.com/dp/B08Y8YRXVQ?tag=eloabder-20&linkCode=osi&th=1&psc=1"><img src="https://m.media-amazon.com/images/I/51DyT7Dd1BL._SL500_.jpg" alt="Product Image"></a><p>72 Pieces Craft Magnets Glass Ceramic Ferrite Magnet with Adhesive Backing and Transparent Clear Glass Cabochons for DIY Craft Fridge Refrigerator Magnets Pendants(Round,1 Inch)</p><p>$12.99 ($0.18 / Count)</p><a href="https://www.amazon.com/dp/B08Y8YRXVQ?tag=eloabder-20&linkCode=osi&th=1&psc=1">View Product</a></div><div class="product"><a href="https://www.amazon.com/dp/B07XDC7FP9?tag=eloabder-20&linkCode=osi&th=1&psc=1"><img src="https://m.media-amazon.com/images/I/41JKgogWT9L._SL500_.jpg" alt="Product Image"></a><p>Magnetic Dots - Self Adhesive Magnet Dots (0.8" x 0.8") - Classroom Must Have Peel & Stick Magnetic Circles - Flexible Sticky Magnets - Sheets is Alternative, Stickers, Strip, Magnetic Tape (120 Pcs)</p><p>$17.99</p><a href="https://www.amazon.com/dp/B07XDC7FP9?tag=eloabder-20&linkCode=osi&th=1&psc=1">View Product</a></div><div class="product"><a href="https://www.amazon.com/dp/B0CSS92G7H?tag=eloabder-20&linkCode=osi&th=1&psc=1"><img src="https://m.media-amazon.com/images/I/51HRyW91ivL._SL500_.jpg" alt="Product Image"></a><p>116pcs Craft Magnets Glass Ceramic Ferrite Magnet with Adhesive Backing and Clear Glass Cabochons for DIY Craft Fridge Refrigerator Magnets (Round,1 Inch,58 Sets)</p><p>$11.96</p><a href="https://www.amazon.com/dp/B0CSS92G7H?tag=eloabder-20&linkCode=osi&th=1&psc=1">View Product</a></div><div class="product"><a href="https://www.amazon.com/dp/B09WCXS3NV?tag=eloabder-20&linkCode=osi&th=1&psc=1"><img src="https://m.media-amazon.com/images/I/51jUQGCcMPL._SL500_.jpg" alt="Product Image"></a><p>DIYMAG Magnetic Adhesive Sheets, |4" x 6"|, 10 Pack Cuttable, Flexible magnet sheets with adhesive for Crafts, Photos, Easy Peel and Stick</p><p>$5.99 ($0.60 / Count)</p><a href="https://www.amazon.com/dp/B09WCXS3NV?tag=eloabder-20&linkCode=osi&th=1&psc=1">View Product</a></div><div class="product"><a href="https://www.amazon.com/dp/B08MVRBN2C?tag=eloabder-20&linkCode=osi&th=1&psc=1"><img src="https://m.media-amazon.com/images/I/51YQW8Hbf3S._SL500_.jpg" alt="Product Image"></a><p>Round Magnets with Adhesive Backing, 120 Pieces Magnet Circles (Diameter 0.8’” x 0.08”) on 4 Tape Sheets, with 3M Strong Adhesive Backing. Perfect for DIY, Art Projects, whiteboards & Fridge</p><p>$10.95</p><a href="https://www.amazon.com/dp/B08MVRBN2C?tag=eloabder-20&linkCode=osi&th=1&psc=1">View Product</a></div><div class="product"><a href="https://www.amazon.com/dp/B0CJHYN7K2?tag=eloabder-20&linkCode=osi&th=1&psc=1"><img src="https://m.media-amazon.com/images/I/51ZowdEZwbL._SL500_.jpg" alt="Product Image"></a><p>124pcs Craft Magnets Glass w Adhesive Backing and Transparent Clear Glass Cabochons DIY Craft Fridge Magnets Sticker for Refrigerator(62 Sets,1 Inch)</p><p>$13.99 ($0.23 / Count)</p><a href="https://www.amazon.com/dp/B0CJHYN7K2?tag=eloabder-20&linkCode=osi&th=1&psc=1">View Product</a></div><div class="product"><a href="https://www.amazon.com/dp/B09BBHBZMG?tag=eloabder-20&linkCode=osi&th=1&psc=1"><img src="https://m.media-amazon.com/images/I/51kT5DaZIPL._SL500_.jpg" alt="Product Image"></a><p>Mr. Pen- Adhesive Magnetic Sheets, 4" x 6", 10 Pack, with Adhesive Backing, Flexible Picture Magnets, Cuttable Magnetic Sheets.</p><p>$5.85</p><a href="https://www.amazon.com/dp/B09BBHBZMG?tag=eloabder-20&linkCode=osi&th=1&psc=1">View Product</a></div><div class="product"><a href="https://www.amazon.com/dp/B07V4STWPV?tag=eloabder-20&linkCode=osi&th=1&psc=1"><img src="https://m.media-amazon.com/images/I/51g56RBuH8L._SL500_.jpg" alt="Product Image"></a><p>Magnetic Sheets with Adhesive Backing - Each 4" x 6" - Flexible Magnetic Paper with Strong Self Adhesive - Sticky Magnet Sheets for Photo and Picture Magnets, Stickers and Other Craft Magnets</p><p>$5.99 ($0.60 / Count)</p><a href="https://www.amazon.com/dp/B07V4STWPV?tag=eloabder-20&linkCode=osi&th=1&psc=1">View Product</a></div>
<div class="product"><a href="https://www.amazon.com/dp/B09VCYS41G?tag=eloabder-20&linkCode=osi&th=1&psc=1"><img src="https://m.media-amazon.com/images/I/61bdWXYPddL._SL500_.jpg" alt="Product Image"></a><p>Betem 24 Colors Dual Tip Acrylic Paint Pens Markers, Premium Acrylic Paint Pens for Wood, Canvas, Stone, Rock Painting, Glass, Ceramic Surfaces, DIY Crafts Making Art Supplies</p><p>$11.99</p><a href="https://www.amazon.com/dp/B09VCYS41G?tag=eloabder-20&linkCode=osi&th=1&psc=1">View Product</a></div><div class="product"><a href="https://www.amazon.com/dp/B0BN7WJFPR?tag=eloabder-20&linkCode=osi&th=1&psc=1"><img src="https://m.media-amazon.com/images/I/51vvJ6c6MPL._SL500_.jpg" alt="Product Image"></a><p>24 Colors Acrylic Paint Pens, Dual Tip Acrylic Paint Markers with Brush Tip and Fine Tip, Acrylic Pens for Rock Painting, Wood, Canvas, Stone, Glass, Ceramic,DIY Crafts Making Art Supplies</p><p>$9.99</p><a href="https://www.amazon.com/dp/B0BN7WJFPR?tag=eloabder-20&linkCode=osi&th=1&psc=1">View Product</a></div><div class="product"><a href="https://www.amazon.com/dp/B0CX1BD86P?tag=eloabder-20&linkCode=osi&th=1&psc=1"><img src="https://m.media-amazon.com/images/I/51w2YBDoYfL._SL500_.jpg" alt="Product Image"></a><p>TBC The Best Crafts 24 Colors Dual Tip Acrylic Paint Markers,Waterproof, Non-Toxic, odorless, Suitable for Paper, Pottery, Stones, Backpacks, Glass</p><p>$9.99</p><a href="https://www.amazon.com/dp/B0CX1BD86P?tag=eloabder-20&linkCode=osi&th=1&psc=1">View Product</a></div><div class="product"><a href="https://www.amazon.com/dp/B09SWJRSSX?tag=eloabder-20&linkCode=osi&th=1&psc=1"><img src="https://m.media-amazon.com/images/I/61OthBr2r9L._SL500_.jpg" alt="Product Image"></a><p>Acrylic Paint Pens Paint Markers Set of 18: Fine Point for Rock Painting Glass Wood Ceramic Fabric Metal Canvas Easter Eggs Pumpkin Kit, Drawing Art Crafts for Adults Scrapbooking Supplies</p><p>$10.99</p><a href="https://www.amazon.com/dp/B09SWJRSSX?tag=eloabder-20&linkCode=osi&th=1&psc=1">View Product</a></div><div class="product"><a href="https://www.amazon.com/dp/B09H2JRV1Y?tag=eloabder-20&linkCode=osi&th=1&psc=1"><img src="https://m.media-amazon.com/images/I/511FMxcdCzL._SL500_.jpg" alt="Product Image"></a><p>IVSUN 24 Colors Premium Extra Fine Point Acrylic Paint Marker Pens for Wood, Canvas, Stone, Rock Painting, Glass, Ceramic Surfaces, DIY Crafts Making Art Supplies (24PCS (0.7mm))</p><p>$8.99</p><a href="https://www.amazon.com/dp/B09H2JRV1Y?tag=eloabder-20&linkCode=osi&th=1&psc=1">View Product</a></div><div class="product"><a href="https://www.amazon.com/dp/B0BN8CW9ZY?tag=eloabder-20&linkCode=osi&th=1&psc=1"><img src="https://m.media-amazon.com/images/I/51n2byYcjqL._SL500_.jpg" alt="Product Image"></a><p>Acrylic Paint Pens Markers, 24 Colors Dual Tip Acrylic Paint Pens for Rock Painting, Wood, Canvas, Stone, Glass, Ceramic Surfaces, DIY Crafts Making Art Supplies (Round Tip and Fine Tip)</p><p>$9.99</p><a href="https://www.amazon.com/dp/B0BN8CW9ZY?tag=eloabder-20&linkCode=osi&th=1&psc=1">View Product</a></div><div class="product"><a href="https://www.amazon.com/dp/B07DB1TVND?tag=eloabder-20&linkCode=osi&th=1&psc=1"><img src="https://m.media-amazon.com/images/I/51KvMUBvqRL._SL500_.jpg" alt="Product Image"></a><p>JR.WHITE Acrylic Paint Pens Paint Markers for Rock Painting, Canvas, Wood, Glass, Fabric, Metal, Plastic, Arts Crafts Easter Eggs, Pumpkin, Scrapbooking Supplies, Graffiti Markers for Adults Kids</p><p>$11.19 ($0.93 / Count )</p><a href="https://www.amazon.com/dp/B07DB1TVND?tag=eloabder-20&linkCode=osi&th=1&psc=1">View Product</a></div><div class="product"><a href="https://www.amazon.com/dp/B07M6Y4FXZ?tag=eloabder-20&linkCode=osi&th=1&psc=1"><img src="https://m.media-amazon.com/images/I/61wQ1qJutWL._SL500_.jpg" alt="Product Image"></a><p>AROIC Paint Pens Paint Markers, 16 colors Oil-Based Waterproof Paint Marker Pen Set On Rock, Wood, Fabric, Metal, Plastic, Glass, Canvas, Mugs, Waterproof, DIY Craft and More</p><p>$11.99</p><a href="https://www.amazon.com/dp/B07M6Y4FXZ?tag=eloabder-20&linkCode=osi&th=1&psc=1">View Product</a></div>

<div class="product"><a href="https://www.amazon.com/dp/B0BQTYYVZH?tag=eloabder-20&linkCode=osi&th=1&psc=1"><img src="https://m.media-amazon.com/images/I/31i9+BVpDCL._SL500_.jpg" alt="Product Image"></a><p>Vanhench Brown Wrapping Paper, Craft Paper, Kraft Paper 17.5"x 1200"(100'), Gift Wrapping Bulletin Board Arts & Crafts, Bouquet Flower Table Covering Poster Packing Shipping Moving Supplies 65GSM 45LB</p><p>$5.98</p><a href="https://www.amazon.com/dp/B0BQTYYVZH?tag=eloabder-20&linkCode=osi&th=1&psc=1">View Product</a></div><div class="product"><a href="https://www.amazon.com/dp/B0CQZ1TYX9?tag=eloabder-20&linkCode=osi&th=1&psc=1"><img src="https://m.media-amazon.com/images/I/41RknmvlWSL._SL500_.jpg" alt="Product Image"></a><p>PerkHomy 36" x 2,400" (200') Brown Kraft Paper Roll for Gift Wrapping Bulletin Board Bouquet Flower Kids Wall Art Craft Packing Moving Shipping Parcel Postal Floor Covering Table Runner 70GSM 50LB</p><p>$30.99 ($0.05 / Sq Ft)</p><a href="https://www.amazon.com/dp/B0CQZ1TYX9?tag=eloabder-20&linkCode=osi&th=1&psc=1">View Product</a></div><div class="product"><a href="https://www.amazon.com/dp/B0C743LQ3M?tag=eloabder-20&linkCode=osi&th=1&psc=1"><img src="https://m.media-amazon.com/images/I/21HvZSNwJML._SL500_.jpg" alt="Product Image"></a><p>White Wrapping Paper Craft Paper Kraft Paper Roll 15" x 450", Bulletin Board Paper Roll, Arts & Crafts, Gift Wrapping Moving Packing Painting Drawing Paint Easel Poster Chart Paper, Kids Art Supplies</p><p>$4.99 ($0.11 / Sq Ft)</p><a href="https://www.amazon.com/dp/B0C743LQ3M?tag=eloabder-20&linkCode=osi&th=1&psc=1">View Product</a></div><div class="product"><a href="https://www.amazon.com/dp/B0D14FL3DF?tag=eloabder-20&linkCode=osi&th=1&psc=1"><img src="https://m.media-amazon.com/images/I/31IQZPHBHfL._SL500_.jpg" alt="Product Image"></a><p>SMART&CASUAL 15" x 450" (37.5') Kraft Paper Roll for Art Craft Supplies Gift Wrapping Moving Packing Kids Painting Drawing Paint Easel Poster Chart Paper (White, 15"W x 450"L (37.5'))</p><p>$4.98</p><a href="https://www.amazon.com/dp/B0D14FL3DF?tag=eloabder-20&linkCode=osi&th=1&psc=1">View Product</a></div><div class="product"><a href="https://www.amazon.com/dp/B0CX5D7W62?tag=eloabder-20&linkCode=osi&th=1&psc=1"><img src="https://m.media-amazon.com/images/I/31+skUeyllL._SL500_.jpg" alt="Product Image"></a><p>SMART&CASUAL 17.8"×1,200"(100') Brown Kraft Wrapping Paper for Craft Gift Bulletin Board Bouquet Flower Table Covering Packing Shipping Moving 70GSM 50LB</p><p>$7.98</p><a href="https://www.amazon.com/dp/B0CX5D7W62?tag=eloabder-20&linkCode=osi&th=1&psc=1">View Product</a></div><div class="product"><a href="https://www.amazon.com/dp/B0C2P7FGFM?tag=eloabder-20&linkCode=osi&th=1&psc=1"><img src="https://m.media-amazon.com/images/I/31Mnush+a-L._SL500_.jpg" alt="Product Image"></a><p>Brown Packing Paper 15"×450"(38'), Brown Paper Roll, Art Craft Paper, Kraft Paper Roll for Moving Boxes Supplies, Gift Wrapping Bouquet Flower Paper, Poster Bulletin Board Paper, Arts and Crafts</p><p>$4.99</p><a href="https://www.amazon.com/dp/B0C2P7FGFM?tag=eloabder-20&linkCode=osi&th=1&psc=1">View Product</a></div><div class="product"><a href="https://www.amazon.com/dp/B0BNCBSZRR?tag=eloabder-20&linkCode=osi&th=1&psc=1"><img src="https://m.media-amazon.com/images/I/31NTgModxdL._SL500_.jpg" alt="Product Image"></a><p>Kraft Paper Sheets - 15 x 15 in. - 240 Sheets of Brown Wrapping Paper – Heavy Duty Craft Paper for Shipping - Light Brown Construction Paper - 80 GSM - 375 Square feet</p><p>$23.89 ($0.10 / Count)</p><a href="https://www.amazon.com/dp/B0BNCBSZRR?tag=eloabder-20&linkCode=osi&th=1&psc=1">View Product</a></div><div class="product"><a href="https://www.amazon.com/dp/B09J9ZGX8S?tag=eloabder-20&linkCode=osi&th=1&psc=1"><img src="https://m.media-amazon.com/images/I/31R819QZXxL._SL500_.jpg" alt="Product Image"></a><p>IDL Packaging 36" x 2160" (180 ft) Brown Kraft Paper Roll, 30 lbs - Quality Paper for Packing, Moving, Shipping, Crafts - 100% Recyclable Natural Kraft Wrapping Paper</p><p>$33.95 ($0.06 / Sq Ft)</p><a href="https://www.amazon.com/dp/B09J9ZGX8S?tag=eloabder-20&linkCode=osi&th=1&psc=1">View Product</a></div>
<div class="product"><a href="https://www.amazon.com/dp/B0BR9M5GT6?tag=eloabder-20&linkCode=osi&th=1&psc=1"><img src="https://m.media-amazon.com/images/I/61jKQSVpNKL._SL500_.jpg" alt="Product Image"></a><p>Drawdart 47 Pack Acrylic Paint Set, 36 Colors Art Painting Supplies for Canvas Wood Fabric Ceramic Crafts, Non Toxic & Rich Pigments for Artists & Hobby Painters, 2 fl oz / 60 ml Bottles</p><p>$24.99 ($0.35 / Fl Oz)</p><a href="https://www.amazon.com/dp/B0BR9M5GT6?tag=eloabder-20&linkCode=osi&th=1&psc=1">View Product</a></div><div class="product"><a href="https://www.amazon.com/dp/B006AT7P6M?tag=eloabder-20&linkCode=osi&th=1&psc=1"><img src="https://m.media-amazon.com/images/I/415ZwGErxOL._SL500_.jpg" alt="Product Image"></a><p>Apple Barrel Acrylic Paint in Assorted Colors (2 oz), 20501, Bright Red</p><p>$0.58 ($0.29 / Fl Oz)</p><a href="https://www.amazon.com/dp/B006AT7P6M?tag=eloabder-20&linkCode=osi&th=1&psc=1">View Product</a></div><div class="product"><a href="https://www.amazon.com/dp/B0BNV7BMN2?tag=eloabder-20&linkCode=osi&th=1&psc=1"><img src="https://m.media-amazon.com/images/I/51K4iYzckvL._SL500_.jpg" alt="Product Image"></a><p>Fantastory Acrylic Paint Set, 24 Classic Colors(2oz), Professional Craft Paint Kit,Canvas/Rock/Stone/Ceramic/Model/Wood Painting with 12 Brushes</p><p>$25.99 ($0.36 / Fl Oz)</p><a href="https://www.amazon.com/dp/B0BNV7BMN2?tag=eloabder-20&linkCode=osi&th=1&psc=1">View Product</a></div><div class="product"><a href="https://www.amazon.com/dp/B0728B4CLJ?tag=eloabder-20&linkCode=osi&th=1&psc=1"><img src="https://m.media-amazon.com/images/I/41aBzZtF9-L._SL500_.jpg" alt="Product Image"></a><p>FolkArt Acrylic Paint in Assorted Colors (2 oz), , Mossy Meadow</p><p>$1.17 ($0.58 / Fl Oz)</p><a href="https://www.amazon.com/dp/B0728B4CLJ?tag=eloabder-20&linkCode=osi&th=1&psc=1">View Product</a></div><div class="product"><a href="https://www.amazon.com/dp/B0BY3G2CXG?tag=eloabder-20&linkCode=osi&th=1&psc=1"><img src="https://m.media-amazon.com/images/I/51Cn6kY12wL._SL500_.jpg" alt="Product Image"></a><p>36 Assorted Acrylic Paint Set by Craft Smart - Non-Toxic Paint for Drawing, Painting, Art & Crafts Supplies - 1 Pack</p><p>$28.98</p><a href="https://www.amazon.com/dp/B0BY3G2CXG?tag=eloabder-20&linkCode=osi&th=1&psc=1">View Product</a></div>

<div class="product"><a href="https://www.amazon.com/dp/B08722TFPH?tag=eloabder-20&linkCode=osi&th=1&psc=1"><img src="https://m.media-amazon.com/images/I/51DqPIU5lcL._SL500_.jpg" alt="Product Image"></a><p>LIUYAXI 20 Colors 100 Yard Satin Ribbon Fabric Ribbon Silk Ribbon Assorted Colors Rolls, 2/5" Wide 5 Yard/Roll, Ribbons Perfect for Gift Wrapping,Crafts, Hair Bows, Wedding Party Decoration and More</p><p>$7.99 ($0.03 / Foot)</p><a href="https://www.amazon.com/dp/B08722TFPH?tag=eloabder-20&linkCode=osi&th=1&psc=1">View Product</a></div><div class="product"><a href="https://www.amazon.com/dp/B08M3BDRX3?tag=eloabder-20&linkCode=osi&th=1&psc=1"><img src="https://m.media-amazon.com/images/I/51qwMfv7kXL._SL500_.jpg" alt="Product Image"></a><p>Winlyn 36 Colors 900 Yards Fabric Ribbons Satin Ribbons Metallic Glitter Ribbons Rolls Craft Ribbons Embellish Decorative Ribbons 2/5" Wide for Floral Bouquet Gifts Crafts Bows Party Wedding</p><p>$13.99 ($0.01 / Foot)</p><a href="https://www.amazon.com/dp/B08M3BDRX3?tag=eloabder-20&linkCode=osi&th=1&psc=1">View Product</a></div><div class="product"><a href="https://www.amazon.com/dp/B08NXF43DB?tag=eloabder-20&linkCode=osi&th=1&psc=1"><img src="https://m.media-amazon.com/images/I/51fTtUVKi5L._SL500_.jpg" alt="Product Image"></a><p>MEEDEE Rainbow Ribbon Solid Color Assortment 10 Colors Double Face Satin Ribbon for Gift Wrapping Happy Birthday Party Decorations, 3/8" X 5 Yard Each Total 50 Yds Per Package</p><p>$7.99 ($0.05 / Foot)</p><a href="https://www.amazon.com/dp/B08NXF43DB?tag=eloabder-20&linkCode=osi&th=1&psc=1">View Product</a></div><div class="product"><a href="https://www.amazon.com/dp/B01N8W0Z45?tag=eloabder-20&linkCode=osi&th=1&psc=1"><img src="https://m.media-amazon.com/images/I/61OkEfd-1BL._SL500_.jpg" alt="Product Image"></a><p>QingHan Grosgrain Ribbons for Crafts Gifts Wrapping 3/8" Boutique Polka Dot Fabric Ribbon 40yd (20 x 2yd)</p><p>$5.99 ($0.05 / Foot)</p><a href="https://www.amazon.com/dp/B01N8W0Z45?tag=eloabder-20&linkCode=osi&th=1&psc=1">View Product</a></div><div class="product"><a href="https://www.amazon.com/dp/B0CS5G5PCX?tag=eloabder-20&linkCode=osi&th=1&psc=1"><img src="https://m.media-amazon.com/images/I/51xzSU+d8QL._SL500_.jpg" alt="Product Image"></a><p>Ribbli Rainbow Satin Ribbon 3/8 Inch x 12 Rolls Total 60 Yards- Colorful Ribbon for Gift Wrapping Craft Party Decoration Baby Shower Wedding</p><p>$7.99 ($0.04 / Foot)</p><a href="https://www.amazon.com/dp/B0CS5G5PCX?tag=eloabder-20&linkCode=osi&th=1&psc=1">View Product</a></div><div class="product"><a href="https://www.amazon.com/dp/B009V35YVC?tag=eloabder-20&linkCode=osi&th=1&psc=1"><img src="https://m.media-amazon.com/images/I/41OYxs2N6GL._SL500_.jpg" alt="Product Image"></a><p>LaRibbons 10 Color 50Yards Solid Satin Ribbon,3/8" X 5 Yard/Roll Colorful Double Face Rainbow Ribbon for Crafts,Flower Bouquet,Gift Wrapping,Hair Bows,Birthday,Wedding Party Decoration</p><p>$4.99</p><a href="https://www.amazon.com/dp/B009V35YVC?tag=eloabder-20&linkCode=osi&th=1&psc=1">View Product</a></div><div class="product"><a href="https://www.amazon.com/dp/B07BDG8KXB?tag=eloabder-20&linkCode=osi&th=1&psc=1"><img src="https://m.media-amazon.com/images/I/61zpTp+xLjL._SL500_.jpg" alt="Product Image"></a><p>Supla 16 Colors 400 Yard Fabric Ribbon Silk Satin Roll Satin Ribbon Rolls in 2/5" Wide, 25 Yard/roll,16 Rolls,Satin Ribbon Fabric Ribbon Embellish Ribbon Ribbon for Bows Crafts Gifts Party Wedding</p><p>$8.99 ($0.01 / Foot)</p><a href="https://www.amazon.com/dp/B07BDG8KXB?tag=eloabder-20&linkCode=osi&th=1&psc=1">View Product</a></div><div class="product"><a href="https://www.amazon.com/dp/B0CRD7S24X?tag=eloabder-20&linkCode=osi&th=1&psc=1"><img src="https://m.media-amazon.com/images/I/51Xe-SI-ZHL._SL500_.jpg" alt="Product Image"></a><p>LIUYAXI 100 Yards Solid Grosgrain Ribbon, 3/8" X 5 Yard/Roll, 20 Colors Rainbow Multicolor Fabric Ribbons Roll Perfect for Crafts Gifts Wrapping Flower Bouquet Hair Bows & Other Projects</p><p>$7.99 ($0.03 / Foot)</p><a href="https://www.amazon.com/dp/B0CRD7S24X?tag=eloabder-20&linkCode=osi&th=1&psc=1">View Product</a></div>


<div class="product"><a href="https://www.amazon.com/dp/B08MZ6MQZM?tag=eloabder-20&linkCode=osi&th=1&psc=1"><img src="https://m.media-amazon.com/images/I/51rVPzuNy4L._SL500_.jpg" alt="Product Image"></a><p>Basic Shapes 1: Circles, Triangles, Squares, Ovals, 676 Pieces US Made Card Stock Punch Out Geometric Shapes in 3 Sizes and 4 PRIMARY Colors for Math, Pattern Play and DIY Crafting</p><p>$11.99</p><a href="https://www.amazon.com/dp/B08MZ6MQZM?tag=eloabder-20&linkCode=osi&th=1&psc=1">View Product</a></div><div class="product"><a href="https://www.amazon.com/dp/B072JW6NQT?tag=eloabder-20&linkCode=osi&th=1&psc=1"><img src="https://m.media-amazon.com/images/I/61uY6781clL._SL500_.jpg" alt="Product Image"></a><p>260 Pieces Colorful Glitter Foam Stickers Self Adhesive Stars Mini Heart Shapes Glitter Stickers, Kid's Arts Craft Supplies Greeting Cards Home Decoration Stars&Heart Shapes</p><p>$6.74 ($0.03 / Count)</p><a href="https://www.amazon.com/dp/B072JW6NQT?tag=eloabder-20&linkCode=osi&th=1&psc=1">View Product</a></div>


<div class="product"><a href="https://www.amazon.com/dp/B07KD1WKXY?tag=eloabder-20&linkCode=osi&th=1&psc=1"><img src="https://m.media-amazon.com/images/I/51y9zQOd9XL._SL500_.jpg" alt="Product Image"></a><p>(109 Yards/1.5mm/35 Colors Optional) Cotton Baker Twine DIY Craft Macramé Natural Cotton Rope Craft Making Knitting String Rope DIY Wedding Decor Supply Christmas Wrapping(deep green)</p><p>$4.98 ($0.02 / Foot)</p><a href="https://www.amazon.com/dp/B07KD1WKXY?tag=eloabder-20&linkCode=osi&th=1&psc=1">View Product</a></div><div class="product"><a href="https://www.amazon.com/dp/B0C7G868WP?tag=eloabder-20&linkCode=osi&th=1&psc=1"><img src="https://m.media-amazon.com/images/I/51YFxbYrxGL._SL500_.jpg" alt="Product Image"></a><p>Ohtomber Bracelet String Elastic Cord - 2 Rolls 1MM Stretchy String for Bracelet Making, Rainbow Elastic Bracelets String Thread for Clay Beads, Bracelets, Jewelry Making, Necklaces, Sewing and Crafts</p><p>$5.99 ($0.01 / Foot)</p><a href="https://www.amazon.com/dp/B0C7G868WP?tag=eloabder-20&linkCode=osi&th=1&psc=1">View Product</a></div>
<div class="product"><a href="https://www.amazon.com/dp/B0CHTZD63Q?tag=eloabder-20&linkCode=osi&th=1&psc=1"><img src="https://m.media-amazon.com/images/I/511hgeOlnkL._SL500_.jpg" alt="Product Image"></a><p>Secopad Scrapbook Tape, 4 Pack Double Sided Tape Roller for Crafts, Sticky Glue Tape Runner Scrapbooking Supplies Journaling School Office for Kids and Adults, 0.3IN x 26FT</p><p>$6.63 ($1.66 / Count)</p><a href="https://www.amazon.com/dp/B0CHTZD63Q?tag=eloabder-20&linkCode=osi&th=1&psc=1">View Product</a></div><div class="product"><a href="https://www.amazon.com/dp/B0BKZ2WVFY?tag=eloabder-20&linkCode=osi&th=1&psc=1"><img src="https://m.media-amazon.com/images/I/519ga5fVbbL._SL500_.jpg" alt="Product Image"></a><p>Guirnd 12PCS Colored Masking Tape, Kids Art Supplies Colored Tape, DIY Craft Tape, Colored Tape Rolls, Colored Painters Tape 1.7cm x 12m (2/3In x 13Yards)</p><p>$5.99 ($0.50 / Count)</p><a href="https://www.amazon.com/dp/B0BKZ2WVFY?tag=eloabder-20&linkCode=osi&th=1&psc=1">View Product</a></div><div class="product"><a href="https://www.amazon.com/dp/B0B1ZYCJPG?tag=eloabder-20&linkCode=osi&th=1&psc=1"><img src="https://m.media-amazon.com/images/I/51zcGqodSPL._SL500_.jpg" alt="Product Image"></a><p>Simetufy 5400 Pcs 1 Inch Tissue Paper Squares, 36 Assorted Colored Tissue Paper for Crafts, Art Rainbow Tissue Paper Bulk for Art Projects, Collage, Suncatchers, Scrapbooking - Non Bleeding</p><p>$7.49</p><a href="https://www.amazon.com/dp/B0B1ZYCJPG?tag=eloabder-20&linkCode=osi&th=1&psc=1">View Product</a></div>

<div class="product"><a href="https://www.amazon.com/dp/B07RZFHS87?tag=eloabder-20&linkCode=osi&th=1&psc=1"><img src="https://m.media-amazon.com/images/I/418QZBtYWTL._SL500_.jpg" alt="Product Image"></a><p>Lazydrop Double-Sided Tape for Arts, Crafts, Photography, Scrapbooking, Tear-by-Hand, Paper Backing (6 Rolls) (Width: 6mm/ 9mm/ 12mm/ 15mm)</p><p>$7.99 ($0.01 / Foot)</p><a href="https://www.amazon.com/dp/B07RZFHS87?tag=eloabder-20&linkCode=osi&th=1&psc=1">View Product</a></div><div class="product"><a href="https://www.amazon.com/dp/B0BPS4V3TG?tag=eloabder-20&linkCode=osi&th=1&psc=1"><img src="https://m.media-amazon.com/images/I/41fTeS+RuRL._SL500_.jpg" alt="Product Image"></a><p>Double Sided Tape for Crafts, Double-Sided Tape for Arts, Scrapbook Supplies, Photography, Gifts Box, Scrapbooking, Card Making, Paper Backing, Tear-by-Hand, 6 Roll Heavy Duty Multi-Size Adhesive Tape</p><p>$6.29 ($0.02 / Foot)</p><a href="https://www.amazon.com/dp/B0BPS4V3TG?tag=eloabder-20&linkCode=osi&th=1&psc=1">View Product</a></div><div class="product"><a href="https://www.amazon.com/dp/B098FCBMQV?tag=eloabder-20&linkCode=osi&th=1&psc=1"><img src="https://m.media-amazon.com/images/I/41E1XYg1+gL._SL500_.jpg" alt="Product Image"></a><p>Craftzilla Colored Masking Tape – 7 Roll Multi Pack – 210 Feet x 1 Inch of Colorful Craft Tape – Vibrant Rainbow Masking Tape –Colored Tape Rolls for Arts & Crafts, Labeling and Color-Coding</p><p>$12.95 ($0.01 / Foot)</p><a href="https://www.amazon.com/dp/B098FCBMQV?tag=eloabder-20&linkCode=osi&th=1&psc=1">View Product</a></div><div class="product"><a href="https://www.amazon.com/dp/B0CBRTT4SY?tag=eloabder-20&linkCode=osi&th=1&psc=1"><img src="https://m.media-amazon.com/images/I/41Ne5OTMBHL._SL500_.jpg" alt="Product Image"></a><p>XEHAHOSH 3 Rolls Double Sided Tape for Crafts, Arts, Scrapbooking, Photography, Paper Backing, Tear-by-Hand. 0.6in by 43-FT</p><p>$5.29</p><a href="https://www.amazon.com/dp/B0CBRTT4SY?tag=eloabder-20&linkCode=osi&th=1&psc=1">View Product</a></div><div class="product"><a href="https://www.amazon.com/dp/B08ZJB4XBX?tag=eloabder-20&linkCode=osi&th=1&psc=1"><img src="https://m.media-amazon.com/images/I/41FzzlZNG0L._SL500_.jpg" alt="Product Image"></a><p>8 Rolls Colored Masking Tape Rainbow Colors Painters Tape Colorful Craft Art Paper Tape for Kids Labeling Arts Crafts DIY Decorative Coding Decoration Teaching Supplies, 0.6 Inch x 16 Yard, 8 Colors</p><p>$6.99 ($0.87 / Count)</p><a href="https://www.amazon.com/dp/B08ZJB4XBX?tag=eloabder-20&linkCode=osi&th=1&psc=1">View Product</a></div><div class="product"><a href="https://www.amazon.com/dp/B09GDZH5PV?tag=eloabder-20&linkCode=osi&th=1&psc=1"><img src="https://m.media-amazon.com/images/I/41cZAy06SiL._SL500_.jpg" alt="Product Image"></a><p>DGTANGYIN 1/4" 2 Rolls Double Sided Adhesive Sticky Tape for Arts, DIY, Crafts, Photography, Scrapbooking, Card Making, Gift Wrapping, Office School Stationery Supplies, Home Supplies(Width: 6mm)</p><p>$3.99 ($0.00 / Foot)</p><a href="https://www.amazon.com/dp/B09GDZH5PV?tag=eloabder-20&linkCode=osi&th=1&psc=1">View Product</a></div>
<div class="product"><a href="https://www.amazon.com/dp/B09XR1XBWG?tag=eloabder-20&linkCode=osi&th=1&psc=1"><img src="https://m.media-amazon.com/images/I/31h+RS-Nv6L._SL500_.jpg" alt="Product Image"></a><p>10PCS 7mil Blank Mylar Stencil Sheets,12X12 inch Milky Translucent PET Blank Stencils Sheets,Template Material for Cutting Machines, Laser Cutting, Food-Safe Craft Plastic</p><p>$8.99</p><a href="https://www.amazon.com/dp/B09XR1XBWG?tag=eloabder-20&linkCode=osi&th=1&psc=1">View Product</a></div>

<div class="product"><a href="https://www.amazon.com/dp/B09TSLYX33?tag=eloabder-20&linkCode=osi&th=1&psc=1"><img src="https://m.media-amazon.com/images/I/41xNrpMfOLL._SL500_.jpg" alt="Product Image"></a><p>18 Gauge Aluminum Craft Wire, 165 Feet 1mm Bendable Metal Wire for Jewelry Making, Sculpting, Floral Making, Wreath Making, Crafting, Wire Wrapping, Christmas Ornaments (Silver)</p><p>$6.99</p><a href="https://www.amazon.com/dp/B09TSLYX33?tag=eloabder-20&linkCode=osi&th=1&psc=1">View Product</a></div><div class="product"><a href="https://www.amazon.com/dp/B002HRAEOG?tag=eloabder-20&linkCode=osi&th=1&psc=1"><img src="https://m.media-amazon.com/images/I/41HimGENjYL._SL500_.jpg" alt="Product Image"></a><p>FloraCraft 26 Gauge Floral Wire 270 Feet Bright Silver</p><p>$4.29</p><a href="https://www.amazon.com/dp/B002HRAEOG?tag=eloabder-20&linkCode=osi&th=1&psc=1">View Product</a></div><div class="product"><a href="https://www.amazon.com/dp/B06ZXY1PXB?tag=eloabder-20&linkCode=osi&th=1&psc=1"><img src="https://m.media-amazon.com/images/I/41Nh+1dv7FL._SL500_.jpg" alt="Product Image"></a><p>Mandala Crafts Anodized Aluminum Wire for Sculpting, Armature, Jewelry Making, Gem Metal Wrap, Garden, Colored and Soft, 1 Roll(14 Gauge, Silver)</p><p>$10.19 ($0.17 / Foot)</p><a href="https://www.amazon.com/dp/B06ZXY1PXB?tag=eloabder-20&linkCode=osi&th=1&psc=1">View Product</a></div><div class="product"><a href="https://www.amazon.com/dp/B07ZYNTH7D?tag=eloabder-20&linkCode=osi&th=1&psc=1"><img src="https://m.media-amazon.com/images/I/51ku4vQDwXL._SL500_.jpg" alt="Product Image"></a><p>12 Gauge Aluminum Wire 100 Feet, Anezus Metal Armature Wire Bendable Sculpting Wire for Crafts Wreath Making Jewelry Making Beading Floral (Silver, 2mm)</p><p>$12.99 ($0.13 / Foot)</p><a href="https://www.amazon.com/dp/B07ZYNTH7D?tag=eloabder-20&linkCode=osi&th=1&psc=1">View Product</a></div><div class="product"><a href="https://www.amazon.com/dp/B07CQL7Y5B?tag=eloabder-20&linkCode=osi&th=1&psc=1"><img src="https://m.media-amazon.com/images/I/51mHjBYsT0L._SL500_.jpg" alt="Product Image"></a><p>TecUnite Aluminum Craft Wire for Sculpting Armature Bendable Craft Wire for DIY Jewelry Making (1 Roll,Silver,10 M X 3 mm)</p><p>$8.99 ($0.27 / Foot)</p><a href="https://www.amazon.com/dp/B07CQL7Y5B?tag=eloabder-20&linkCode=osi&th=1&psc=1">View Product</a></div><div class="product"><a href="https://www.amazon.com/dp/B095Y844QP?tag=eloabder-20&linkCode=osi&th=1&psc=1"><img src="https://m.media-amazon.com/images/I/51w+5umyhOS._SL500_.jpg" alt="Product Image"></a><p>Tenn Well 12 Gauge Aluminum Wire, 100 Feet 2mm Bendable Metal Craft Wire for Sculpting, Armature, Jewelry Making, Floral Making, Doll Making, Modelling, Crafting, Bonsai Training</p><p>$11.99 ($0.12 / Foot)</p><a href="https://www.amazon.com/dp/B095Y844QP?tag=eloabder-20&linkCode=osi&th=1&psc=1">View Product</a></div>
<div class="product"><a href="https://www.amazon.com/dp/B0CYPH4FLQ?tag=eloabder-20&linkCode=osi&th=1&psc=1"><img src="https://m.media-amazon.com/images/I/41u786i6oZL._SL500_.jpg" alt="Product Image"></a><p>DIYDEC 24 Pack Basswood Sheets 4 x 6 x 1/16 Inch Thin Plywood Wood Sheets Unfinished Wood Squares Boards Balsa Wood Sheets for Crafts Architectural Models Laser Cutting Wood Burning and Drawing</p><p>$6.99</p><a href="https://www.amazon.com/dp/B0CYPH4FLQ?tag=eloabder-20&linkCode=osi&th=1&psc=1">View Product</a></div><div class="product"><a href="https://www.amazon.com/dp/B082HR4RV3?tag=eloabder-20&linkCode=osi&th=1&psc=1"><img src="https://m.media-amazon.com/images/I/51kfms0w39L._SL500_.jpg" alt="Product Image"></a><p>5ARTH Natural Wood Slices - 30 Pcs 3.5-4 inches Craft Unfinished Wood kit Predrilled with Hole Wooden Circles for Arts Wood Slices Christmas Ornaments DIY Crafts</p><p>$21.99</p><a href="https://www.amazon.com/dp/B082HR4RV3?tag=eloabder-20&linkCode=osi&th=1&psc=1">View Product</a></div>
<div class="product"><a href="https://www.amazon.com/dp/B089T7PX27?tag=eloabder-20&linkCode=osi&th=1&psc=1"><img src="https://m.media-amazon.com/images/I/41aDJyks7kL._SL500_.jpg" alt="Product Image"></a><p>Crayola Air Dry Clay (5lbs), Natural White Modeling Clay for Kids, Sculpting Material, Bulk Craft Supplies for School Classrooms [Amazon Exclusive]</p><p>$17.41</p><a href="https://www.amazon.com/dp/B089T7PX27?tag=eloabder-20&linkCode=osi&th=1&psc=1">View Product</a></div><div class="product"><a href="https://www.amazon.com/dp/B0BDM5WLQX?tag=eloabder-20&linkCode=osi&th=1&psc=1"><img src="https://m.media-amazon.com/images/I/41oBPm5+PkL._SL500_.jpg" alt="Product Image"></a><p>ifergoo White Air Dry Clay, Modeling Clay for School Art & Craft Project. Refill White Clay for Kids Age 3-12, Boys and Girls Gift</p><p>$6.99 ($1.65 / Ounce)</p><a href="https://www.amazon.com/dp/B0BDM5WLQX?tag=eloabder-20&linkCode=osi&th=1&psc=1">View Product</a></div><div class="product"><a href="https://www.amazon.com/dp/B0B8TLRRKM?tag=eloabder-20&linkCode=osi&th=1&psc=1"><img src="https://m.media-amazon.com/images/I/418ijOdZBzL._SL500_.jpg" alt="Product Image"></a><p>Pepy Premium European Air Dry Modeling Clay White 2.2 lb Bar, Easy to Use Air-Hardening Clay for Classroom and Montessori Sculpting and Crafts Projects</p><p>$9.97 ($0.28 / Ounce)</p><a href="https://www.amazon.com/dp/B0B8TLRRKM?tag=eloabder-20&linkCode=osi&th=1&psc=1">View Product</a></div>

<div class="product"><a href="https://www.amazon.com/dp/B083TT4XVN?tag=eloabder-20&linkCode=osi&th=1&psc=1"><img src="https://m.media-amazon.com/images/I/41QMxzlQglL._SL500_.jpg" alt="Product Image"></a><p>6" Jumbo Wood Craft Sticks - Pack of 1,000</p><p>$15.21 ($0.02 / Count)</p><a href="https://www.amazon.com/dp/B083TT4XVN?tag=eloabder-20&linkCode=osi&th=1&psc=1">View Product</a></div><div class="product"><a href="https://www.amazon.com/dp/B0B9RRJ2BG?tag=eloabder-20&linkCode=osi&th=1&psc=1"><img src="https://m.media-amazon.com/images/I/31gmdN8H+PL._SL500_.jpg" alt="Product Image"></a><p>Perfect Stix Wooden Poplar Wood Craft Sticks. Jumbo Size, 6 x 3/4, Wood, Natural Poplar Wood, 500Ct. Multipurpose Craft, Popsicles, Waxing, Arts and Crafts.</p><p>$9.68</p><a href="https://www.amazon.com/dp/B0B9RRJ2BG?tag=eloabder-20&linkCode=osi&th=1&psc=1">View Product</a></div><div class="product"><a href="https://www.amazon.com/dp/B08R31MRJ9?tag=eloabder-20&linkCode=osi&th=1&psc=1"><img src="https://m.media-amazon.com/images/I/51fYWGLzOGL._SL500_.jpg" alt="Product Image"></a><p>Pandaspa 200 Pieces Jumbo Craft Sticks, Premium Natural Wood for Building, Mixing, and Creating Craft Projects, Size 6 x 3/4</p><p>$9.95</p><a href="https://www.amazon.com/dp/B08R31MRJ9?tag=eloabder-20&linkCode=osi&th=1&psc=1">View Product</a></div><div class="product"><a href="https://www.amazon.com/dp/B081R25K4S?tag=eloabder-20&linkCode=osi&th=1&psc=1"><img src="https://m.media-amazon.com/images/I/41vxFW4BIvL._SL500_.jpg" alt="Product Image"></a><p>Perfect Stix - PS-114st-1,000 4.5" Craft Sticks/ Ice Cream Sticks/ Natural Wood - Box of 1,000ct</p><p>$13.99</p><a href="https://www.amazon.com/dp/B081R25K4S?tag=eloabder-20&linkCode=osi&th=1&psc=1">View Product</a></div><div class="product"><a href="https://www.amazon.com/dp/B08NY4HWVH?tag=eloabder-20&linkCode=osi&th=1&psc=1"><img src="https://m.media-amazon.com/images/I/41qHSFWo+AL._SL500_.jpg" alt="Product Image"></a><p>Fansunta 100pcs 15.7x0.35 Inch Strong Natural Bamboo Sticks, Wooden Craft Sticks, Extra Long Sticks, Wood Strips for Craft Projects</p><p>$11.99</p><a href="https://www.amazon.com/dp/B08NY4HWVH?tag=eloabder-20&linkCode=osi&th=1&psc=1">View Product</a></div>
<div class="product"><a href="https://www.amazon.com/dp/B0CY84GCRZ?tag=eloabder-20&linkCode=osi&th=1&psc=1"><img src="https://m.media-amazon.com/images/I/315gdwLiZfL._SL500_.jpg" alt="Product Image"></a><p>14 Rolls Double Sided Tape for Crafts Scrapbooking Multi-Purpose and Multi-Size Tape for Arts, Photography, Gift Boxes, Card Making, Paper Backing, Office Supplies(3mm/5mm/8mm/10mm/12mm/15mm/18mm)</p><p>$4.99 ($0.36 / Count)</p><a href="https://www.amazon.com/dp/B0CY84GCRZ?tag=eloabder-20&linkCode=osi&th=1&psc=1">View Product</a></div>

<div class="product"><a href="https://www.amazon.com/dp/B0D14HHL9F?tag=eloabder-20&linkCode=osi&th=1&psc=1"><img src="https://m.media-amazon.com/images/I/31pj+acWaSL._SL500_.jpg" alt="Product Image"></a><p>Weeding Tools for Vinyl,Vinyl Weeding Tools for Permanent Vinyl/HTV Vinyl/Holographic Vinyl,Craft Vinyl Weeding Tools Kit with Hook and Pick with Tweezers</p><p>$4.99</p><a href="https://www.amazon.com/dp/B0D14HHL9F?tag=eloabder-20&linkCode=osi&th=1&psc=1">View Product</a></div>
<div class="product"><a href="https://www.amazon.com/dp/B06XDJJ6D1?tag=eloabder-20&linkCode=osi&th=1&psc=1"><img src="https://m.media-amazon.com/images/I/516tOQjdgIL._SL500_.jpg" alt="Product Image"></a><p>Color Swell Bulk Crayon Packs - 36 Boxes of 24 Vibrant Colored Durable Bulk Crayons of Teacher Quality for Classroom and Home</p><p>$36.99</p><a href="https://www.amazon.com/dp/B06XDJJ6D1?tag=eloabder-20&linkCode=osi&th=1&psc=1">View Product</a></div><div class="product"><a href="https://www.amazon.com/dp/B0D2W1SJHC?tag=eloabder-20&linkCode=osi&th=1&psc=1"><img src="https://m.media-amazon.com/images/I/51Of59YBGeL._SL500_.jpg" alt="Product Image"></a><p>Shuttle Art Crayons Bulk Set - 40 Boxes of 24 Assorted Colors, 960 Count Durable & Non-Toxic Teacher-Quality Crayons, School Supplies bulk in Crayons For Family Class Party Favors</p><p>$36.99</p><a href="https://www.amazon.com/dp/B0D2W1SJHC?tag=eloabder-20&linkCode=osi&th=1&psc=1">View Product</a></div><div class="product"><a href="https://www.amazon.com/dp/B013I7IQTS?tag=eloabder-20&linkCode=osi&th=1&psc=1"><img src="https://m.media-amazon.com/images/I/51eRV44y2SL._SL500_.jpg" alt="Product Image"></a><p>Crayola Crayons, 8 Count (Case of 48)</p><p>$43.03</p><a href="https://www.amazon.com/dp/B013I7IQTS?tag=eloabder-20&linkCode=osi&th=1&psc=1">View Product</a></div><div class="product"><a href="https://www.amazon.com/dp/B07F98CYQ2?tag=eloabder-20&linkCode=osi&th=1&psc=1"><img src="https://m.media-amazon.com/images/I/51pOC5gmdFL._SL500_.jpg" alt="Product Image"></a><p>Craytastic! 52 Sets of 4-Packs in Cello (208 Count total bulk Crayons) - Large Box of Crayons Bulk For School Teachers, Restaurants, Party Favors, Crayon Packs, Non-Toxic Crayons</p><p>$13.79</p><a href="https://www.amazon.com/dp/B07F98CYQ2?tag=eloabder-20&linkCode=osi&th=1&psc=1">View Product</a></div><div class="product"><a href="https://www.amazon.com/dp/B01HZMQA0Y?tag=eloabder-20&linkCode=osi&th=1&psc=1"><img src="https://m.media-amazon.com/images/I/51GSg7CA-YL._SL500_.jpg" alt="Product Image"></a><p>Colorations Regular Size Triangular Crayon Class Pack, 16 Colors, 13 of Each, Set of 208, Easy to Hold & Grip, Toddler Crayons, Non Toxic Crayons, Kids Crayons, Bulk School Supplies, Triangle Crayons</p><p>$42.98 ($0.21 / Count)</p><a href="https://www.amazon.com/dp/B01HZMQA0Y?tag=eloabder-20&linkCode=osi&th=1&psc=1">View Product</a></div>
<div class="product"><a href="https://www.amazon.com/dp/B07JPL5NYX?tag=eloabder-20&linkCode=osi&th=1&psc=1"><img src="https://m.media-amazon.com/images/I/31B4rKplkML._SL500_.jpg" alt="Product Image"></a><p>Similane 6 Pieces Aida Cloth 14 Count Cross Stitch Fabric, White, 12 by 18-Inch</p><p>$7.99 ($1.33 / Count)</p><a href="https://www.amazon.com/dp/B07JPL5NYX?tag=eloabder-20&linkCode=osi&th=1&psc=1">View Product</a></div><div class="product"><a href="https://www.amazon.com/dp/B0BRK6L377?tag=eloabder-20&linkCode=osi&th=1&psc=1"><img src="https://m.media-amazon.com/images/I/31xWAZsouYL._SL500_.jpg" alt="Product Image"></a><p>Caydo 6 Pieces Aida Cloth 14 Count White Cross Stitch Fabric for Craft Embroidery, Handmade Needlework, DIY Handicrafts, 12 by 18-Inch</p><p>$7.98</p><a href="https://www.amazon.com/dp/B0BRK6L377?tag=eloabder-20&linkCode=osi&th=1&psc=1">View Product</a></div><div class="product"><a href="https://www.amazon.com/dp/B08BN8LNS1?tag=eloabder-20&linkCode=osi&th=1&psc=1"><img src="https://m.media-amazon.com/images/I/51RTXXBsvhL._SL500_.jpg" alt="Product Image"></a><p>Cross Stitch Aida Fabric 14 Count, 59 by 39 Inch Large Size, Classic Reserve Cross Stitch Aida Cloth for Home DIY Embroidery Decoration</p><p>$13.97</p><a href="https://www.amazon.com/dp/B08BN8LNS1?tag=eloabder-20&linkCode=osi&th=1&psc=1">View Product</a></div><div class="product"><a href="https://www.amazon.com/dp/B09LC7RLFC?tag=eloabder-20&linkCode=osi&th=1&psc=1"><img src="https://m.media-amazon.com/images/I/51OyNFAB2HL._SL500_.jpg" alt="Product Image"></a><p>Aida Cloth 14 Count Cross Stitch Fabric,19×28inch (14CT, Off White)</p><p>$12.99</p><a href="https://www.amazon.com/dp/B09LC7RLFC?tag=eloabder-20&linkCode=osi&th=1&psc=1">View Product</a></div><div class="product"><a href="https://www.amazon.com/dp/B08BHLPZB1?tag=eloabder-20&linkCode=osi&th=1&psc=1"><img src="https://m.media-amazon.com/images/I/51ujyg-qk5L._SL500_.jpg" alt="Product Image"></a><p>59 by 39-Inch Cross Stitch Fabric, 14 Count Big Size Classic Reserve Aida Cloth,White</p><p>$13.97</p><a href="https://www.amazon.com/dp/B08BHLPZB1?tag=eloabder-20&linkCode=osi&th=1&psc=1">View Product</a></div><div class="product"><a href="https://www.amazon.com/dp/B089N8H68K?tag=eloabder-20&linkCode=osi&th=1&psc=1"><img src="https://m.media-amazon.com/images/I/61UXobKcmpL._SL500_.jpg" alt="Product Image"></a><p>Caydo 8 Pieces Aida Cloth 8 Color 14 Count Classic Reserve Cross Stitch Fabric, 12 by 18-Inch</p><p>$15.99</p><a href="https://www.amazon.com/dp/B089N8H68K?tag=eloabder-20&linkCode=osi&th=1&psc=1">View Product</a></div><div class="product"><a href="https://www.amazon.com/dp/B0B647GLFL?tag=eloabder-20&linkCode=osi&th=1&psc=1"><img src="https://m.media-amazon.com/images/I/51TmM7qAMBL._SL500_.jpg" alt="Product Image"></a><p>14CT Easy Count Thread Grid Aida Cloth Embroidery Cross Stitch Fabric, Green Grid, W29" x L39"</p><p>$16.50</p><a href="https://www.amazon.com/dp/B0B647GLFL?tag=eloabder-20&linkCode=osi&th=1&psc=1">View Product</a></div>

<div class="product"><a href="https://www.amazon.com/dp/B0D3HPD7WP?tag=eloabder-20&linkCode=osi&th=1&psc=1"><img src="https://m.media-amazon.com/images/I/31KSmmAWUWL._SL500_.jpg" alt="Product Image"></a><p>50 Sheets Grey Cardstock Paper, Colored Printer Paper 8.5 x 11, Thick Construction Paper for Cards Making, Scrapbook，Office Printing, Invitations, Certificates，DIY Crafting 92 lb/250gsm</p><p>$9.99</p><a href="https://www.amazon.com/dp/B0D3HPD7WP?tag=eloabder-20&linkCode=osi&th=1&psc=1">View Product</a></div>
<div class="product"><a href="https://www.amazon.com/dp/B076CP6F36?tag=eloabder-20&linkCode=osi&th=1&psc=1"><img src="https://m.media-amazon.com/images/I/51rfEIvgI+L._SL500_.jpg" alt="Product Image"></a><p>Apple Barrel, Vibrant Spectrum Collection Acrylic Craft Paint, PROMOABIII, 2 fl oz each, 16 assorted matte colors, 16 count</p><p>$15.97 ($0.50 / Fl Oz)</p><a href="https://www.amazon.com/dp/B076CP6F36?tag=eloabder-20&linkCode=osi&th=1&psc=1">View Product</a></div><div class="product"><a href="https://www.amazon.com/dp/B0BKFLSYQF?tag=eloabder-20&linkCode=osi&th=1&psc=1"><img src="https://m.media-amazon.com/images/I/51a0PmPRknL._SL500_.jpg" alt="Product Image"></a><p>72 Pack Acrylic Paint Set, Shuttle Art 60 Colors Acrylic Paint Including Extra White Black & 12 Brushes, 2oz/60ml, Rich Pigmented, Water Proof, Ideal for Artists, Beginners on Canvas Rock Wood Ceramic</p><p>$45.99 ($23.00 / Fl Oz)</p><a href="https://www.amazon.com/dp/B0BKFLSYQF?tag=eloabder-20&linkCode=osi&th=1&psc=1">View Product</a></div><div class="product"><a href="https://www.amazon.com/dp/B08CB3JH79?tag=eloabder-20&linkCode=osi&th=1&psc=1"><img src="https://m.media-amazon.com/images/I/51OUZsFdnTL._SL500_.jpg" alt="Product Image"></a><p>Acrylic Paint Set of 36 Colors 2fl oz 60ml Bottles,Non Toxic 36 Colors Acrylic Paint No Fading Rich Pigment for Kids Adults Artists Canvas Crafts Wood Painting</p><p>$32.99 ($0.46 / Fl Oz)</p><a href="https://www.amazon.com/dp/B08CB3JH79?tag=eloabder-20&linkCode=osi&th=1&psc=1">View Product</a></div><div class="product"><a href="https://www.amazon.com/dp/B0018NBVKQ?tag=eloabder-20&linkCode=osi&th=1&psc=1"><img src="https://m.media-amazon.com/images/I/31YlSvZMTCL._SL500_.jpg" alt="Product Image"></a><p>Apple Barrel Acrylic Paint in Assorted Colors (8 Ounce), 20403 White</p><p>$2.67 ($0.33 / Fl Oz)</p><a href="https://www.amazon.com/dp/B0018NBVKQ?tag=eloabder-20&linkCode=osi&th=1&psc=1">View Product</a></div><div class="product"><a href="https://www.amazon.com/dp/B077WSBLZ1?tag=eloabder-20&linkCode=osi&th=1&psc=1"><img src="https://m.media-amazon.com/images/I/51KPkXpLn1L._SL500_.jpg" alt="Product Image"></a><p>Shuttle Art Acrylic Paint Set, 30 x12ml Tubes Artist Quality Non Toxic Rich Pigments Colors Great for Kids Adults Professional Painting on Rocks Canvas Wood Clay Fabric Ceramic Crafts</p><p>$12.99 ($1.08 / Fl Oz)</p><a href="https://www.amazon.com/dp/B077WSBLZ1?tag=eloabder-20&linkCode=osi&th=1&psc=1">View Product</a></div><div class="product"><a href="https://www.amazon.com/dp/B00889Z5Y6?tag=eloabder-20&linkCode=osi&th=1&psc=1"><img src="https://m.media-amazon.com/images/I/41MQjsyDbSL._SL500_.jpg" alt="Product Image"></a><p>Apple Barrel Acrylic Paint in Assorted Colors (2 oz), 20764, Apricot</p><p>$0.58 ($0.29 / Fl Oz)</p><a href="https://www.amazon.com/dp/B00889Z5Y6?tag=eloabder-20&linkCode=osi&th=1&psc=1">View Product</a></div><div class="product"><a href="https://www.amazon.com/dp/B09TWQD5ZL?tag=eloabder-20&linkCode=osi&th=1&psc=1"><img src="https://m.media-amazon.com/images/I/41B0L003QXL._SL500_.jpg" alt="Product Image"></a><p>Artkey Acrylic Paint Set - 24 colors 2 oz/59 ml Acrylic Paints Professional Artists Painting Kit for Canvases Fabric Rock Leather Easter Egg Wood Ceramic Glass Art Craft Painting</p><p>$19.99 ($0.42 / Fl Oz)</p><a href="https://www.amazon.com/dp/B09TWQD5ZL?tag=eloabder-20&linkCode=osi&th=1&psc=1">View Product</a></div><div class="product"><a href="https://www.amazon.com/dp/B07Z93LQDB?tag=eloabder-20&linkCode=osi&th=1&psc=1"><img src="https://m.media-amazon.com/images/I/51veoN6zK0L._SL500_.jpg" alt="Product Image"></a><p>Shuttle Art Acrylic Paint Set, 36 Colors Acrylic Paint with Brushes & Palette, 2oz Bottles, Rich Pigments Non-toxic Paint for Artists Kids & Adults, Art Supplies for Canvas Rock Ceramic Wood Painting</p><p>$27.99</p><a href="https://www.amazon.com/dp/B07Z93LQDB?tag=eloabder-20&linkCode=osi&th=1&psc=1">View Product</a></div><div class="product"><a href="https://www.amazon.com/dp/B002665SYY?tag=eloabder-20&linkCode=osi&th=1&psc=1"><img src="https://m.media-amazon.com/images/I/31sJJeWK6OS._SL500_.jpg" alt="Product Image"></a><p>Liquitex BASICS Acrylic Paint, 250ml (8.5-oz) Tube, Titanium White</p><p>$9.99 ($1.18 / Fl Oz)</p><a href="https://www.amazon.com/dp/B002665SYY?tag=eloabder-20&linkCode=osi&th=1&psc=1">View Product</a></div>
<div class="product"><a href="https://www.amazon.com/dp/B0CC98XLGL?tag=eloabder-20&linkCode=osi&th=1&psc=1"><img src="https://m.media-amazon.com/images/I/51ZLw+nThiL._SL500_.jpg" alt="Product Image"></a><p>HUIRUSO 4 Pack Double Sided Tape Roller, Scrapbook Supplies, Glue Tape Roller for Crafts, Double-Sided Adhesive Tape Runner for Scrapbooking, School Office Journaling Supplies (0.31 in X 26.25 ft)</p><p>$6.99 ($1.75 / Count)</p><a href="https://www.amazon.com/dp/B0CC98XLGL?tag=eloabder-20&linkCode=osi&th=1&psc=1">View Product</a></div><div class="product"><a href="https://www.amazon.com/dp/B007XAAE6K?tag=eloabder-20&linkCode=osi&th=1&psc=1"><img src="https://m.media-amazon.com/images/I/414qxYVR0wL._SL500_.jpg" alt="Product Image"></a><p>Scotch Double Sided Tape Runner, 1-Pack, 0.27 in x 26 ft., Perfect for Holiday Crafts, Gifts, and More</p><p>$4.47</p><a href="https://www.amazon.com/dp/B007XAAE6K?tag=eloabder-20&linkCode=osi&th=1&psc=1">View Product</a></div><div class="product"><a href="https://www.amazon.com/dp/B0BZVGPFSK?tag=eloabder-20&linkCode=osi&th=1&psc=1"><img src="https://m.media-amazon.com/images/I/51-ue9+7JkL._SL500_.jpg" alt="Product Image"></a><p>Birllaid Double Sided Tape for Walls, Picture Hanging Strips Removable Mounting Dots Adhesive Heavy Duty, Removable for Art Craft, Decoration, Party Supplies, Multipurpose</p><p>$11.99</p><a href="https://www.amazon.com/dp/B0BZVGPFSK?tag=eloabder-20&linkCode=osi&th=1&psc=1">View Product</a></div><div class="product"><a href="https://www.amazon.com/dp/B0CGVN9SL1?tag=eloabder-20&linkCode=osi&th=1&psc=1"><img src="https://m.media-amazon.com/images/I/41Hy+i4CnoL._SL500_.jpg" alt="Product Image"></a><p>30Ft x 1 Inch Hook and Loop Strips with Adhesive,Double Rolls of Heavy Duty Self Adhesive Tape with Backing, Nylon Self Adhesive Tape for Home Office School and Crafting,White</p><p>$9.99</p><a href="https://www.amazon.com/dp/B0CGVN9SL1?tag=eloabder-20&linkCode=osi&th=1&psc=1">View Product</a></div><div class="product"><a href="https://www.amazon.com/dp/B07Y3VDPLF?tag=eloabder-20&linkCode=osi&th=1&psc=1"><img src="https://m.media-amazon.com/images/I/41cyKQ2OMuL._SL500_.jpg" alt="Product Image"></a><p>Melsan 1x4 inch Hook and Loop Strips with Adhesive - 15 Sets, Strong Back Adhesive Fasten Mounting Tape for Home or Office Use - Instead of Holes and Screws, Black</p><p>$7.82</p><a href="https://www.amazon.com/dp/B07Y3VDPLF?tag=eloabder-20&linkCode=osi&th=1&psc=1">View Product</a></div><div class="product"><a href="https://www.amazon.com/dp/B07V57VJT5?tag=eloabder-20&linkCode=osi&th=1&psc=1"><img src="https://m.media-amazon.com/images/I/514JO3bvl3L._SL500_.jpg" alt="Product Image"></a><p>XFasten Adhesive Roller for Scrapbooking, 8mm x 30ft 4-Pack Double Sided Glue Tape Roller, Scrapbook Supplies for Adults, Photo Tape for Scrapbooking</p><p>$9.99 ($2.50 / Count)</p><a href="https://www.amazon.com/dp/B07V57VJT5?tag=eloabder-20&linkCode=osi&th=1&psc=1">View Product</a></div><div class="product"><a href="https://www.amazon.com/dp/B07JLTGQHX?tag=eloabder-20&linkCode=osi&th=1&psc=1"><img src="https://m.media-amazon.com/images/I/51Eqfo7kUZL._SL500_.jpg" alt="Product Image"></a><p>UPINS 120 Pack Double Sided Foam Tape Square Self-Adhesive Foam Tape Black Strong Tape Pads for DIY Art Crafts Supplies</p><p>$9.99 ($0.08 / Count)</p><a href="https://www.amazon.com/dp/B07JLTGQHX?tag=eloabder-20&linkCode=osi&th=1&psc=1">View Product</a></div><div class="product"><a href="https://www.amazon.com/dp/B005FM6XF4?tag=eloabder-20&linkCode=osi&th=1&psc=1"><img src="https://m.media-amazon.com/images/I/51-vp1WJ89L._SL500_.jpg" alt="Product Image"></a><p>AdTech 5603 Permanent Crafter's Tape, 0.31" x 315", Pack of 4</p><p>$7.84 ($0.07 / Foot)</p><a href="https://www.amazon.com/dp/B005FM6XF4?tag=eloabder-20&linkCode=osi&th=1&psc=1">View Product</a></div><div class="product"><a href="https://www.amazon.com/dp/B0CJF1FLFJ?tag=eloabder-20&linkCode=osi&th=1&psc=1"><img src="https://m.media-amazon.com/images/I/51dig1RqzdL._SL500_.jpg" alt="Product Image"></a><p>UPINS 150Pack Double Sided Foam Tape Strong Sticky Double Sided Foam Pads for Crafts Self-Adhesive Mounting Foam Tape Heavy Duty for Home Wall Decor 40 * 40 * 2mm</p><p>$8.99 ($0.06 / Count)</p><a href="https://www.amazon.com/dp/B0CJF1FLFJ?tag=eloabder-20&linkCode=osi&th=1&psc=1">View Product</a></div><div class="product"><a href="https://www.amazon.com/dp/B0D4YWRGCL?tag=eloabder-20&linkCode=osi&th=1&psc=1"><img src="https://m.media-amazon.com/images/I/41EqJ553-KL._SL500_.jpg" alt="Product Image"></a><p>Amanbo Glue Tape for Scrapbooking, 6 Pack Scrapbook Tape, Double Sided Tape Roller for Crafts, Total 120 Ft x 0.24 in Tape Runner, Craft Supplies for Scrapbooking, Gift Wrapping and Photo Tape</p><p>$6.99</p><a href="https://www.amazon.com/dp/B0D4YWRGCL?tag=eloabder-20&linkCode=osi&th=1&psc=1">View Product</a></div>
<div class="product"><a href="https://www.amazon.com/dp/B0CC5HPPTN?tag=eloabder-20&linkCode=osi&th=1&psc=1"><img src="https://m.media-amazon.com/images/I/519M81S201L._SL500_.jpg" alt="Product Image"></a><p>Airbrush Paint - 30 Colors with 3 Thinner, Ready to Spray Airbrush Paint Set, Water-Based Acrylic Air brush Paints for Metal, Plastic Models, Canvas, Wood, 20ml/Bottle</p><p>$32.99 ($1.48 / Fl Oz)</p><a href="https://www.amazon.com/dp/B0CC5HPPTN?tag=eloabder-20&linkCode=osi&th=1&psc=1">View Product</a></div>
<div class="product"><a href="https://www.amazon.com/dp/B0CXPSGK36?tag=eloabder-20&linkCode=osi&th=1&psc=1"><img src="https://m.media-amazon.com/images/I/51dd2dYOtrL._SL500_.jpg" alt="Product Image"></a><p>Letter Stickers 30 Sheets 1500 PCS Large Alphabet Sticker 2 Inch Vinyl Self Adhesive Stick on Stickers for Water Bottles Cup Mailbox Number Address Craft Scrapbooking Bulletin Board Decor Multicolor</p><p>$9.99</p><a href="https://www.amazon.com/dp/B0CXPSGK36?tag=eloabder-20&linkCode=osi&th=1&psc=1">View Product</a></div><div class="product"><a href="https://www.amazon.com/dp/B07NNYFMGY?tag=eloabder-20&linkCode=osi&th=1&psc=1"><img src="https://m.media-amazon.com/images/I/51yDnU+gEXL._SL500_.jpg" alt="Product Image"></a><p>20 Sheets Alphabet Letter Stickers 10 Colors Self Adhesive Sticker Colorful PU Material Convex Feeling (Colored Letter Stickers 1)</p><p>$6.99 ($0.35 / Count)</p><a href="https://www.amazon.com/dp/B07NNYFMGY?tag=eloabder-20&linkCode=osi&th=1&psc=1">View Product</a></div>

<div class="product"><a href="https://www.amazon.com/dp/B01DDN8854?tag=eloabder-20&linkCode=osi&th=1&psc=1"><img src="https://m.media-amazon.com/images/I/61dPubDZBSL._SL500_.jpg" alt="Product Image"></a><p>Hugs 'n Kisses HNKHABY13 Applique Paper (20 Pack)</p><p>$19.72 ($0.99 / Count)</p><a href="https://www.amazon.com/dp/B01DDN8854?tag=eloabder-20&linkCode=osi&th=1&psc=1">View Product</a></div>
<div class="product"><a href="https://www.amazon.com/dp/B09KPNFJW1?tag=eloabder-20&linkCode=osi&th=1&psc=1"><img src="https://m.media-amazon.com/images/I/41abn5fELmL._SL500_.jpg" alt="Product Image"></a><p>UniPleased Disposable Aprons (50 Count), Plastic apron for Painting Party, Cooking, Housework, Picnic etc.</p><p>$5.69</p><a href="https://www.amazon.com/dp/B09KPNFJW1?tag=eloabder-20&linkCode=osi&th=1&psc=1">View Product</a></div>
<div class="product"><a href="https://www.amazon.com/dp/B087M21MM2?tag=eloabder-20&linkCode=osi&th=1&psc=1"><img src="https://m.media-amazon.com/images/I/41Xf-jehhLL._SL500_.jpg" alt="Product Image"></a><p>GOTIDEAL Stretched Canvas, Multi Pack 4x4, 5x7, 8x10,9x12, 11x14 Set of 10, Primed White - 100% Cotton Artist Canvas Boards for Painting, Acrylic Pouring, Oil Paint Dry & Wet Art Media</p><p>$24.99</p><a href="https://www.amazon.com/dp/B087M21MM2?tag=eloabder-20&linkCode=osi&th=1&psc=1">View Product</a></div><div class="product"><a href="https://www.amazon.com/dp/B00OQJYISG?tag=eloabder-20&linkCode=osi&th=1&psc=1"><img src="https://m.media-amazon.com/images/I/31fEDLPkkcL._SL500_.jpg" alt="Product Image"></a><p>6 Count 12” x 16” Super Value Canvas by Artist's Loft Necessities - Acid Free Cotton Canvas for Paint, Acrylic, & Oils - 1 Pack</p><p>$19.99</p><a href="https://www.amazon.com/dp/B00OQJYISG?tag=eloabder-20&linkCode=osi&th=1&psc=1">View Product</a></div><div class="product"><a href="https://www.amazon.com/dp/B09CDKB9HY?tag=eloabder-20&linkCode=osi&th=1&psc=1"><img src="https://m.media-amazon.com/images/I/51+p5xnClGL._SL500_.jpg" alt="Product Image"></a><p>DPDIAN Canvas Boards for Painting 40 Pack, 8 inch x 10 inch Super Value Pack, Artist Canvas Panels for Oil & Acrylic Painting</p><p>$29.99</p><a href="https://www.amazon.com/dp/B09CDKB9HY?tag=eloabder-20&linkCode=osi&th=1&psc=1">View Product</a></div><div class="product"><a href="https://www.amazon.com/dp/B0CFBGP29G?tag=eloabder-20&linkCode=osi&th=1&psc=1"><img src="https://m.media-amazon.com/images/I/3147Az5plbL._SL500_.jpg" alt="Product Image"></a><p>ArtSkills Stretched Canvases for Painting, 12x16 Canvas Painting Supplies for Artists, Blank Canvas Pack, 2-Pack</p><p>$16.99</p><a href="https://www.amazon.com/dp/B0CFBGP29G?tag=eloabder-20&linkCode=osi&th=1&psc=1">View Product</a></div><div class="product"><a href="https://www.amazon.com/dp/B07BNGQ1SS?tag=eloabder-20&linkCode=osi&th=1&psc=1"><img src="https://m.media-amazon.com/images/I/410ZVtygUwS._SL500_.jpg" alt="Product Image"></a><p>PHOENIX Stretched Canvas for Painting 8x10 Inch/10 Value Pack, 8 Oz Triple Primed 5/8 Inch Profile 100% Cotton White Blank Canvas, Artist Framed Canvas for Oil Acrylic & Pouring Art</p><p>$22.99</p><a href="https://www.amazon.com/dp/B07BNGQ1SS?tag=eloabder-20&linkCode=osi&th=1&psc=1">View Product</a></div><div class="product"><a href="https://www.amazon.com/dp/B0922JP1H4?tag=eloabder-20&linkCode=osi&th=1&psc=1"><img src="https://m.media-amazon.com/images/I/41BmiEND1KL._SL500_.jpg" alt="Product Image"></a><p>GOTIDEAL Canvases for Painting, 18 Pack Canvas Boards Multipack 4x4, 5x7, 8x10, 9x12,11x14,Primed White Blank Artist Canvas Variety Pack for Acrylic Paint, Oil Paint, Watercolor, Gouache</p><p>$19.99</p><a href="https://www.amazon.com/dp/B0922JP1H4?tag=eloabder-20&linkCode=osi&th=1&psc=1">View Product</a></div>


<div class="product"><a href="https://www.amazon.com/dp/B0872VFHBH?tag=eloabder-20&linkCode=osi&th=1&psc=1"><img src="https://m.media-amazon.com/images/I/51k3bekQheS._SL500_.jpg" alt="Product Image"></a><p>Bachmore Drawing Pad 9X12 Inch (110lb/180g), 60 Sheets, Top Spiral Bound Multi-Media for Artist Pro & Amateurs | Acrylic Art, Ink, Paint, Oil Pastels,Watercolor Mixed Media Sketch</p><p>$11.99</p><a href="https://www.amazon.com/dp/B0872VFHBH?tag=eloabder-20&linkCode=osi&th=1&psc=1">View Product</a></div><div class="product"><a href="https://www.amazon.com/dp/B0027A75A4?tag=eloabder-20&linkCode=osi&th=1&psc=1"><img src="https://m.media-amazon.com/images/I/51dyOxxcgYL._SL500_.jpg" alt="Product Image"></a><p>Strathmore 200 Series Sketch Pad, 9x12 inch, 100 Sheets, Tape Bound - Artist Sketchbook for Drawing, Illustration, Art Class Students</p><p>$6.99 ($0.07 / Count)</p><a href="https://www.amazon.com/dp/B0027A75A4?tag=eloabder-20&linkCode=osi&th=1&psc=1">View Product</a></div><div class="product"><a href="https://www.amazon.com/dp/B0BV13YQKX?tag=eloabder-20&linkCode=osi&th=1&psc=1"><img src="https://m.media-amazon.com/images/I/41VYfMpvXUL._SL500_.jpg" alt="Product Image"></a><p>Canson Graduate Watercolor Pad, Foldover, 9x12 inch, 20 Sheets | Artist Paper for Adults and Students - Painting, Gouache, Mixed Media and Ink</p><p>$4.97 ($0.41 / Count)</p><a href="https://www.amazon.com/dp/B0BV13YQKX?tag=eloabder-20&linkCode=osi&th=1&psc=1">View Product</a></div><div class="product"><a href="https://www.amazon.com/dp/B0024KMQ6K?tag=eloabder-20&linkCode=osi&th=1&psc=1"><img src="https://m.media-amazon.com/images/I/51sYdvPPUCL._SL500_.jpg" alt="Product Image"></a><p>Strathmore 400 Series Pastel Pad, Assorted Colors, 9"x12" Glue Bound, 24 Sheets</p><p>$9.11</p><a href="https://www.amazon.com/dp/B0024KMQ6K?tag=eloabder-20&linkCode=osi&th=1&psc=1">View Product</a></div><div class="product"><a href="https://www.amazon.com/dp/B00246O6PI?tag=eloabder-20&linkCode=osi&th=1&psc=1"><img src="https://m.media-amazon.com/images/I/517TUmckOIL._SL500_.jpg" alt="Product Image"></a><p>Strathmore 300 Series Drawing Paper Pad, Top Wire Bound, 11x14 inches, 50 Sheets (70lb/114g) - Artist Paper for Adults and Students - Charcoal, Colored Pencil, Ink, Pastel, Marker</p><p>$13.33</p><a href="https://www.amazon.com/dp/B00246O6PI?tag=eloabder-20&linkCode=osi&th=1&psc=1">View Product</a></div>
<div class="product"><a href="https://www.amazon.com/dp/B08ZMH7LJY?tag=eloabder-20&linkCode=osi&th=1&psc=1"><img src="https://m.media-amazon.com/images/I/51mJIsLJA-S._SL500_.jpg" alt="Product Image"></a><p>PANDAFLY Professional Drawing Sketching Pencil Set - 12 Pieces Graphite Pencils(14B - 2H), Ideal for Drawing Art, Sketching, Shading, Artist Pencils for Beginners & Pro Artists</p><p>$5.11</p><a href="https://www.amazon.com/dp/B08ZMH7LJY?tag=eloabder-20&linkCode=osi&th=1&psc=1">View Product</a></div><div class="product"><a href="https://www.amazon.com/dp/B088K1G5NL?tag=eloabder-20&linkCode=osi&th=1&psc=1"><img src="https://m.media-amazon.com/images/I/51F2bOMZWnL._SL500_.jpg" alt="Product Image"></a><p>MARKART Professional Drawing Sketching Pencil Set - 14 Pieces,Graphite,(12B - 4H), Ideal for Drawing Art, Sketching, Shading, Artist Pencils for Beginners & Pro Artists</p><p>$5.24</p><a href="https://www.amazon.com/dp/B088K1G5NL?tag=eloabder-20&linkCode=osi&th=1&psc=1">View Product</a></div><div class="product"><a href="https://www.amazon.com/dp/B08FHMRW4L?tag=eloabder-20&linkCode=osi&th=1&psc=1"><img src="https://m.media-amazon.com/images/I/51Pmn5gjyzL._SL500_.jpg" alt="Product Image"></a><p>Mr. Pen- Sketch Pencils for Drawing, 14 Pack, Drawing Pencils, Art Pencils, Graphite Pencils, Graphite Pencils for Drawing, Art Pencils for Drawing and Shading</p><p>$5.95</p><a href="https://www.amazon.com/dp/B08FHMRW4L?tag=eloabder-20&linkCode=osi&th=1&psc=1">View Product</a></div><div class="product"><a href="https://www.amazon.com/dp/B0BNQ58DC4?tag=eloabder-20&linkCode=osi&th=1&psc=1"><img src="https://m.media-amazon.com/images/I/51e-gQtCcCL._SL500_.jpg" alt="Product Image"></a><p>MARTCOLOR Drawing Sketching Pencils Set, 12 Pack Graphite Pencils(14B - 2H), Ideal for Drawing Art, Sketching, Shading, Artist Pencils for Beginners & Pro Artists</p><p>$5.99</p><a href="https://www.amazon.com/dp/B0BNQ58DC4?tag=eloabder-20&linkCode=osi&th=1&psc=1">View Product</a></div>

<div class="product"><a href="https://www.amazon.com/dp/B0851M3749?tag=eloabder-20&linkCode=osi&th=1&psc=1"><img src="https://m.media-amazon.com/images/I/41KKSGSDl5L._SL500_.jpg" alt="Product Image"></a><p>N NOROCME 12 PCS Blending Stumps and Tortillions Paper Art Blenders with Sandpaper Pencil Sharpener Pointer for Student Artist Charcoal Sketch Drawing Tools</p><p>$4.99</p><a href="https://www.amazon.com/dp/B0851M3749?tag=eloabder-20&linkCode=osi&th=1&psc=1">View Product</a></div><div class="product"><a href="https://www.amazon.com/dp/B09J3HKN8F?tag=eloabder-20&linkCode=osi&th=1&psc=1"><img src="https://m.media-amazon.com/images/I/51Qvx81eQLL._SL500_.jpg" alt="Product Image"></a><p>Eraser Pencils Set for Artists, Wooden Sketch Eraser Pen for Charcoal Drawings, Professional Highlight Painting Eraser for Sketching, Revise Erasing Details for Students Limner</p><p>$6.99</p><a href="https://www.amazon.com/dp/B09J3HKN8F?tag=eloabder-20&linkCode=osi&th=1&psc=1">View Product</a></div>
<div class="product"><a href="https://www.amazon.com/dp/B09WCQ89T8?tag=eloabder-20&linkCode=osi&th=1&psc=1"><img src="https://m.media-amazon.com/images/I/41gZz0qgBFL._SL500_.jpg" alt="Product Image"></a><p>Bernat BABY BLANKET BB Blue Dreams Yarn - 1 Pack of 10.5oz/300g - Polyester - #6 Super Bulky - 220 Yards - Knitting/Crochet</p><p>$6.97</p><a href="https://www.amazon.com/dp/B09WCQ89T8?tag=eloabder-20&linkCode=osi&th=1&psc=1">View Product</a></div><div class="product"><a href="https://www.amazon.com/dp/B07V5JVNFD?tag=eloabder-20&linkCode=osi&th=1&psc=1"><img src="https://m.media-amazon.com/images/I/41IS+HdtiOL._SL500_.jpg" alt="Product Image"></a><p>Lion Brand Yarn Basic Stitch Anti-Pilling Knitting Yarn, Yarn for Crocheting, 1-Pack, Baby Blue</p><p>$8.40 ($0.02 / Foot)</p><a href="https://www.amazon.com/dp/B07V5JVNFD?tag=eloabder-20&linkCode=osi&th=1&psc=1">View Product</a></div><div class="product"><a href="https://www.amazon.com/dp/B01M0AJID2?tag=eloabder-20&linkCode=osi&th=1&psc=1"><img src="https://m.media-amazon.com/images/I/41yVau0AUpL._SL500_.jpg" alt="Product Image"></a><p>Lion Brand Yarn (1 Skein) Lion Brand Yarn Babysoft Baby Yarn Yarn, Little Boy Blue Multicolor</p><p>$7.19 ($0.01 / Foot)</p><a href="https://www.amazon.com/dp/B01M0AJID2?tag=eloabder-20&linkCode=osi&th=1&psc=1">View Product</a></div><div class="product"><a href="https://www.amazon.com/dp/B09W1KHF42?tag=eloabder-20&linkCode=osi&th=1&psc=1"><img src="https://m.media-amazon.com/images/I/41maDlrio5L._SL500_.jpg" alt="Product Image"></a><p>Red Heart Super Saver Light Blue Yarn - 3 Pack of 198g/7oz - Acrylic - 4 Medium (Worsted) - 364 Yards - Knitting/Crochet</p><p>$13.29 ($4.43 / Count)</p><a href="https://www.amazon.com/dp/B09W1KHF42?tag=eloabder-20&linkCode=osi&th=1&psc=1">View Product</a></div><div class="product"><a href="https://www.amazon.com/dp/B08LKVZ3CX?tag=eloabder-20&linkCode=osi&th=1&psc=1"><img src="https://m.media-amazon.com/images/I/41GLizNx8UL._SL500_.jpg" alt="Product Image"></a><p>Bernat Baby Blanket Baby Blue Yarn - 3 Pack of 100g/3.5oz - Polyester - 6 Super Bulky - 72 Yards - Knitting/Crochet</p><p>$21.81</p><a href="https://www.amazon.com/dp/B08LKVZ3CX?tag=eloabder-20&linkCode=osi&th=1&psc=1">View Product</a></div><div class="product"><a href="https://www.amazon.com/dp/B0CHJ95WHJ?tag=eloabder-20&linkCode=osi&th=1&psc=1"><img src="https://m.media-amazon.com/images/I/314E1EQdihL._SL500_.jpg" alt="Product Image"></a><p>NORCIA Soft Velvet Yarn Chenille Yarn for Crocheting Baby Blanket Yarn for Knitting Amigurumi Yarn Fancy Yarn for Crochet Weaving Craft (Baby Blue, 1 Skein)</p><p>$9.99</p><a href="https://www.amazon.com/dp/B0CHJ95WHJ?tag=eloabder-20&linkCode=osi&th=1&psc=1">View Product</a></div>
<div class="product"><a href="https://www.amazon.com/dp/B0779F2TXJ?tag=eloabder-20&linkCode=osi&th=1&psc=1"><img src="https://m.media-amazon.com/images/I/31kqZr8DJzL._SL500_.jpg" alt="Product Image"></a><p>OPENDGO Feather Ballpoint Pen ，Black Ink Vintage Feather Quill Refined Plated Rod Quill Ballpoint Pen For School Writing ▏Wedding Gift Signature Pen (Black)</p><p>$6.97</p><a href="https://www.amazon.com/dp/B0779F2TXJ?tag=eloabder-20&linkCode=osi&th=1&psc=1">View Product</a></div><div class="product"><a href="https://www.amazon.com/dp/B0CQF3BJ3S?tag=eloabder-20&linkCode=osi&th=1&psc=1"><img src="https://m.media-amazon.com/images/I/41gs6AOiP6L._SL500_.jpg" alt="Product Image"></a><p>3 in 1 Retractable Ballpoint Pen with Light and Stylus, Nice Pens for Journaling Writing in The Dark - White/Red Light Tip- 0.7mm Black Ink</p><p>$12.99</p><a href="https://www.amazon.com/dp/B0CQF3BJ3S?tag=eloabder-20&linkCode=osi&th=1&psc=1">View Product</a></div><div class="product"><a href="https://www.amazon.com/dp/B08BBZ3B8G?tag=eloabder-20&linkCode=osi&th=1&psc=1"><img src="https://m.media-amazon.com/images/I/41cMHyw60wL._SL500_.jpg" alt="Product Image"></a><p>Mr. Pen- Pens, Black Pens, 12 Pack, Fast Dry, No Smear Pens, Bible Pens, Pens for Journaling, Pens No Bleed Through, Pens Fine Point, Journal Pens, Fine Tip, Planner Pens, Ball Point Journal Pens</p><p>$9.99</p><a href="https://www.amazon.com/dp/B08BBZ3B8G?tag=eloabder-20&linkCode=osi&th=1&psc=1">View Product</a></div><div class="product"><a href="https://www.amazon.com/dp/B0D4YWWGX6?tag=eloabder-20&linkCode=osi&th=1&psc=1"><img src="https://m.media-amazon.com/images/I/31xHBCCzJqL._SL500_.jpg" alt="Product Image"></a><p>PATIKIL 21cm/8" Feather Ballpoint Pen, 1Pcs Ink Vintage Quill Pen Refined Plated Dip Pen for Calligraphy Writing Signature Wedding Gift, Yellow</p><p>$7.49</p><a href="https://www.amazon.com/dp/B0D4YWWGX6?tag=eloabder-20&linkCode=osi&th=1&psc=1">View Product</a></div>

<div class="product"><a href="https://www.amazon.com/dp/B001TLDEVQ?tag=eloabder-20&linkCode=osi&th=1&psc=1"><img src="https://m.media-amazon.com/images/I/41jYF39F6lL._SL500_.jpg" alt="Product Image"></a><p>Beadalon SuppleMax Illusion Beading Cord, 0.40 mm / 0.016 in, Clear Monofilament, 50 m / 164 ft</p><p>$4.74</p><a href="https://www.amazon.com/dp/B001TLDEVQ?tag=eloabder-20&linkCode=osi&th=1&psc=1">View Product</a></div><div class="product"><a href="https://www.amazon.com/dp/B0D2HVFZ7Q?tag=eloabder-20&linkCode=osi&th=1&psc=1"><img src="https://m.media-amazon.com/images/I/41R66LMYz7L._SL500_.jpg" alt="Product Image"></a><p>Zxiixz 116Yards 0.5mm Bracelet String, Waxed String Cord for Bracelet Making, Beading Thread for Bracelet Beads, Friendship Bracelet String for Bracelet Making, Waxed Polyester Cord for Jewelry Making</p><p>$6.99</p><a href="https://www.amazon.com/dp/B0D2HVFZ7Q?tag=eloabder-20&linkCode=osi&th=1&psc=1">View Product</a></div><div class="product"><a href="https://www.amazon.com/dp/B07BNF8KH5?tag=eloabder-20&linkCode=osi&th=1&psc=1"><img src="https://m.media-amazon.com/images/I/51jVByheyVL._SL500_.jpg" alt="Product Image"></a><p>PH PandaHall 100 Yards 1mm Waxed Cotton Cord Thread Beading String for Bracelet Necklace Making Crafting Beading Macrame Vase Decor, Burlywood</p><p>$7.19 ($0.02 / Foot)</p><a href="https://www.amazon.com/dp/B07BNF8KH5?tag=eloabder-20&linkCode=osi&th=1&psc=1">View Product</a></div><div class="product"><a href="https://www.amazon.com/dp/B07HBPGXJG?tag=eloabder-20&linkCode=osi&th=1&psc=1"><img src="https://m.media-amazon.com/images/I/41xi8gO6kDL._SL500_.jpg" alt="Product Image"></a><p>Paxcoo 0.8mm Elastic String, Stretchy Bracelet String Crystal String Bead Cord for Bracelet, Beading and Jewelry Making (120m)</p><p>$6.99 ($0.02 / Foot)</p><a href="https://www.amazon.com/dp/B07HBPGXJG?tag=eloabder-20&linkCode=osi&th=1&psc=1">View Product</a></div><div class="product"><a href="https://www.amazon.com/dp/B0CNPST7D9?tag=eloabder-20&linkCode=osi&th=1&psc=1"><img src="https://m.media-amazon.com/images/I/41A9VISFC4L._SL500_.jpg" alt="Product Image"></a><p>Kblick Black Nylon String Cord - 1MM 100 Yards Black Twine, Bracelet String for Bracelet Making, Braided Ornament Lanyard Sting, Jewelry Thread Clay Bead String for Crafts, Macrame Satin Cord</p><p>$5.99 ($0.02 / Foot)</p><a href="https://www.amazon.com/dp/B0CNPST7D9?tag=eloabder-20&linkCode=osi&th=1&psc=1">View Product</a></div><div class="product"><a href="https://www.amazon.com/dp/B08GC3JF9X?tag=eloabder-20&linkCode=osi&th=1&psc=1"><img src="https://m.media-amazon.com/images/I/41FQZYhvQpL._SL500_.jpg" alt="Product Image"></a><p>Cheriswelry 100M 0.8mm Nylon Beading Cord Black Chinese Knotting Rattail Macrame Thread String Roll for Jewelry Making Kumihimo Wrapping Supplies DIY Crafts</p><p>$6.99 ($0.02 / Fl Oz)</p><a href="https://www.amazon.com/dp/B08GC3JF9X?tag=eloabder-20&linkCode=osi&th=1&psc=1">View Product</a></div><div class="product"><a href="https://www.amazon.com/dp/B0B3V9RWQC?tag=eloabder-20&linkCode=osi&th=1&psc=1"><img src="https://m.media-amazon.com/images/I/41F-OP+yCxL._SL500_.jpg" alt="Product Image"></a><p>Griffin Silk Bead Cord Perlseide – Black Color – Size 3 (0.50mm) – 2 Meters per Card – Stainless Steel Needle Attached – for Knotting Pearls, Gemstones, Crystals and Beads</p><p>$4.99 ($0.76 / Foot)</p><a href="https://www.amazon.com/dp/B0B3V9RWQC?tag=eloabder-20&linkCode=osi&th=1&psc=1">View Product</a></div><div class="product"><a href="https://www.amazon.com/dp/B08F49YVQP?tag=eloabder-20&linkCode=osi&th=1&psc=1"><img src="https://m.media-amazon.com/images/I/41yCMIpj0rS._SL500_.jpg" alt="Product Image"></a><p>1mm Stretchy Bracelet String, Sturdy Rainbow Elastic String Elastic Cord for Jewelry Making, Necklaces, Beading and Crafts</p><p>$6.99 ($0.04 / Foot)</p><a href="https://www.amazon.com/dp/B08F49YVQP?tag=eloabder-20&linkCode=osi&th=1&psc=1">View Product</a></div>

<div class="product"><a href="https://www.amazon.com/dp/B001GMUBJ6?tag=eloabder-20&linkCode=osi&th=1&psc=1"><img src="https://m.media-amazon.com/images/I/41V5qzn3H5L._SL500_.jpg" alt="Product Image"></a><p>The Beadsmith Fireline by Berkley – Micro-Fused Braided Thread – 6lb. Test, 006”/.15mm Diameter, 50 Yard Spool, Crystal Color – Super Strong Stringing Material for Jewelry Making and Bead Weaving</p><p>$12.59</p><a href="https://www.amazon.com/dp/B001GMUBJ6?tag=eloabder-20&linkCode=osi&th=1&psc=1">View Product</a></div><div class="product"><a href="https://www.amazon.com/dp/B001UAKK0Y?tag=eloabder-20&linkCode=osi&th=1&psc=1"><img src="https://m.media-amazon.com/images/I/41rY1D0wfuL._SL500_.jpg" alt="Product Image"></a><p>Beadalon Wildfire, 0.006 in, 0.15 mm, Break Strength 10 lb / 4.5 kg, Frost, 50 yd / 45 m</p><p>$8.85 ($0.06 / Foot)</p><a href="https://www.amazon.com/dp/B001UAKK0Y?tag=eloabder-20&linkCode=osi&th=1&psc=1">View Product</a></div><div class="product"><a href="https://www.amazon.com/dp/B095WY58F4?tag=eloabder-20&linkCode=osi&th=1&psc=1"><img src="https://m.media-amazon.com/images/I/41mXRfJqcjL._SL500_.jpg" alt="Product Image"></a><p>PH PandaHall 0.1mm Nylon Seed Bead Thread 100 Yards Black White Bracelet Cord Beading Thread Invisible Sewing Thread Nylon Braided Thread String for Leather Stitching Beading Jewelry Bracelets Making</p><p>$9.99 ($0.03 / Foot)</p><a href="https://www.amazon.com/dp/B095WY58F4?tag=eloabder-20&linkCode=osi&th=1&psc=1">View Product</a></div><div class="product"><a href="https://www.amazon.com/dp/B08RN2R2SZ?tag=eloabder-20&linkCode=osi&th=1&psc=1"><img src="https://m.media-amazon.com/images/I/41Tg2MMC++L._SL500_.jpg" alt="Product Image"></a><p>KO Nylon Beading Thread, White Color, Japanese Pre-Waxed 100% Nylon, 330TEX, Tangle Resistant Knotting Cords, 50m /55 yds Spool, Use for Seed Bead Projects, Loom Work & Bead Weaving</p><p>$7.06 ($0.04 / Foot)</p><a href="https://www.amazon.com/dp/B08RN2R2SZ?tag=eloabder-20&linkCode=osi&th=1&psc=1">View Product</a></div><div class="product"><a href="https://www.amazon.com/dp/B09J89ST79?tag=eloabder-20&linkCode=osi&th=1&psc=1"><img src="https://m.media-amazon.com/images/I/41hLuuOZeXL._SL500_.jpg" alt="Product Image"></a><p>2 Roll Polyester Thread, Heavy Duty Thread, 1500Yard/Reel 210D/3 nylon thread for sewing, Sewing Thread for Upholstery, Outdoor Market, Drapery, Leather, Beading, Crafts</p><p>$7.99 ($0.00 / Foot)</p><a href="https://www.amazon.com/dp/B09J89ST79?tag=eloabder-20&linkCode=osi&th=1&psc=1">View Product</a></div><div class="product"><a href="https://www.amazon.com/dp/B0C6MSY7QQ?tag=eloabder-20&linkCode=osi&th=1&psc=1"><img src="https://m.media-amazon.com/images/I/31Bn-MyA62L._SL500_.jpg" alt="Product Image"></a><p>PH PandaHall 0.1mm Nylon String 100 Yards Beading Thread White Nylon Seed Bead Thread Bracelet Beading Thread Sewing String for Leather Stitching Beading Jewelry Bracelets Making</p><p>$7.99 ($0.03 / Foot)</p><a href="https://www.amazon.com/dp/B0C6MSY7QQ?tag=eloabder-20&linkCode=osi&th=1&psc=1">View Product</a></div>

<div class="product"><a href="https://www.amazon.com/dp/B07NMNDT1W?tag=eloabder-20&linkCode=osi&th=1&psc=1"><img src="https://m.media-amazon.com/images/I/41-zwQIcVcL._SL500_.jpg" alt="Product Image"></a><p>Howemon White Beeswax Pellets 2LB 100% Pure and Natural Triple Filtered for Skin, Face, Body and Hair Care DIY Creams, Lotions, Lip Balm and Soap Making Supplies</p><p>$13.99 ($0.44 / Fl Oz)</p><a href="https://www.amazon.com/dp/B07NMNDT1W?tag=eloabder-20&linkCode=osi&th=1&psc=1">View Product</a></div><div class="product"><a href="https://www.amazon.com/dp/B00B3U0FW4?tag=eloabder-20&linkCode=osi&th=1&psc=1"><img src="https://m.media-amazon.com/images/I/51rWFCST+TL._SL500_.jpg" alt="Product Image"></a><p>Beesworks Yellow Beeswax Pellets (1 lb) | 100% Pure, Cosmetic Grade, Triple-Filtered Beeswax for DIY Skin care, Lip Balm, Lotion, and Candle Making</p><p>$13.99 ($0.87 / Ounce)</p><a href="https://www.amazon.com/dp/B00B3U0FW4?tag=eloabder-20&linkCode=osi&th=1&psc=1">View Product</a></div><div class="product"><a href="https://www.amazon.com/dp/B01LWX2IO1?tag=eloabder-20&linkCode=osi&th=1&psc=1"><img src="https://m.media-amazon.com/images/I/41MlNqhDyCL._SL500_.jpg" alt="Product Image"></a><p>Beesworks Yellow Beeswax Bars (6 oz) | 100% Pure, Cosmetic Grade, Triple-Filtered Beeswax for DIY Skin Care, Lip Balm, Lotion and Candle Making (1 oz Bars - Pack of 6)</p><p>$6.99</p><a href="https://www.amazon.com/dp/B01LWX2IO1?tag=eloabder-20&linkCode=osi&th=1&psc=1">View Product</a></div><div class="product"><a href="https://www.amazon.com/dp/B0BV77F19N?tag=eloabder-20&linkCode=osi&th=1&psc=1"><img src="https://m.media-amazon.com/images/I/41xzHaO1-EL._SL500_.jpg" alt="Product Image"></a><p>Beeswax Pellets 10LB Cosmetic Beeswax Triple Filtered Beeswax Pastilles for Candle Making Great for DIY Projects Creams Lotions Lip Balm and Soap Making Supplies(10LB)</p><p>$32.99</p><a href="https://www.amazon.com/dp/B0BV77F19N?tag=eloabder-20&linkCode=osi&th=1&psc=1">View Product</a></div><div class="product"><a href="https://www.amazon.com/dp/B0C9QSG3CY?tag=eloabder-20&linkCode=osi&th=1&psc=1"><img src="https://m.media-amazon.com/images/I/414XQcU6SRL._SL500_.jpg" alt="Product Image"></a><p>YASNAY White Beeswax Pellets 2LB, 100% Organic Beeswax, Beeswax for Candle Making, Body, Skin Care DIY, Lip Balm and Soap Making Supplies</p><p>$11.99</p><a href="https://www.amazon.com/dp/B0C9QSG3CY?tag=eloabder-20&linkCode=osi&th=1&psc=1">View Product</a></div><div class="product"><a href="https://www.amazon.com/dp/B097HTC4WN?tag=eloabder-20&linkCode=osi&th=1&psc=1"><img src="https://m.media-amazon.com/images/I/51pwMM7C6-L._SL500_.jpg" alt="Product Image"></a><p>Eco Lux 8 Yellow Beeswax Blocks 100% Pure Natural Organic Bees Wax 6.5oz</p><p>$8.49 ($1.35 / Ounce)</p><a href="https://www.amazon.com/dp/B097HTC4WN?tag=eloabder-20&linkCode=osi&th=1&psc=1">View Product</a></div><div class="product"><a href="https://www.amazon.com/dp/B00HDHQQCE?tag=eloabder-20&linkCode=osi&th=1&psc=1"><img src="https://m.media-amazon.com/images/I/41vF-7MwNhL._SL500_.jpg" alt="Product Image"></a><p>Murray's 100% Pure Beeswax 4 oz</p><p>$5.98 ($1.50 / Ounce)</p><a href="https://www.amazon.com/dp/B00HDHQQCE?tag=eloabder-20&linkCode=osi&th=1&psc=1">View Product</a></div><div class="product"><a href="https://www.amazon.com/dp/B09YM8JTLM?tag=eloabder-20&linkCode=osi&th=1&psc=1"><img src="https://m.media-amazon.com/images/I/41cjNuBnFEL._SL500_.jpg" alt="Product Image"></a><p>TRINIDa Beeswax Pellets 2LB(32 oz), 100% Organic Yellow Bees Wax for DIY Candles, Beeswax for Candle Making, Skin, Body, Face, and Hair Care, Lotions, DIY Creams, Lip Balm and Soap Making Supplies</p><p>$11.99</p><a href="https://www.amazon.com/dp/B09YM8JTLM?tag=eloabder-20&linkCode=osi&th=1&psc=1">View Product</a></div><div class="product"><a href="https://www.amazon.com/dp/B00F3CNMV4?tag=eloabder-20&linkCode=osi&th=1&psc=1"><img src="https://m.media-amazon.com/images/I/31pjrRAEa4L._SL500_.jpg" alt="Product Image"></a><p>Stakich Yellow Beeswax Block - Natural, Triple Filtered - 1 Pound, Honey Scent</p><p>$13.95 ($0.87 / Ounce)</p><a href="https://www.amazon.com/dp/B00F3CNMV4?tag=eloabder-20&linkCode=osi&th=1&psc=1">View Product</a></div><div class="product"><a href="https://www.amazon.com/dp/B0BXFZBZS9?tag=eloabder-20&linkCode=osi&th=1&psc=1"><img src="https://m.media-amazon.com/images/I/4178i9IB9KL._SL500_.jpg" alt="Product Image"></a><p>5LB Beeswax Pellets Beeswax for Candle Making Organic Beeswax Pellets for Skin Beeswax Beads Beeswax Bulk Beeswax for Lotion Making Organic for DIY and Craft Project</p><p>$22.99</p><a href="https://www.amazon.com/dp/B0BXFZBZS9?tag=eloabder-20&linkCode=osi&th=1&psc=1">View Product</a></div>
<div class="product"><a href="https://www.amazon.com/dp/B0052F1BVK?tag=eloabder-20&linkCode=osi&th=1&psc=1"><img src="https://m.media-amazon.com/images/I/41zE9eiGoLL._SL500_.jpg" alt="Product Image"></a><p>ACC Staples Large Binder Clips, 2" Width, 1" Capacity, Black, 12/Pk</p><p>$6.30</p><a href="https://www.amazon.com/dp/B0052F1BVK?tag=eloabder-20&linkCode=osi&th=1&psc=1">View Product</a></div><div class="product"><a href="https://www.amazon.com/dp/B07MLFR771?tag=eloabder-20&linkCode=osi&th=1&psc=1"><img src="https://m.media-amazon.com/images/I/51N2wxA7N0L._SL500_.jpg" alt="Product Image"></a><p>CooBigo 50 Pack Binder Ring, Metal Book Ring Paper Ring Holder 5/8-Inch Loose Leaf Binder Ring Clip for Index Card, Flash Card Ring, Card Calendar, Keychain Key Ring - Bronze</p><p>$6.99</p><a href="https://www.amazon.com/dp/B07MLFR771?tag=eloabder-20&linkCode=osi&th=1&psc=1">View Product</a></div><div class="product"><a href="https://www.amazon.com/dp/B01563NHGY?tag=eloabder-20&linkCode=osi&th=1&psc=1"><img src="https://m.media-amazon.com/images/I/41gj+0ZftqL._SL500_.jpg" alt="Product Image"></a><p>vanki Pack of 40 Cute Lovely Smiling Face Spring-Loaded File Organizer Paper Holder Metal Binder Clips, Assorted Color</p><p>$8.99</p><a href="https://www.amazon.com/dp/B01563NHGY?tag=eloabder-20&linkCode=osi&th=1&psc=1">View Product</a></div><div class="product"><a href="https://www.amazon.com/dp/B000GOUDSO?tag=eloabder-20&linkCode=osi&th=1&psc=1"><img src="https://m.media-amazon.com/images/I/41ZANISHgML._SL500_.jpg" alt="Product Image"></a><p>Small Binder Clips .75" 8/Pkg-Assorted Colors</p><p>$4.46</p><a href="https://www.amazon.com/dp/B000GOUDSO?tag=eloabder-20&linkCode=osi&th=1&psc=1">View Product</a></div>
<div class="product"><a href="https://www.amazon.com/dp/B07PRPX4VR?tag=eloabder-20&linkCode=osi&th=1&psc=1"><img src="https://m.media-amazon.com/images/I/41IMH12fdPL._SL500_.jpg" alt="Product Image"></a><p>Durable Sheet Lifters, Durable Easy Flow, 11" x 3", Lifts Sheets Over Rings and Protects Sheets from Tearing, Fit Standard 3-Ring Binders, Black (20 Pack)</p><p>$14.99</p><a href="https://www.amazon.com/dp/B07PRPX4VR?tag=eloabder-20&linkCode=osi&th=1&psc=1">View Product</a></div><div class="product"><a href="https://www.amazon.com/dp/B0CM8QJHFW?tag=eloabder-20&linkCode=osi&th=1&psc=1"><img src="https://m.media-amazon.com/images/I/31cJGS74oCL._SL500_.jpg" alt="Product Image"></a><p>Wantane D-Shaped Tape Storage Ring Tape Storage Ring 4" D-Shaped Washi Tape Storage Ring for DIY Decoration and Storage（Nickel）-2PCS</p><p>$7.99</p><a href="https://www.amazon.com/dp/B0CM8QJHFW?tag=eloabder-20&linkCode=osi&th=1&psc=1">View Product</a></div>
<div class="product"><a href="https://www.amazon.com/dp/B00006IAS3?tag=eloabder-20&linkCode=osi&th=1&psc=1"><img src="https://m.media-amazon.com/images/I/317DvSXhT1L._SL500_.jpg" alt="Product Image"></a><p>GBC Binding System, Manual, Desktop Binding Punch, 6 Sheet Punch Capacity, ProClick P50 (2515650)</p><p>$123.89</p><a href="https://www.amazon.com/dp/B00006IAS3?tag=eloabder-20&linkCode=osi&th=1&psc=1">View Product</a></div><div class="product"><a href="https://www.amazon.com/dp/B004BP81KQ?tag=eloabder-20&linkCode=osi&th=1&psc=1"><img src="https://m.media-amazon.com/images/I/51SqfeZ12KL._SL500_.jpg" alt="Product Image"></a><p>We R Memory Keepers Cinch Book Binding Wire (1-Inch, Silver (2 Pack))</p><p>$5.99</p><a href="https://www.amazon.com/dp/B004BP81KQ?tag=eloabder-20&linkCode=osi&th=1&psc=1">View Product</a></div>

<div class="product"><a href="https://www.amazon.com/dp/B0007ZJ8TM?tag=eloabder-20&linkCode=osi&th=1&psc=1"><img src="https://m.media-amazon.com/images/I/41i49sz3UAL._SL500_.jpg" alt="Product Image"></a><p>Speedball Super Black India Ink, 2-Ounce</p><p>$9.99 ($9.99 / Count)</p><a href="https://www.amazon.com/dp/B0007ZJ8TM?tag=eloabder-20&linkCode=osi&th=1&psc=1">View Product</a></div><div class="product"><a href="https://www.amazon.com/dp/B0026I10AI?tag=eloabder-20&linkCode=osi&th=1&psc=1"><img src="https://m.media-amazon.com/images/I/31vklP4uBsL._SL500_.jpg" alt="Product Image"></a><p>Dr. Ph. Martin's Bombay India (7BY) Ink Bottle, 1.0 oz, Black</p><p>$6.99</p><a href="https://www.amazon.com/dp/B0026I10AI?tag=eloabder-20&linkCode=osi&th=1&psc=1">View Product</a></div><div class="product"><a href="https://www.amazon.com/dp/B000KNP96C?tag=eloabder-20&linkCode=osi&th=1&psc=1"><img src="https://m.media-amazon.com/images/I/51e9srYtG0L._SL500_.jpg" alt="Product Image"></a><p>Winsor & Newton Drawing Ink, 14ml Bottle, Black Indian</p><p>$10.99</p><a href="https://www.amazon.com/dp/B000KNP96C?tag=eloabder-20&linkCode=osi&th=1&psc=1">View Product</a></div><div class="product"><a href="https://www.amazon.com/dp/B07BQG5QF4?tag=eloabder-20&linkCode=osi&th=1&psc=1"><img src="https://m.media-amazon.com/images/I/41nEMDYZaiL._SL500_.jpg" alt="Product Image"></a><p>Speedball Super Black India Ink, 16-Ounce</p><p>$19.99</p><a href="https://www.amazon.com/dp/B07BQG5QF4?tag=eloabder-20&linkCode=osi&th=1&psc=1">View Product</a></div><div class="product"><a href="https://www.amazon.com/dp/B001038NLY?tag=eloabder-20&linkCode=osi&th=1&psc=1"><img src="https://m.media-amazon.com/images/I/418i4sxJJ0L._SL500_.jpg" alt="Product Image"></a><p>Speedball Fabric Screen Printing Ink, 8-Ounce, Black for T-Shirt and Silkscreen Printmaking</p><p>$12.99 ($1.62 / Fl Oz)</p><a href="https://www.amazon.com/dp/B001038NLY?tag=eloabder-20&linkCode=osi&th=1&psc=1">View Product</a></div><div class="product"><a href="https://www.amazon.com/dp/B00161OPSA?tag=eloabder-20&linkCode=osi&th=1&psc=1"><img src="https://m.media-amazon.com/images/I/41C32y3CJAL._SL500_.jpg" alt="Product Image"></a><p>Tsukineko VersaFine inkpad, Full-Size, Onyx Black</p><p>$4.99 ($4.99 / Count)</p><a href="https://www.amazon.com/dp/B00161OPSA?tag=eloabder-20&linkCode=osi&th=1&psc=1">View Product</a></div>
<div class="product"><a href="https://www.amazon.com/dp/B07Q4TJCDJ?tag=eloabder-20&linkCode=osi&th=1&psc=1"><img src="https://m.media-amazon.com/images/I/315HYvYg-BL._SL500_.jpg" alt="Product Image"></a><p>Primbeeks 300pcs Blank Business Cards, Premium Blank White Cards, 3.5" x 2.2" Small Blank Cards, Blank Cardstock Cards, Small Note Cards, white blank cards, white business cards, kraft paper cards</p><p>$7.99</p><a href="https://www.amazon.com/dp/B07Q4TJCDJ?tag=eloabder-20&linkCode=osi&th=1&psc=1">View Product</a></div><div class="product"><a href="https://www.amazon.com/dp/B0CRGHFLT8?tag=eloabder-20&linkCode=osi&th=1&psc=1"><img src="https://m.media-amazon.com/images/I/41S1NLpb8hL._SL500_.jpg" alt="Product Image"></a><p>Watercolor Cards and Envelopes Set - 50 Folded 5x7 Inch Blank Heavyweight Paper Cards (140lb/300gsm) with Matching Envelopes for DIY Greeting Cards, Festivals, and Events</p><p>$17.99 ($0.36 / Count)</p><a href="https://www.amazon.com/dp/B0CRGHFLT8?tag=eloabder-20&linkCode=osi&th=1&psc=1">View Product</a></div><div class="product"><a href="https://www.amazon.com/dp/B08MX4TZ3H?tag=eloabder-20&linkCode=osi&th=1&psc=1"><img src="https://m.media-amazon.com/images/I/41D2u4vdLQL._SL500_.jpg" alt="Product Image"></a><p>50 Pack Blank Kraft Cards Cardstock Thick Paper Brown Greeting Cards for DIY Gift Card Menus, Baby Shower and Wedding Invitations (Multicolored, 5x7IN)</p><p>$8.99</p><a href="https://www.amazon.com/dp/B08MX4TZ3H?tag=eloabder-20&linkCode=osi&th=1&psc=1">View Product</a></div><div class="product"><a href="https://www.amazon.com/dp/B08BDGGVMK?tag=eloabder-20&linkCode=osi&th=1&psc=1"><img src="https://m.media-amazon.com/images/I/41W-dTUoBqL._SL500_.jpg" alt="Product Image"></a><p>100pcs 3.54"x2" Blank Kraft Paper Business Card, Words Message Notes paper Tags, Mini Craft Cardboard Festival gifts - 6 colors</p><p>$5.98</p><a href="https://www.amazon.com/dp/B08BDGGVMK?tag=eloabder-20&linkCode=osi&th=1&psc=1">View Product</a></div><div class="product"><a href="https://www.amazon.com/dp/B08BFDJJ78?tag=eloabder-20&linkCode=osi&th=1&psc=1"><img src="https://m.media-amazon.com/images/I/61LZ1Csb+dL._SL500_.jpg" alt="Product Image"></a><p>Nettbe 100pcs 3.54"x2" Blank Kraft Paper Business Card, Words Message Notes paper Tags, Mini Craft Cardboard Festival gifts</p><p>$5.99</p><a href="https://www.amazon.com/dp/B08BFDJJ78?tag=eloabder-20&linkCode=osi&th=1&psc=1">View Product</a></div><div class="product"><a href="https://www.amazon.com/dp/B07Q8YBJM3?tag=eloabder-20&linkCode=osi&th=1&psc=1"><img src="https://m.media-amazon.com/images/I/31w6U4cCqEL._SL500_.jpg" alt="Product Image"></a><p>Primbeeks 228pcs Blank Business Cards, Premium Blank White Cards, 3.5" x 2.2" Small Blank Cards, Blank Cardstock Cards, Small Note Cards, white blank cards, white business cards, kraft paper cards</p><p>$5.99</p><a href="https://www.amazon.com/dp/B07Q8YBJM3?tag=eloabder-20&linkCode=osi&th=1&psc=1">View Product</a></div><div class="product"><a href="https://www.amazon.com/dp/B08X4Z9TGN?tag=eloabder-20&linkCode=osi&th=1&psc=1"><img src="https://m.media-amazon.com/images/I/41Jqhe35tDL._SL500_.jpg" alt="Product Image"></a><p>321Done Blank Rustic Cards, Made in USA - 4x6 Thick, Heavy Cardstock - Make Invites, Greeting, Note, Thank You Cards - Plain Kraft for Writing, Stamping, Printing, Art - No Envelopes - Set of 50</p><p>$14.99</p><a href="https://www.amazon.com/dp/B08X4Z9TGN?tag=eloabder-20&linkCode=osi&th=1&psc=1">View Product</a></div><div class="product"><a href="https://www.amazon.com/dp/B0D2KDWBNM?tag=eloabder-20&linkCode=osi&th=1&psc=1"><img src="https://m.media-amazon.com/images/I/31dAhnBJ7aL._SL500_.jpg" alt="Product Image"></a><p>4x6 Blank White Cardstock (Set of 100) - Card Stock for Printer Postcards, Photo Paper Invitations, Greeting, Note, Thank You, DIY Making, Index Cards - Plain for Writing, Stamping, Printing, Art</p><p>$8.99</p><a href="https://www.amazon.com/dp/B0D2KDWBNM?tag=eloabder-20&linkCode=osi&th=1&psc=1">View Product</a></div><div class="product"><a href="https://www.amazon.com/dp/B0BB858RYN?tag=eloabder-20&linkCode=osi&th=1&psc=1"><img src="https://m.media-amazon.com/images/I/317zmriPKNL._SL500_.jpg" alt="Product Image"></a><p>WANDERINGS Handmade White Deckle Edge Blank Greeting Cards- Folded to 5x7” - Pack of 25 - Writers, Artists, Crafters - Thank Yous, Invitations, Menus, Greeting Cards, Notes - Thick 150 GSM</p><p>$21.99 ($0.88 / Count)</p><a href="https://www.amazon.com/dp/B0BB858RYN?tag=eloabder-20&linkCode=osi&th=1&psc=1">View Product</a></div><div class="product"><a href="https://www.amazon.com/dp/B0BZPPXRZW?tag=eloabder-20&linkCode=osi&th=1&psc=1"><img src="https://m.media-amazon.com/images/I/21Da-WQhrpL._SL500_.jpg" alt="Product Image"></a><p>100 Pack Thick Paper Cardstock Blank Heavy Cards Stock for Invitations, Greeting Cards Making, Postcards, Photos, 250GSM Thick Paper (White, 2x3.5 inches)</p><p>$5.99</p><a href="https://www.amazon.com/dp/B0BZPPXRZW?tag=eloabder-20&linkCode=osi&th=1&psc=1">View Product</a></div>
<div class="product"><a href="https://www.amazon.com/dp/B0BZRDQKH6?tag=eloabder-20&linkCode=osi&th=1&psc=1"><img src="https://m.media-amazon.com/images/I/41GYYRiusgL._SL500_.jpg" alt="Product Image"></a><p>feela 8 Pack Unlined Kraft Paper Notebooks, Blank Journal Note Pad for Drawing Writing, Small Sketchbook Travel Journal Bulk for Women Kids Students Office School Supplies, A5, 60 Pages, 8.3” X 5.5”</p><p>$9.99</p><a href="https://www.amazon.com/dp/B0BZRDQKH6?tag=eloabder-20&linkCode=osi&th=1&psc=1">View Product</a></div><div class="product"><a href="https://www.amazon.com/dp/B0BXLB74KK?tag=eloabder-20&linkCode=osi&th=1&psc=1"><img src="https://m.media-amazon.com/images/I/313vYzg7HpL._SL500_.jpg" alt="Product Image"></a><p>ZZTX 4 Pack Blank Kraft Notebooks, Blank Paper Sketchbooks for Drawing Doodling Writing,Travel Journal Set, A5, 36 Pages, 8.3” X 5.5”</p><p>$5.99</p><a href="https://www.amazon.com/dp/B0BXLB74KK?tag=eloabder-20&linkCode=osi&th=1&psc=1">View Product</a></div><div class="product"><a href="https://www.amazon.com/dp/B0BW5TNPXJ?tag=eloabder-20&linkCode=osi&th=1&psc=1"><img src="https://m.media-amazon.com/images/I/31Wu8UP78iL._SL500_.jpg" alt="Product Image"></a><p>EOOUT Kraft Notebooks, Blank Page Journals in Bulk, 16pcs A5, 8.3 X 5.5 Inches, 60 Pages, 80gsm, Travel Journal Set, for Art Camp, Travelers, Students and Office Supplies Sketchbooks Bulk for Kids</p><p>$15.99</p><a href="https://www.amazon.com/dp/B0BW5TNPXJ?tag=eloabder-20&linkCode=osi&th=1&psc=1">View Product</a></div><div class="product"><a href="https://www.amazon.com/dp/B08P3F46SD?tag=eloabder-20&linkCode=osi&th=1&psc=1"><img src="https://m.media-amazon.com/images/I/41jeBDcZJ1L._SL500_.jpg" alt="Product Image"></a><p>Krafty Soft Cover Blank Notebook Journal, Spiral Sketchbook Pad, Drawing Book, 60 Sheets/140gsm (A4)/120 Pages</p><p>$7.99</p><a href="https://www.amazon.com/dp/B08P3F46SD?tag=eloabder-20&linkCode=osi&th=1&psc=1">View Product</a></div><div class="product"><a href="https://www.amazon.com/dp/B0CWNPMC4T?tag=eloabder-20&linkCode=osi&th=1&psc=1"><img src="https://m.media-amazon.com/images/I/31BZeVGe6TL._SL500_.jpg" alt="Product Image"></a><p>zmybcpack 5 Pack Blank Journal Notebooks, Blank Paper Sketchbook for Drawing Writing, Travel Journal Notebook Kraft Paper Notebook for Travelers, Students, Office, A5, 8.26” x 5.5”, 60 Pages/30 Sheets</p><p>$8.99</p><a href="https://www.amazon.com/dp/B0CWNPMC4T?tag=eloabder-20&linkCode=osi&th=1&psc=1">View Product</a></div><div class="product"><a href="https://www.amazon.com/dp/B07WHYP9WN?tag=eloabder-20&linkCode=osi&th=1&psc=1"><img src="https://m.media-amazon.com/images/I/41ZhyCux1yL._SL500_.jpg" alt="Product Image"></a><p>Thick Blank Journal Notebook with Unlined / Unruled / Plain Pages | Deluxe 120gsm Ink Resistant Paper for Writing, Sketch Book, 160 Pages | Hardcover Sketchbook with Pen Holder, Pocket, Ribbon (Black)</p><p>$14.99</p><a href="https://www.amazon.com/dp/B07WHYP9WN?tag=eloabder-20&linkCode=osi&th=1&psc=1">View Product</a></div>
<div class="product"><a href="https://www.amazon.com/dp/B07MT7HKZW?tag=eloabder-20&linkCode=osi&th=1&psc=1"><img src="https://m.media-amazon.com/images/I/413JwH5JREL._SL500_.jpg" alt="Product Image"></a><p>Spiral Sketch Book Large Notebook（Built-in Drawing Board） Kraft Cover Blank Sketch Pad Wirebound Sketching for Drawing Painting 8.5x11-Inch (2 Pack) 200 Sheets, 100 Sheets, 200Pages Each</p><p>$17.99 ($9.00 / Count)</p><a href="https://www.amazon.com/dp/B07MT7HKZW?tag=eloabder-20&linkCode=osi&th=1&psc=1">View Product</a></div><div class="product"><a href="https://www.amazon.com/dp/B0BDQ82WB9?tag=eloabder-20&linkCode=osi&th=1&psc=1"><img src="https://m.media-amazon.com/images/I/51FoWr3GPwL._SL500_.jpg" alt="Product Image"></a><p>feela 170 Pack Blank Kraft Notebooks, Unlined Sketchbook Mini Cute Note Pad for Drawing Writing, Journal Bulk For Kids Students Office School Supplies, A6, 48 Pages, 4.25” X 5.5”, Black and Brown</p><p>$51.99</p><a href="https://www.amazon.com/dp/B0BDQ82WB9?tag=eloabder-20&linkCode=osi&th=1&psc=1">View Product</a></div><div class="product"><a href="https://www.amazon.com/dp/B0B3WWHWT2?tag=eloabder-20&linkCode=osi&th=1&psc=1"><img src="https://m.media-amazon.com/images/I/31m0FzXtPxL._SL500_.jpg" alt="Product Image"></a><p>Tamaki 6 Pack Colorful Blank Books for kids to Write, Drawing, Cute Sketchbook for Kid, 6 Colors (4.25 x 5.5 Inches)</p><p>$6.99</p><a href="https://www.amazon.com/dp/B0B3WWHWT2?tag=eloabder-20&linkCode=osi&th=1&psc=1">View Product</a></div>
<div class="product"><a href="https://www.amazon.com/dp/B0BGH2P9M6?tag=eloabder-20&linkCode=osi&th=1&psc=1"><img src="https://m.media-amazon.com/images/I/41ozOaYoHEL._SL500_.jpg" alt="Product Image"></a><p>EOOUT 100pcs A5 Kraft Notebooks, Blank Page Journals in Bulk, Sketchbooks Bulk for Kids, 60 Pages, 80GSM, 8.3 X 5.5 Inch, Travel Journal Set, for Art Camp, Travelers, Students and Office Supplies</p><p>$51.99</p><a href="https://www.amazon.com/dp/B0BGH2P9M6?tag=eloabder-20&linkCode=osi&th=1&psc=1">View Product</a></div><div class="product"><a href="https://www.amazon.com/dp/B07MT99F94?tag=eloabder-20&linkCode=osi&th=1&psc=1"><img src="https://m.media-amazon.com/images/I/41Ug7gpSWDL._SL500_.jpg" alt="Product Image"></a><p>Spiral Sketch Book Large Notebook（Built-in Drawing Board） Kraft Cover Blank Sketch Pad Wirebound Sketching for Drawing Painting 8.5x11-Inch (1 Pack) 200 Pages, 100 Sheets</p><p>$9.99</p><a href="https://www.amazon.com/dp/B07MT99F94?tag=eloabder-20&linkCode=osi&th=1&psc=1">View Product</a></div><div class="product"><a href="https://www.amazon.com/dp/B07CM32KLM?tag=eloabder-20&linkCode=osi&th=1&psc=1"><img src="https://m.media-amazon.com/images/I/41ENhBLE9DL._SL500_.jpg" alt="Product Image"></a><p>Kraft Cover Drawing Notebook & Sketchbook – Set of 2 Blank Plain Sketch Books – 125g Thick Paper A5 Size, 150x210mm Paper Ideal for Drawing & Sketching- 128 sheets/256 pages – 180 Degree Opening, 2pcs</p><p>$20.99 ($0.08 / Count)</p><a href="https://www.amazon.com/dp/B07CM32KLM?tag=eloabder-20&linkCode=osi&th=1&psc=1">View Product</a></div><div class="product"><a href="https://www.amazon.com/dp/B08ZLMLF7C?tag=eloabder-20&linkCode=osi&th=1&psc=1"><img src="https://m.media-amazon.com/images/I/41X-5yj83vL._SL500_.jpg" alt="Product Image"></a><p>BEECHMORE BOOKS Sketch Book, A4 8.5 x 11.5 inch Blank Sketchbook for Drawing, Paint and Draw, 156 Pages Thick Paper 160gsm, Hardcover Leather Art Notebook, Boxed for Gifts (Chestnut Brown)</p><p>$21.20</p><a href="https://www.amazon.com/dp/B08ZLMLF7C?tag=eloabder-20&linkCode=osi&th=1&psc=1">View Product</a></div>
<div class="product"><a href="https://www.amazon.com/dp/B075M9MSFH?tag=eloabder-20&linkCode=osi&th=1&psc=1"><img src="https://m.media-amazon.com/images/I/51x+szTX6TL._SL500_.jpg" alt="Product Image"></a><p>Bianyo Bleedproof Marker Paper Pad, A4(8.27"X11.69"), 50 Sheets, 18 LB / 70 GSM, Glue-Bound, 100% Cotton, White, Ideal for Use with Markers and Ink Mediums</p><p>$9.99</p><a href="https://www.amazon.com/dp/B075M9MSFH?tag=eloabder-20&linkCode=osi&th=1&psc=1">View Product</a></div><div class="product"><a href="https://www.amazon.com/dp/B08FX5S2NL?tag=eloabder-20&linkCode=osi&th=1&psc=1"><img src="https://m.media-amazon.com/images/I/41CA0ZfazKL._SL500_.jpg" alt="Product Image"></a><p>Marker Paper Sketchbook, Bleedproof Art Marker Pad, (8.27 X 11.69) Inch, White, 40 Sheets</p><p>$6.99</p><a href="https://www.amazon.com/dp/B08FX5S2NL?tag=eloabder-20&linkCode=osi&th=1&psc=1">View Product</a></div><div class="product"><a href="https://www.amazon.com/dp/B0CJRBFSJ8?tag=eloabder-20&linkCode=osi&th=1&psc=1"><img src="https://m.media-amazon.com/images/I/51DLA8TpwEL._SL500_.jpg" alt="Product Image"></a><p>Shuttle Art Marker Pad, 8.3”x8.9” Portable Square Sketchbook, 80 Sheets Marker Drawing Paper, 120LB/200GSM Bleedproof Art Paper, Spiral-Bound, Great for Professional Artist to Draw, Paint & Sketch</p><p>$16.99</p><a href="https://www.amazon.com/dp/B0CJRBFSJ8?tag=eloabder-20&linkCode=osi&th=1&psc=1">View Product</a></div><div class="product"><a href="https://www.amazon.com/dp/B09N7VX5Z5?tag=eloabder-20&linkCode=osi&th=1&psc=1"><img src="https://m.media-amazon.com/images/I/51xCPs9HZyL._SL500_.jpg" alt="Product Image"></a><p>Marker Paper Sketchbook - Marker Sketchbook with Bleedproof Smooth Coated Art Paper, 120 GSM 80 LBS - Marker Pad for Alcohol Markers, Sketching, Drawing - 8.11 x 8.5 Inch | 50 Sheets, 2 Pack</p><p>$15.99 ($8.00 / Count)</p><a href="https://www.amazon.com/dp/B09N7VX5Z5?tag=eloabder-20&linkCode=osi&th=1&psc=1">View Product</a></div><div class="product"><a href="https://www.amazon.com/dp/B07CK94W9T?tag=eloabder-20&linkCode=osi&th=1&psc=1"><img src="https://m.media-amazon.com/images/I/41ocoSNDjdL._SL500_.jpg" alt="Product Image"></a><p>BOXUN Premium 50 Sheets Sketch Marker Paper Pad, Bleedproof Artist Drawing Paper, 8.27 x 11.69 Inch</p><p>$8.29 ($0.17 / Count)</p><a href="https://www.amazon.com/dp/B07CK94W9T?tag=eloabder-20&linkCode=osi&th=1&psc=1">View Product</a></div><div class="product"><a href="https://www.amazon.com/dp/B0CPXWD11W?tag=eloabder-20&linkCode=osi&th=1&psc=1"><img src="https://m.media-amazon.com/images/I/51ApKzpDVNL._SL500_.jpg" alt="Product Image"></a><p>FEITAKE Marker Paper Pad Sketchbook Bleedproof for Alcohol Markers 120lb/200gsm Double Sided Thick Art Drawing Papers 60pages (30Sheets) / A4(8.3"x11.7") Gift for Artists Students Kids</p><p>$13.99 ($0.47 / Count)</p><a href="https://www.amazon.com/dp/B0CPXWD11W?tag=eloabder-20&linkCode=osi&th=1&psc=1">View Product</a></div><div class="product"><a href="https://www.amazon.com/dp/B0025TWYW6?tag=eloabder-20&linkCode=osi&th=1&psc=1"><img src="https://m.media-amazon.com/images/I/51t6UkUHCvL._SL500_.jpg" alt="Product Image"></a><p>Bee Paper Bleedproof Marker Pack, 8-1/2-Inch by 11-Inch, 50 Sheets per Pack</p><p>$17.09 ($0.34 / Count)</p><a href="https://www.amazon.com/dp/B0025TWYW6?tag=eloabder-20&linkCode=osi&th=1&psc=1">View Product</a></div><div class="product"><a href="https://www.amazon.com/dp/B0CJRBYYQB?tag=eloabder-20&linkCode=osi&th=1&psc=1"><img src="https://m.media-amazon.com/images/I/41knBnjZ25L._SL500_.jpg" alt="Product Image"></a><p>Shuttle Art Marker Pad, 8.3”x7.67” Portable Square Sketchbook, 50 Sheets Marker Drawing Paper, 60LB/90GSM Smooth Surface Bleedproof Art Paper, Glue-Bound, Great for Beginners to Draw, Paint & Sketch</p><p>$8.99 ($0.18 / Count)</p><a href="https://www.amazon.com/dp/B0CJRBYYQB?tag=eloabder-20&linkCode=osi&th=1&psc=1">View Product</a></div>
<div class="product"><a href="https://www.amazon.com/dp/B00881IU8M?tag=eloabder-20&linkCode=osi&th=1&psc=1"><img src="https://m.media-amazon.com/images/I/41hbSgdLBtL._SL500_.jpg" alt="Product Image"></a><p>Speedball Fabric & Paper Block Printing Ink 6-Color Set, 1.25-Ounce x 6</p><p>$28.99 ($28.99 / Count)</p><a href="https://www.amazon.com/dp/B00881IU8M?tag=eloabder-20&linkCode=osi&th=1&psc=1">View Product</a></div><div class="product"><a href="https://www.amazon.com/dp/B000J09PFM?tag=eloabder-20&linkCode=osi&th=1&psc=1"><img src="https://m.media-amazon.com/images/I/51yPRc4nvoL._SL500_.jpg" alt="Product Image"></a><p>Speedball Water-Soluble Block Printing Ink Starter Set, 6 Bold Colors with Satin Finish, 1.25-Ounce Tubes</p><p>$29.99 ($4.00 / Fl Oz)</p><a href="https://www.amazon.com/dp/B000J09PFM?tag=eloabder-20&linkCode=osi&th=1&psc=1">View Product</a></div><div class="product"><a href="https://www.amazon.com/dp/B000BYT24U?tag=eloabder-20&linkCode=osi&th=1&psc=1"><img src="https://m.media-amazon.com/images/I/51pDlo+LlKL._SL500_.jpg" alt="Product Image"></a><p>Speedball Water-Soluble Block Printing Ink, 8-Ounce Jar, Black</p><p>$14.49</p><a href="https://www.amazon.com/dp/B000BYT24U?tag=eloabder-20&linkCode=osi&th=1&psc=1">View Product</a></div><div class="product"><a href="https://www.amazon.com/dp/B00C1JUJWW?tag=eloabder-20&linkCode=osi&th=1&psc=1"><img src="https://m.media-amazon.com/images/I/41zDtJ6f5hL._SL500_.jpg" alt="Product Image"></a><p>Speedball Fabric Block Printing Ink, 2.5-Ounce, Black</p><p>$9.99 ($4.00 / Fl Oz)</p><a href="https://www.amazon.com/dp/B00C1JUJWW?tag=eloabder-20&linkCode=osi&th=1&psc=1">View Product</a></div><div class="product"><a href="https://www.amazon.com/dp/B004PZ1ZJG?tag=eloabder-20&linkCode=osi&th=1&psc=1"><img src="https://m.media-amazon.com/images/I/41+GkhhpR5L._SL500_.jpg" alt="Product Image"></a><p>Speedball Water-Soluble Block Printing Ink Starter Set, 4-Color Set, 1.25-Ounce Tubes</p><p>$20.99</p><a href="https://www.amazon.com/dp/B004PZ1ZJG?tag=eloabder-20&linkCode=osi&th=1&psc=1">View Product</a></div><div class="product"><a href="https://www.amazon.com/dp/B0017CZF3C?tag=eloabder-20&linkCode=osi&th=1&psc=1"><img src="https://m.media-amazon.com/images/I/41S17SYPAZL._SL500_.jpg" alt="Product Image"></a><p>Speedball Water Soluble Block Printing Ink, Black, 2-1/2 Ounces - 380663</p><p>$9.99</p><a href="https://www.amazon.com/dp/B0017CZF3C?tag=eloabder-20&linkCode=osi&th=1&psc=1">View Product</a></div><div class="product"><a href="https://www.amazon.com/dp/B0BXNX8FSH?tag=eloabder-20&linkCode=osi&th=1&psc=1"><img src="https://m.media-amazon.com/images/I/51JGm1VxVOL._SL500_.jpg" alt="Product Image"></a><p>Falling in Art Water-Soluble Block Printing Ink, 6-Color Printmaking Ink Set for Linoleum Block, 3.5 floz</p><p>$28.99</p><a href="https://www.amazon.com/dp/B0BXNX8FSH?tag=eloabder-20&linkCode=osi&th=1&psc=1">View Product</a></div><div class="product"><a href="https://www.amazon.com/dp/B0027ACJBO?tag=eloabder-20&linkCode=osi&th=1&psc=1"><img src="https://m.media-amazon.com/images/I/41OzayB9ojL._SL500_.jpg" alt="Product Image"></a><p>Speedball 3476 Oil-Based Block Printing Ink Starter Set for Professional, Permanent Prints AP Certified – 1.25 FL OZ Tubes</p><p>$33.99</p><a href="https://www.amazon.com/dp/B0027ACJBO?tag=eloabder-20&linkCode=osi&th=1&psc=1">View Product</a></div>
<div class="product"><a href="https://www.amazon.com/dp/B0027AGDWK?tag=eloabder-20&linkCode=osi&th=1&psc=1"><img src="https://m.media-amazon.com/images/I/515LDer6GPL._SL500_.jpg" alt="Product Image"></a><p>Speedball Deluxe Block Printing Kit - Includes Inks, Brayer, Bench Hook, Lino Handle and Cutters, Speedy-Carve Block, Mounted Linoleum Block</p><p>$59.99</p><a href="https://www.amazon.com/dp/B0027AGDWK?tag=eloabder-20&linkCode=osi&th=1&psc=1">View Product</a></div><div class="product"><a href="https://www.amazon.com/dp/B07ZJBZN5S?tag=eloabder-20&linkCode=osi&th=1&psc=1"><img src="https://m.media-amazon.com/images/I/41UbN58y9uS._SL500_.jpg" alt="Product Image"></a><p>SGHUO 12pcs 4"x6" Pink Rubber Carving Blocks Linoleum Block Stamp Making Kit</p><p>$22.99 ($1.92 / Count)</p><a href="https://www.amazon.com/dp/B07ZJBZN5S?tag=eloabder-20&linkCode=osi&th=1&psc=1">View Product</a></div>
<div class="product"><a href="https://www.amazon.com/dp/B00L2DYUM8?tag=eloabder-20&linkCode=osi&th=1&psc=1"><img src="https://m.media-amazon.com/images/I/51l5FZ0+5AL._SL500_.jpg" alt="Product Image"></a><p>Strathmore 300 Series Printmaking Paper Pad, Glue Bound, 5x7 inches, 40 Sheets (120g) - Artist Paper for Adults and Students - Block Printing, Linocut, Screen Printing, White</p><p>$7.26</p><a href="https://www.amazon.com/dp/B00L2DYUM8?tag=eloabder-20&linkCode=osi&th=1&psc=1">View Product</a></div><div class="product"><a href="https://www.amazon.com/dp/B07BSYS5XC?tag=eloabder-20&linkCode=osi&th=1&psc=1"><img src="https://m.media-amazon.com/images/I/51Uwfq0jv+L._SL500_.jpg" alt="Product Image"></a><p>Ucreate Printmaking Paper, 9"x12", White, 100 Sheet, P9001</p><p>$9.79</p><a href="https://www.amazon.com/dp/B07BSYS5XC?tag=eloabder-20&linkCode=osi&th=1&psc=1">View Product</a></div><div class="product"><a href="https://www.amazon.com/dp/B00K5562WA?tag=eloabder-20&linkCode=osi&th=1&psc=1"><img src="https://m.media-amazon.com/images/I/51Dm+TeJGdL._SL500_.jpg" alt="Product Image"></a><p>Strathmore Printmaking Paper Pad 8"X10"-20 Sheets -62433800, White</p><p>$10.19</p><a href="https://www.amazon.com/dp/B00K5562WA?tag=eloabder-20&linkCode=osi&th=1&psc=1">View Product</a></div><div class="product"><a href="https://www.amazon.com/dp/B001DNH8I0?tag=eloabder-20&linkCode=osi&th=1&psc=1"><img src="https://m.media-amazon.com/images/I/51UzoKdUojL._SL500_.jpg" alt="Product Image"></a><p>Black Ink 9-Inch by 12-Inch Bleached Mulberry Block Printing Paper, 25-Pack</p><p>$19.35 ($0.77 / Count)</p><a href="https://www.amazon.com/dp/B001DNH8I0?tag=eloabder-20&linkCode=osi&th=1&psc=1">View Product</a></div><div class="product"><a href="https://www.amazon.com/dp/B00C6G6L5Y?tag=eloabder-20&linkCode=osi&th=1&psc=1"><img src="https://m.media-amazon.com/images/I/5103h0Rm8sL._SL500_.jpg" alt="Product Image"></a><p>Black Ink Thai Mulberry Block Printing Paper Packs small assorted colors</p><p>$21.99</p><a href="https://www.amazon.com/dp/B00C6G6L5Y?tag=eloabder-20&linkCode=osi&th=1&psc=1">View Product</a></div>
<div class="product"><a href="https://www.amazon.com/dp/B003IG27OK?tag=eloabder-20&linkCode=osi&th=1&psc=1"><img src="https://m.media-amazon.com/images/I/416NUaYo1DL._SL500_.jpg" alt="Product Image"></a><p>Speedball Block Printing Baren - Comfortable Wooden Handle, Made in the USA - 4 Inches</p><p>$29.49</p><a href="https://www.amazon.com/dp/B003IG27OK?tag=eloabder-20&linkCode=osi&th=1&psc=1">View Product</a></div>
<div class="product"><a href="https://www.amazon.com/dp/B0CMZYY8CJ?tag=eloabder-20&linkCode=osi&th=1&psc=1"><img src="https://m.media-amazon.com/images/I/41TifSIP7SL._SL500_.jpg" alt="Product Image"></a><p>Ecoofor Blotting Paper for Flower Press, 20 Sheets Highly Absorbent and Reusable Blotter Paper for Flower Press Paper Craft 9 x 9 inch</p><p>$9.99</p><a href="https://www.amazon.com/dp/B0CMZYY8CJ?tag=eloabder-20&linkCode=osi&th=1&psc=1">View Product</a></div><div class="product"><a href="https://www.amazon.com/dp/B0CYRT3RM4?tag=eloabder-20&linkCode=osi&th=1&psc=1"><img src="https://m.media-amazon.com/images/I/31+qvVq3giL._SL500_.jpg" alt="Product Image"></a><p>Hygge & Sage Premium Natural Fiber Blotting Paper for Flower Press Art; 20 Large Sheets for a Press up to 8x11 Inches; Absorbent, Versatile, and Acid-Free Reusable Blotter Paper for Flower Pressing</p><p>$9.50 ($0.48 / Count)</p><a href="https://www.amazon.com/dp/B0CYRT3RM4?tag=eloabder-20&linkCode=osi&th=1&psc=1">View Product</a></div><div class="product"><a href="https://www.amazon.com/dp/B0D41GDLHM?tag=eloabder-20&linkCode=osi&th=1&psc=1"><img src="https://m.media-amazon.com/images/I/41LIF5dHXaL._SL500_.jpg" alt="Product Image"></a><p>Aboofx 20 Sheets Blotting Paper for Flower Press, 15" x 10" Extra Large Highly Absorbent Blotter Paper for Flower Press Reusable Herbarium Paper Craft Blotter Paper Sheets</p><p>$19.99</p><a href="https://www.amazon.com/dp/B0D41GDLHM?tag=eloabder-20&linkCode=osi&th=1&psc=1">View Product</a></div><div class="product"><a href="https://www.amazon.com/dp/B0CQMMYSBR?tag=eloabder-20&linkCode=osi&th=1&psc=1"><img src="https://m.media-amazon.com/images/I/413SlUi6IDL._SL500_.jpg" alt="Product Image"></a><p>Wisreach Blotting Paper for Flower Press, 20 Sheets Flower Press Paper Highly Absorbent and Reusable Blotter Paper for Flower Art A4 Size 8.26 x 11.4 inch</p><p>$9.99</p><a href="https://www.amazon.com/dp/B0CQMMYSBR?tag=eloabder-20&linkCode=osi&th=1&psc=1">View Product</a></div><div class="product"><a href="https://www.amazon.com/dp/B093FQ22PG?tag=eloabder-20&linkCode=osi&th=1&psc=1"><img src="https://m.media-amazon.com/images/I/41B2jXhe+QL._SL500_.jpg" alt="Product Image"></a><p>Blotting Paper for Flower Press by Berstuk® • Large A4 Flower Press Paper • Highly Absorbent and Reusable Herbarium Paper • Pack of 10 Blotter Paper Sheets</p><p>$6.99 ($69.90 / 100 Sheets)</p><a href="https://www.amazon.com/dp/B093FQ22PG?tag=eloabder-20&linkCode=osi&th=1&psc=1">View Product</a></div><div class="product"><a href="https://www.amazon.com/dp/B0C6PW4VGB?tag=eloabder-20&linkCode=osi&th=1&psc=1"><img src="https://m.media-amazon.com/images/I/21C64VB3iVL._SL500_.jpg" alt="Product Image"></a><p>PATIKIL 16"x12" Flower Press Paper, 1 Set/30 Sheet Refill Lining Blotter Paper Absorbent Reusable Blotting Paper for DIY Art Handicraft Scrapbook</p><p>$11.19</p><a href="https://www.amazon.com/dp/B0C6PW4VGB?tag=eloabder-20&linkCode=osi&th=1&psc=1">View Product</a></div><div class="product"><a href="https://www.amazon.com/dp/B0C6PTK915?tag=eloabder-20&linkCode=osi&th=1&psc=1"><img src="https://m.media-amazon.com/images/I/21UviFCGjtL._SL500_.jpg" alt="Product Image"></a><p>PATIKIL 12"x8" Flower Press Paper, 2 Set/60 Sheet Refill Lining Blotter Paper Absorbent Reusable Blotting Paper for DIY Art Handicraft Scrapbook</p><p>$13.69</p><a href="https://www.amazon.com/dp/B0C6PTK915?tag=eloabder-20&linkCode=osi&th=1&psc=1">View Product</a></div><div class="product"><a href="https://www.amazon.com/dp/B0CDJZ4MD7?tag=eloabder-20&linkCode=osi&th=1&psc=1"><img src="https://m.media-amazon.com/images/I/41iwkW+QQOL._SL500_.jpg" alt="Product Image"></a><p>30 PCS Blotting Paper for Flower Press Large A4 Flower Press Paper Highly Absorbent and Reusable Blotter Paper Refill Lining Paper for Flower Press Art Craft Scrapbook Making, 11.8 x 7.9 Inches Blue</p><p>$9.99</p><a href="https://www.amazon.com/dp/B0CDJZ4MD7?tag=eloabder-20&linkCode=osi&th=1&psc=1">View Product</a></div>

<div class="product"><a href="https://www.amazon.com/dp/B0D2T4F1DZ?tag=eloabder-20&linkCode=osi&th=1&psc=1"><img src="https://m.media-amazon.com/images/I/41KNcatyBWL._SL500_.jpg" alt="Product Image"></a><p>10pcs Book Cloth,14”x10”,Fabric Surface and Paper Backed, book cloth for book binding,book binding fabric,5 Colors Bookbinding Cloth for DIY fabric book cover,bookbinding paper (Style B)</p><p>$9.99</p><a href="https://www.amazon.com/dp/B0D2T4F1DZ?tag=eloabder-20&linkCode=osi&th=1&psc=1">View Product</a></div><div class="product"><a href="https://www.amazon.com/dp/B0CMD2LWR8?tag=eloabder-20&linkCode=osi&th=1&psc=1"><img src="https://m.media-amazon.com/images/I/31QVUZVSB+L._SL500_.jpg" alt="Product Image"></a><p>Mozeat Lens 33 ft Bookbinding Tape Book Tape Repair Book Binding Tape Cloth Book Repair Kit 2 Inch Wide Book Spine Tape Cloth Bookbinding Repair Tape White Book Tape for Reinforcing Book Spine Tape</p><p>$7.99</p><a href="https://www.amazon.com/dp/B0CMD2LWR8?tag=eloabder-20&linkCode=osi&th=1&psc=1">View Product</a></div><div class="product"><a href="https://www.amazon.com/dp/B0D1KC168C?tag=eloabder-20&linkCode=osi&th=1&psc=1"><img src="https://m.media-amazon.com/images/I/31wWgk-1V4L._SL500_.jpg" alt="Product Image"></a><p>AKONEGE Book Cloth for Book Binding 35 x 16 Inch Fabric Surface and Paper Backed, Strong, Easy to Use, Fabric Materials Bookbinding Supplies Bookcloth for Scrapbooking Album DIY Crafts, Black</p><p>$9.99</p><a href="https://www.amazon.com/dp/B0D1KC168C?tag=eloabder-20&linkCode=osi&th=1&psc=1">View Product</a></div><div class="product"><a href="https://www.amazon.com/dp/B0BC48CCWW?tag=eloabder-20&linkCode=osi&th=1&psc=1"><img src="https://m.media-amazon.com/images/I/41vTc+L-XyL._SL500_.jpg" alt="Product Image"></a><p>Wooqu Book Cloth, Fabric Surface and Paper Backed, Easy to Use, Strong, 17x29”, for Book Binding, Dark Green</p><p>$13.99</p><a href="https://www.amazon.com/dp/B0BC48CCWW?tag=eloabder-20&linkCode=osi&th=1&psc=1">View Product</a></div><div class="product"><a href="https://www.amazon.com/dp/B00W3S7LU4?tag=eloabder-20&linkCode=osi&th=1&psc=1"><img src="https://m.media-amazon.com/images/I/41mUL1LmSHS._SL500_.jpg" alt="Product Image"></a><p>BookGuard 2 inch Premium Bookbinding Repair Cloth Tape, 15 Yard Roll Burgundy</p><p>$14.95</p><a href="https://www.amazon.com/dp/B00W3S7LU4?tag=eloabder-20&linkCode=osi&th=1&psc=1">View Product</a></div>

<div class="product"><a href="https://www.amazon.com/dp/B08217DGL7?tag=eloabder-20&linkCode=osi&th=1&psc=1"><img src="https://m.media-amazon.com/images/I/51Gy-qfph7L._SL500_.jpg" alt="Product Image"></a><p>24 Colors Waxed Thread, Leather Sewing Thread,Hand Stitching Thread for Hand Sewing Leather and Bookbinding, 13Yards Per Color</p><p>$11.99 ($0.01 / Foot)</p><a href="https://www.amazon.com/dp/B08217DGL7?tag=eloabder-20&linkCode=osi&th=1&psc=1">View Product</a></div><div class="product"><a href="https://www.amazon.com/dp/B08GCHJ3FP?tag=eloabder-20&linkCode=osi&th=1&psc=1"><img src="https://m.media-amazon.com/images/I/41TK-XNxTFL._SL500_.jpg" alt="Product Image"></a><p>FANDOL 100% Natural Linen Thread Waxed thread for Bookbingding, Leather Sewing, Beading or Macrame (Natural)</p><p>$14.98</p><a href="https://www.amazon.com/dp/B08GCHJ3FP?tag=eloabder-20&linkCode=osi&th=1&psc=1">View Product</a></div><div class="product"><a href="https://www.amazon.com/dp/B0025U108E?tag=eloabder-20&linkCode=osi&th=1&psc=1"><img src="https://m.media-amazon.com/images/I/4172yrURiVL._SL500_.jpg" alt="Product Image"></a><p>Books by Hand Linen Thread, Archival Quality Natural Unbleached and Unwaxed, 50 Yards 35/3 Gauge, Ideal for Bookbinding and Sewing Signatures</p><p>$9.47</p><a href="https://www.amazon.com/dp/B0025U108E?tag=eloabder-20&linkCode=osi&th=1&psc=1">View Product</a></div><div class="product"><a href="https://www.amazon.com/dp/B08S78KLRN?tag=eloabder-20&linkCode=osi&th=1&psc=1"><img src="https://m.media-amazon.com/images/I/413NGMtJdrL._SL500_.jpg" alt="Product Image"></a><p>Jupean Waxed Thread, 150m /164Yards Beige Leather Waxed Thread, Leather Sewing Thread, Hand Stitching Thread for Hand Sewing Leather, Bookbinding, and Beginners Leather Craft DIY</p><p>$6.49 ($0.01 / Foot)</p><a href="https://www.amazon.com/dp/B08S78KLRN?tag=eloabder-20&linkCode=osi&th=1&psc=1">View Product</a></div><div class="product"><a href="https://www.amazon.com/dp/B015D9E6UM?tag=eloabder-20&linkCode=osi&th=1&psc=1"><img src="https://m.media-amazon.com/images/I/51VnWPI+Q5L._SL500_.jpg" alt="Product Image"></a><p>Lineco, Natural Waxed Linen Thread 20 Yards, Books by Hand Natural, Black, Brown Color for Sewing, Bookbinding (3/Pkg)</p><p>$13.77</p><a href="https://www.amazon.com/dp/B015D9E6UM?tag=eloabder-20&linkCode=osi&th=1&psc=1">View Product</a></div>
<div class="product"><a href="https://www.amazon.com/dp/B0CMD53C1C?tag=eloabder-20&linkCode=osi&th=1&psc=1"><img src="https://m.media-amazon.com/images/I/31dU4wqS0rL._SL500_.jpg" alt="Product Image"></a><p>5-in-1 Bookbinding Kit,Book Cover Guide, Bookbinding Cover Tool, Stainless Steel Book Binding Kit, Bookbinding Ruler, Scrapbooking Tools for Making Book Cover Chipboard Covers Album Planner</p><p>$7.88</p><a href="https://www.amazon.com/dp/B0CMD53C1C?tag=eloabder-20&linkCode=osi&th=1&psc=1">View Product</a></div>
<div class="product"><a href="https://www.amazon.com/dp/B007TIEG6U?tag=eloabder-20&linkCode=osi&th=1&psc=1"><img src="https://m.media-amazon.com/images/I/31d6r6R5lGL._SL500_.jpg" alt="Product Image"></a><p>Handy Art Empty 2 ounce Marker Bottle, Dauber Tip and Cap, 12-Each (900-003) , White</p><p>$23.12 ($1.93 / Count)</p><a href="https://www.amazon.com/dp/B007TIEG6U?tag=eloabder-20&linkCode=osi&th=1&psc=1">View Product</a></div>
<div class="product"><a href="https://www.amazon.com/dp/B07YDNKSH6?tag=eloabder-20&linkCode=osi&th=1&psc=1"><img src="https://m.media-amazon.com/images/I/41JGrHa7mSL._SL500_.jpg" alt="Product Image"></a><p>4-Inch Rubber Brayer Roller for Printmaking, Great for Gluing Application Also. (Original Version)</p><p>$6.99</p><a href="https://www.amazon.com/dp/B07YDNKSH6?tag=eloabder-20&linkCode=osi&th=1&psc=1">View Product</a></div>
<div class="product"><a href="https://www.amazon.com/dp/B005U7BNPE?tag=eloabder-20&linkCode=osi&th=1&psc=1"><img src="https://m.media-amazon.com/images/I/418YfTClSxL._SL500_.jpg" alt="Product Image"></a><p>Apple Barrel Acrylic Paint in Assorted Colors (2 oz), 20513, Bright Yellow</p><p>$0.58 ($0.29 / Fl Oz)</p><a href="https://www.amazon.com/dp/B005U7BNPE?tag=eloabder-20&linkCode=osi&th=1&psc=1">View Product</a></div><div class="product"><a href="https://www.amazon.com/dp/B099DWCRZ5?tag=eloabder-20&linkCode=osi&th=1&psc=1"><img src="https://m.media-amazon.com/images/I/41rr5hT-8TL._SL500_.jpg" alt="Product Image"></a><p>milo Fluorescent Acrylic Paint Set of 6 Colors | 4 oz Bottles | Student Neon Colors Acrylics Painting Pack | Made in the USA | Non-Toxic Art & Craft Paints for Artists, Kids, & Hobby Painters</p><p>$22.90 ($0.95 / Fl Oz)</p><a href="https://www.amazon.com/dp/B099DWCRZ5?tag=eloabder-20&linkCode=osi&th=1&psc=1">View Product</a></div><div class="product"><a href="https://www.amazon.com/dp/B07ZPPPWPL?tag=eloabder-20&linkCode=osi&th=1&psc=1"><img src="https://m.media-amazon.com/images/I/51Vqk2rrZwL._SL500_.jpg" alt="Product Image"></a><p>Apple Barrel, Pastel Dreams & Vivid Wonders Collection Acrylic Craft Paint, PROMOTCK, 2 fl oz each, 18 assorted matte colors, 18 count</p><p>$22.66 ($0.63 / Fl Oz)</p><a href="https://www.amazon.com/dp/B07ZPPPWPL?tag=eloabder-20&linkCode=osi&th=1&psc=1">View Product</a></div><div class="product"><a href="https://www.amazon.com/dp/B0CKQR52XC?tag=eloabder-20&linkCode=osi&th=1&psc=1"><img src="https://m.media-amazon.com/images/I/51WTPlhN2WL._SL500_.jpg" alt="Product Image"></a><p>ARTME Glow in The Dark Paint, 10 Bright Colors 60ml/2oz Blacklight Paint Set, Neon Craft Paint, Acrylic Glow Fluorescent Paint Perfect for Art Painting, DIY projects, Halloween and Christmas</p><p>$23.99 ($1.20 / Fl Oz)</p><a href="https://www.amazon.com/dp/B0CKQR52XC?tag=eloabder-20&linkCode=osi&th=1&psc=1">View Product</a></div><div class="product"><a href="https://www.amazon.com/dp/B09XXHBL3Y?tag=eloabder-20&linkCode=osi&th=1&psc=1"><img src="https://m.media-amazon.com/images/I/51taBeDdeIL._SL500_.jpg" alt="Product Image"></a><p>Fantastory Glow in the Dark Acrylic Paint, 10 Extra Bright Colors, 30ml/1oz Waterproof Glow in Dark Paint,Indoor Outdoor Blacklight Paint for Kids,Adults, Rocks,Walls,Halloween,Craft &Fabric</p><p>$9.99 ($1.00 / Fl Oz)</p><a href="https://www.amazon.com/dp/B09XXHBL3Y?tag=eloabder-20&linkCode=osi&th=1&psc=1">View Product</a></div><div class="product"><a href="https://www.amazon.com/dp/B0BS3JM8ZR?tag=eloabder-20&linkCode=osi&th=1&psc=1"><img src="https://m.media-amazon.com/images/I/51S8FteGgPL._SL500_.jpg" alt="Product Image"></a><p>Acrylic Paint, Shuttle Art 24 Colors Acrylic Paint Bottle Set, 250ml/8.45oz Each, Rich Pigments, High Viscosity, Bulk Paint for Artists, Beginners and Kids Painting on Rocks Crafts Canvas Wood Ceramic</p><p>$49.99 ($0.25 / Fl Oz)</p><a href="https://www.amazon.com/dp/B0BS3JM8ZR?tag=eloabder-20&linkCode=osi&th=1&psc=1">View Product</a></div><div class="product"><a href="https://www.amazon.com/dp/B00CIW3EDI?tag=eloabder-20&linkCode=osi&th=1&psc=1"><img src="https://m.media-amazon.com/images/I/41PMnxyBo5L._SL500_.jpg" alt="Product Image"></a><p>FolkArt Multi-Surface Acrylic Paint in Assorted Colors (2 oz), 2896, Bright Pink</p><p>$1.47 ($0.74 / Fl Oz)</p><a href="https://www.amazon.com/dp/B00CIW3EDI?tag=eloabder-20&linkCode=osi&th=1&psc=1">View Product</a></div><div class="product"><a href="https://www.amazon.com/dp/B085ZB5ZK9?tag=eloabder-20&linkCode=osi&th=1&psc=1"><img src="https://m.media-amazon.com/images/I/51nmRq1eicL._SL500_.jpg" alt="Product Image"></a><p>FolkArt 4 Bottle Multi-Surface Acrylic Paint Set, 2oz, Neon Blacklight Colors</p><p>$8.12 ($1.02 / Fl Oz)</p><a href="https://www.amazon.com/dp/B085ZB5ZK9?tag=eloabder-20&linkCode=osi&th=1&psc=1">View Product</a></div><div class="product"><a href="https://www.amazon.com/dp/B08N585VN5?tag=eloabder-20&linkCode=osi&th=1&psc=1"><img src="https://m.media-amazon.com/images/I/51nwFBdxwVL._SL500_.jpg" alt="Product Image"></a><p>Acrylic Paint Set Value Pack of 12 Colors | Craft Painting Kit with 2 oz Squeeze Bottles for Beginners, Artists, Professionals | Non-Toxic Water Based Paints for Canvas, Paper, Wood | Bright Hues</p><p>$11.99 ($0.50 / Fl Oz)</p><a href="https://www.amazon.com/dp/B08N585VN5?tag=eloabder-20&linkCode=osi&th=1&psc=1">View Product</a></div>
<div class="product"><a href="https://www.amazon.com/dp/B0009RRT9Y?tag=eloabder-20&linkCode=osi&th=1&psc=1"><img src="https://m.media-amazon.com/images/I/51ZhyYPOB5L._SL500_.jpg" alt="Product Image"></a><p>General Pencil Company The Masters Brush Cleaner & Preserver 2.5 0z.</p><p>$12.00</p><a href="https://www.amazon.com/dp/B0009RRT9Y?tag=eloabder-20&linkCode=osi&th=1&psc=1">View Product</a></div><div class="product"><a href="https://www.amazon.com/dp/B00F38YVQS?tag=eloabder-20&linkCode=osi&th=1&psc=1"><img src="https://m.media-amazon.com/images/I/51yjmSTzzML._SL500_.jpg" alt="Product Image"></a><p>B & J Original Brush Cleaner - 2.5 Oz/12ct Display</p><p>$12.77</p><a href="https://www.amazon.com/dp/B00F38YVQS?tag=eloabder-20&linkCode=osi&th=1&psc=1">View Product</a></div><div class="product"><a href="https://www.amazon.com/dp/B004BN7QQ8?tag=eloabder-20&linkCode=osi&th=1&psc=1"><img src="https://m.media-amazon.com/images/I/31fEWB-h4VL._SL500_.jpg" alt="Product Image"></a><p>Winsor & Newton Brush Cleaner & Restorer, 16.0-oz Bottle</p><p>$21.87 ($1.37 / Fl Oz)</p><a href="https://www.amazon.com/dp/B004BN7QQ8?tag=eloabder-20&linkCode=osi&th=1&psc=1">View Product</a></div><div class="product"><a href="https://www.amazon.com/dp/B09NCHL2LM?tag=eloabder-20&linkCode=osi&th=1&psc=1"><img src="https://m.media-amazon.com/images/I/31UzwasdL6L._SL500_.jpg" alt="Product Image"></a><p>U.S. Art Supply Brush Cleaner and Restorer, 4 Ounce Bottle - Quickly Cleans Paint Brushes, Airbrushes, Art Tools - Cleaning Solution to Remove Dried On Acrylic, Oil and Water-Based Paint Colors</p><p>$8.99 ($2.25 / Fl Oz)</p><a href="https://www.amazon.com/dp/B09NCHL2LM?tag=eloabder-20&linkCode=osi&th=1&psc=1">View Product</a></div><div class="product"><a href="https://www.amazon.com/dp/B09J8L55SK?tag=eloabder-20&linkCode=osi&th=1&psc=1"><img src="https://m.media-amazon.com/images/I/41qgWS2nSsL._SL500_.jpg" alt="Product Image"></a><p>Green Piece® Paint Brush Cleaner and Restorer for Art Paint Brushes - 100% Natural - Non-Toxic - Wet or Dry Paint - No Chemicals - Oil or Acrylic Paints, Wood and Metal - Amazing Power - 18 Oz</p><p>$19.88</p><a href="https://www.amazon.com/dp/B09J8L55SK?tag=eloabder-20&linkCode=osi&th=1&psc=1">View Product</a></div><div class="product"><a href="https://www.amazon.com/dp/B0027A79I2?tag=eloabder-20&linkCode=osi&th=1&psc=1"><img src="https://m.media-amazon.com/images/I/31J6S+mCjuL._SL500_.jpg" alt="Product Image"></a><p>Pink Soap 12-Ounce Paint Brush Cleaner and Conditioner, Solution Cleans and Restores, Removes Dried Paint on Airbrushes and Other Artist Tools & Supplies</p><p>$15.49 ($1.29 / Fl Oz)</p><a href="https://www.amazon.com/dp/B0027A79I2?tag=eloabder-20&linkCode=osi&th=1&psc=1">View Product</a></div><div class="product"><a href="https://www.amazon.com/dp/B0027AEANE?tag=eloabder-20&linkCode=osi&th=1&psc=1"><img src="https://m.media-amazon.com/images/I/51bHOLU1pVL._SL500_.jpg" alt="Product Image"></a><p>General Pencil General 105-BP Pencil Masters Brush Cleaner & Preserver, 1 Pack, Clear</p><p>$9.99 ($4.00 / Ounce)</p><a href="https://www.amazon.com/dp/B0027AEANE?tag=eloabder-20&linkCode=osi&th=1&psc=1">View Product</a></div>

<div class="product"><a href="https://www.amazon.com/dp/B00N9UUWLA?tag=eloabder-20&linkCode=osi&th=1&psc=1"><img src="https://m.media-amazon.com/images/I/41be4n09wZL._SL500_.jpg" alt="Product Image"></a><p>Pentel Arts Portable Pocket Brush Pen (Medium Point), 1Pen & 2Refills</p><p>$7.00</p><a href="https://www.amazon.com/dp/B00N9UUWLA?tag=eloabder-20&linkCode=osi&th=1&psc=1">View Product</a></div><div class="product"><a href="https://www.amazon.com/dp/B07DQ4292Y?tag=eloabder-20&linkCode=osi&th=1&psc=1"><img src="https://m.media-amazon.com/images/I/41-kgHpaPvL._SL500_.jpg" alt="Product Image"></a><p>Tombow 62039 Fudenosuke Brush Pens, 3-Pack. Soft, Hard, and Twin Tip Markers for Calligraphy and Art Drawings</p><p>$7.59 ($2.53 / Count)</p><a href="https://www.amazon.com/dp/B07DQ4292Y?tag=eloabder-20&linkCode=osi&th=1&psc=1">View Product</a></div><div class="product"><a href="https://www.amazon.com/dp/B0995FNMKW?tag=eloabder-20&linkCode=osi&th=1&psc=1"><img src="https://m.media-amazon.com/images/I/51kpGsTNvlL._SL500_.jpg" alt="Product Image"></a><p>WRITECH Arts Sign Brush Pen Brush Tip Marker Felt Tip Water Based Ink Color Pens 12 Assorted Vintage Colors Great for Lettering Journaling Calligraphy (Vintage)</p><p>$13.99 ($1.17 / Count)</p><a href="https://www.amazon.com/dp/B0995FNMKW?tag=eloabder-20&linkCode=osi&th=1&psc=1">View Product</a></div><div class="product"><a href="https://www.amazon.com/dp/B07H89R749?tag=eloabder-20&linkCode=osi&th=1&psc=1"><img src="https://m.media-amazon.com/images/I/51nTGZ-eAsL._SL500_.jpg" alt="Product Image"></a><p>Tombow Fudenosuke Brush Pen - Hard - 10 Colors Set (WS-BH10C)</p><p>$11.73</p><a href="https://www.amazon.com/dp/B07H89R749?tag=eloabder-20&linkCode=osi&th=1&psc=1">View Product</a></div><div class="product"><a href="https://www.amazon.com/dp/B002PIFTRE?tag=eloabder-20&linkCode=osi&th=1&psc=1"><img src="https://m.media-amazon.com/images/I/41IVnNPD1hL._SL500_.jpg" alt="Product Image"></a><p>Pentel Color Brush Pen, Black (GFLBP101)</p><p>$7.89</p><a href="https://www.amazon.com/dp/B002PIFTRE?tag=eloabder-20&linkCode=osi&th=1&psc=1">View Product</a></div>
<div class="product"><a href="https://www.amazon.com/dp/B0CLLSY2BT?tag=eloabder-20&linkCode=osi&th=1&psc=1"><img src="https://m.media-amazon.com/images/I/51sQM3lrN9L._SL500_.jpg" alt="Product Image"></a><p>CUGEBANNA Paint Brush Washer,Airtight Stainless Steel Brush Cleaner for Oil Painting Acrylic,Brush Washer with Cleaning Beads and Wringer</p><p>$22.99</p><a href="https://www.amazon.com/dp/B0CLLSY2BT?tag=eloabder-20&linkCode=osi&th=1&psc=1">View Product</a></div><div class="product"><a href="https://www.amazon.com/dp/B013PB35N4?tag=eloabder-20&linkCode=osi&th=1&psc=1"><img src="https://m.media-amazon.com/images/I/419miJHrhtL._SL500_.jpg" alt="Product Image"></a><p>US Art Supply Deluxe Brush Cleaner-Brush Washer with Wash Tank</p><p>$18.99</p><a href="https://www.amazon.com/dp/B013PB35N4?tag=eloabder-20&linkCode=osi&th=1&psc=1">View Product</a></div>
<div class="product"><a href="https://www.amazon.com/dp/B07GH7WGC3?tag=eloabder-20&linkCode=osi&th=1&psc=1"><img src="https://m.media-amazon.com/images/I/51vzX1OZI6L._SL500_.jpg" alt="Product Image"></a><p>BOSOBO Paint Brushes Set, 2 Pack 20 Pcs Round-Pointed Tip Paintbrushes Nylon Hair Artist Acrylic Paint Brushes for Acrylic Oil Watercolor, Face Nail Art, Miniature Detailing & Rock Painting, Blue</p><p>$7.49 ($0.37 / Count)</p><a href="https://www.amazon.com/dp/B07GH7WGC3?tag=eloabder-20&linkCode=osi&th=1&psc=1">View Product</a></div><div class="product"><a href="https://www.amazon.com/dp/B078XJ2DCJ?tag=eloabder-20&linkCode=osi&th=1&psc=1"><img src="https://m.media-amazon.com/images/I/616oHEXPN1S._SL500_.jpg" alt="Product Image"></a><p>Pro Grade - Chip Paint Brushes - 36-Pack - 2 Inch Chip Brush for Paints, Stains, Varnishes, Glues, & Gesso</p><p>$17.99</p><a href="https://www.amazon.com/dp/B078XJ2DCJ?tag=eloabder-20&linkCode=osi&th=1&psc=1">View Product</a></div>

<div class="product"><a href="https://www.amazon.com/dp/B000YQJVFA?tag=eloabder-20&linkCode=osi&th=1&psc=1"><img src="https://m.media-amazon.com/images/I/51so-OSRt+L._SL500_.jpg" alt="Product Image"></a><p>Winsor & Newton Calligraphy Ink, 30ml (1-oz) Bottle, Black</p><p>$10.07 ($10.07 / Count)</p><a href="https://www.amazon.com/dp/B000YQJVFA?tag=eloabder-20&linkCode=osi&th=1&psc=1">View Product</a></div><div class="product"><a href="https://www.amazon.com/dp/B0026SBYUE?tag=eloabder-20&linkCode=osi&th=1&psc=1"><img src="https://m.media-amazon.com/images/I/412Ga9k1q8L._SL500_.jpg" alt="Product Image"></a><p>Higgins Black Calligraphy Ink, 2.5 Ounce Bottle (44314)</p><p>$5.99</p><a href="https://www.amazon.com/dp/B0026SBYUE?tag=eloabder-20&linkCode=osi&th=1&psc=1">View Product</a></div><div class="product"><a href="https://www.amazon.com/dp/B0CXDBD77N?tag=eloabder-20&linkCode=osi&th=1&psc=1"><img src="https://m.media-amazon.com/images/I/41x1EZv3P3L._SL500_.jpg" alt="Product Image"></a><p>SEAMEW 250 ML/8.8 OZ Calligraphy and Sumi Liquid Ink - Versatile Elegance for Chinese Traditional Art Works and Japanese Brush Art</p><p>$11.49</p><a href="https://www.amazon.com/dp/B0CXDBD77N?tag=eloabder-20&linkCode=osi&th=1&psc=1">View Product</a></div><div class="product"><a href="https://www.amazon.com/dp/B0CR3ML8VS?tag=eloabder-20&linkCode=osi&th=1&psc=1"><img src="https://m.media-amazon.com/images/I/41fLIKySQZL._SL500_.jpg" alt="Product Image"></a><p>Hmayart Prepared Super Thick Liquid Black Ink for Japanese Brush Calligraphy & Chinese Traditional Artworks (MZ010 250g)</p><p>$11.99</p><a href="https://www.amazon.com/dp/B0CR3ML8VS?tag=eloabder-20&linkCode=osi&th=1&psc=1">View Product</a></div><div class="product"><a href="https://www.amazon.com/dp/B0039OQ0J4?tag=eloabder-20&linkCode=osi&th=1&psc=1"><img src="https://m.media-amazon.com/images/I/41RRlR55P9L._SL500_.jpg" alt="Product Image"></a><p>Daiso Sumi Calligraphy Liquid Ink in a 180ml Bottle (Japan Import)</p><p>$8.99</p><a href="https://www.amazon.com/dp/B0039OQ0J4?tag=eloabder-20&linkCode=osi&th=1&psc=1">View Product</a></div><div class="product"><a href="https://www.amazon.com/dp/B074KJ289G?tag=eloabder-20&linkCode=osi&th=1&psc=1"><img src="https://m.media-amazon.com/images/I/41FZT3aCChL._SL500_.jpg" alt="Product Image"></a><p>Easyou Redstar Liquid Ink for Professioanl Traditional Calligraphy and Brush Painting Chinese Ink Liquid (Black&1pcs*180ML)</p><p>$10.99</p><a href="https://www.amazon.com/dp/B074KJ289G?tag=eloabder-20&linkCode=osi&th=1&psc=1">View Product</a></div><div class="product"><a href="https://www.amazon.com/dp/B07JYJ6C1W?tag=eloabder-20&linkCode=osi&th=1&psc=1"><img src="https://m.media-amazon.com/images/I/51IAnrWkw6L._SL500_.jpg" alt="Product Image"></a><p>MZ001 HmayartBlack Sumi Liquid Ink for Japanese Brush Calligraphy & Chinese Traditional Artworks 250ml (black)</p><p>$13.99</p><a href="https://www.amazon.com/dp/B07JYJ6C1W?tag=eloabder-20&linkCode=osi&th=1&psc=1">View Product</a></div><div class="product"><a href="https://www.amazon.com/dp/B0894L9M2C?tag=eloabder-20&linkCode=osi&th=1&psc=1"><img src="https://m.media-amazon.com/images/I/51H5LBUAZcL._SL500_.jpg" alt="Product Image"></a><p>24 Colors Calligraphy Ink Set, Calligraphy Fountain Glass Dip Pen Color Ink Caligrapher Pen Ink Bottle Set, Gold Powder Drawing Writing Art Ink with Gift Box - 24 x 7ml</p><p>$21.98</p><a href="https://www.amazon.com/dp/B0894L9M2C?tag=eloabder-20&linkCode=osi&th=1&psc=1">View Product</a></div><div class="product"><a href="https://www.amazon.com/dp/B0C49WVM7L?tag=eloabder-20&linkCode=osi&th=1&psc=1"><img src="https://m.media-amazon.com/images/I/41zxtjGWS1L._SL500_.jpg" alt="Product Image"></a><p>AOKUY 24 Colors Calligraphy Ink Set,Calligraphy Inks,Colorful Dip Pen Ink Set,Gold Powder Drawing Writing Art Ink with Gift Box</p><p>$16.99</p><a href="https://www.amazon.com/dp/B0C49WVM7L?tag=eloabder-20&linkCode=osi&th=1&psc=1">View Product</a></div>
<div class="product"><a href="https://www.amazon.com/dp/B0007ZJ8QU?tag=eloabder-20&linkCode=osi&th=1&psc=1"><img src="https://m.media-amazon.com/images/I/41vTwN7L9NL._SL500_.jpg" alt="Product Image"></a><p>Speedball C-Series Lettering Pen Set - 1 Penholder w/ 6 Nibs</p><p>$11.99</p><a href="https://www.amazon.com/dp/B0007ZJ8QU?tag=eloabder-20&linkCode=osi&th=1&psc=1">View Product</a></div><div class="product"><a href="https://www.amazon.com/dp/B003IGNH30?tag=eloabder-20&linkCode=osi&th=1&psc=1"><img src="https://m.media-amazon.com/images/I/412WGB9WzGL._SL500_.jpg" alt="Product Image"></a><p>Speedball 30710 10 Pen Nib Assorted Set</p><p>$21.99</p><a href="https://www.amazon.com/dp/B003IGNH30?tag=eloabder-20&linkCode=osi&th=1&psc=1">View Product</a></div><div class="product"><a href="https://www.amazon.com/dp/B0CQTCZRYC?tag=eloabder-20&linkCode=osi&th=1&psc=1"><img src="https://m.media-amazon.com/images/I/41+d7oXaTvL._SL500_.jpg" alt="Product Image"></a><p>10PCS Oblique Calligraphy Dip Pen Set Comic Pen Nib Set Fluid Writer Pen, 2-in-1 Drawing Pen Holder with 8 Pieces Stainless Steel Pen Replacement Nibs Nib for Writing, Painting, Signing, Sketch</p><p>$6.49</p><a href="https://www.amazon.com/dp/B0CQTCZRYC?tag=eloabder-20&linkCode=osi&th=1&psc=1">View Product</a></div><div class="product"><a href="https://www.amazon.com/dp/B000BYQLT4?tag=eloabder-20&linkCode=osi&th=1&psc=1"><img src="https://m.media-amazon.com/images/I/41Tmn+y1-xL._SL500_.jpg" alt="Product Image"></a><p>Speedball Calligraphy Pen Set - 1 Penholder w/ 4 Nibs, 2 Pen Tips</p><p>$13.99</p><a href="https://www.amazon.com/dp/B000BYQLT4?tag=eloabder-20&linkCode=osi&th=1&psc=1">View Product</a></div><div class="product"><a href="https://www.amazon.com/dp/B0B3CVPWMF?tag=eloabder-20&linkCode=osi&th=1&psc=1"><img src="https://m.media-amazon.com/images/I/41Zw4tqW+HL._SL500_.jpg" alt="Product Image"></a><p>Mewutal 2Pcs/Set Comic Pen Nib Set Pen Nibs Replacements for Calligraphy Manga Writing Painting(Pumpkin Head Nib)</p><p>$7.99</p><a href="https://www.amazon.com/dp/B0B3CVPWMF?tag=eloabder-20&linkCode=osi&th=1&psc=1">View Product</a></div><div class="product"><a href="https://www.amazon.com/dp/B0BVR4M5X4?tag=eloabder-20&linkCode=osi&th=1&psc=1"><img src="https://m.media-amazon.com/images/I/515TyiGpQKL._SL500_.jpg" alt="Product Image"></a><p>Wonwood_direct Calligraphy set, 7 Calligraphy Pens with Different Nibs and 40 Ink Cartridges in 13 Colors for Beginner Writing Drawing for Greeting Card Signature Calligraphy (Type 1)</p><p>$15.99</p><a href="https://www.amazon.com/dp/B0BVR4M5X4?tag=eloabder-20&linkCode=osi&th=1&psc=1">View Product</a></div><div class="product"><a href="https://www.amazon.com/dp/B0BGRM97MF?tag=eloabder-20&linkCode=osi&th=1&psc=1"><img src="https://m.media-amazon.com/images/I/41vB7fs3VbL._SL500_.jpg" alt="Product Image"></a><p>Gullor A Bunch of Nibs for Comic Dip Pen, Assorted Calligraphy Dip Pen Nibs, Various Sizes and Shapes, 33 Nibs in Box</p><p>$9.99</p><a href="https://www.amazon.com/dp/B0BGRM97MF?tag=eloabder-20&linkCode=osi&th=1&psc=1">View Product</a></div>
<div class="product"><a href="https://www.amazon.com/dp/B000KNNVX0?tag=eloabder-20&linkCode=osi&th=1&psc=1"><img src="https://m.media-amazon.com/images/I/51RAGoN6UsL._SL500_.jpg" alt="Product Image"></a><p>Strathmore STR- 50 Sheet Tape Bound Calligraphy Pad, 8.5 by 11", White</p><p>$7.83</p><a href="https://www.amazon.com/dp/B000KNNVX0?tag=eloabder-20&linkCode=osi&th=1&psc=1">View Product</a></div><div class="product"><a href="https://www.amazon.com/dp/B00PGBVNM2?tag=eloabder-20&linkCode=osi&th=1&psc=1"><img src="https://m.media-amazon.com/images/I/51VvCXPD-QL._SL500_.jpg" alt="Product Image"></a><p>U.S. Art Supply (Pack of 2 Pads) - 9" x 12" Premium Calligraphic Practice Paper Pad, 19 Pound Bond (70gsm), Pad of 50-Sheets, Calligraphy Paper with Printed Practice Rule and Slanted Grid</p><p>$12.99</p><a href="https://www.amazon.com/dp/B00PGBVNM2?tag=eloabder-20&linkCode=osi&th=1&psc=1">View Product</a></div><div class="product"><a href="https://www.amazon.com/dp/B0CQ1VTM1R?tag=eloabder-20&linkCode=osi&th=1&psc=1"><img src="https://m.media-amazon.com/images/I/31pMzPI5pdL._SL500_.jpg" alt="Product Image"></a><p>50 Sheets Watercolor Paper 8 x 6inch Deckled Edge Paper 190 GSM Rough/Textured Handmade Paper Cotton Paper White Textured Paper for Watercolor, Writing Calligraphy, Invitations, Letters</p><p>$12.99 ($0.26 / Count)</p><a href="https://www.amazon.com/dp/B0CQ1VTM1R?tag=eloabder-20&linkCode=osi&th=1&psc=1">View Product</a></div><div class="product"><a href="https://www.amazon.com/dp/B0CGHVSX6W?tag=eloabder-20&linkCode=osi&th=1&psc=1"><img src="https://m.media-amazon.com/images/I/41pAexcoWlL._SL500_.jpg" alt="Product Image"></a><p>KYMY Chinese/Japanese Calligraphy Paper 100PCS, Sumi/Rice Paper for Writing Painting Drawing Practice, Chinese Brush Ink Xuan Paper, Half Sheng Shu (Half Raw Ripe) (34 x 34 cm (13.38 x 13.38 Inch))</p><p>$10.99 ($0.11 / Count)</p><a href="https://www.amazon.com/dp/B0CGHVSX6W?tag=eloabder-20&linkCode=osi&th=1&psc=1">View Product</a></div>
<div class="product"><a href="https://www.amazon.com/dp/B08FCZC2R3?tag=eloabder-20&linkCode=osi&th=1&psc=1"><img src="https://m.media-amazon.com/images/I/51TWqPlqpfL._SL500_.jpg" alt="Product Image"></a><p>Craft 'n' Beyond Calligraphy Brush Pens Pack of 3 Small, Medium and Large Markers for Hand Lettering, Art Drawing, Sketching, Scrapbooking, Journaling - Beginner Kit with Fadeproof Black Ink</p><p>$5.49</p><a href="https://www.amazon.com/dp/B08FCZC2R3?tag=eloabder-20&linkCode=osi&th=1&psc=1">View Product</a></div><div class="product"><a href="https://www.amazon.com/dp/B0B67TWWDG?tag=eloabder-20&linkCode=osi&th=1&psc=1"><img src="https://m.media-amazon.com/images/I/5188ARIL9sL._SL500_.jpg" alt="Product Image"></a><p>Brusarth Calligraphy Pens, 8 Size Calligraphy Pens for Writing, Brush Pens Calligraphy Set for Beginners, Hand Lettering Pens, Brush Markers Set, Black Ink Drawing Pens</p><p>$8.95</p><a href="https://www.amazon.com/dp/B0B67TWWDG?tag=eloabder-20&linkCode=osi&th=1&psc=1">View Product</a></div><div class="product"><a href="https://www.amazon.com/dp/B000SHQFEA?tag=eloabder-20&linkCode=osi&th=1&psc=1"><img src="https://m.media-amazon.com/images/I/41sx3qStImL._SL500_.jpg" alt="Product Image"></a><p>edding 1255 calligraphy pen - black - 3 pens - calligraphy nib 2 - 5 mm - fibre pens for paper, wood, terracotta, canvas - hand lettering, bullet journals, thank you cards, calligraphy books</p><p>$6.50</p><a href="https://www.amazon.com/dp/B000SHQFEA?tag=eloabder-20&linkCode=osi&th=1&psc=1">View Product</a></div><div class="product"><a href="https://www.amazon.com/dp/B001DKJLEC?tag=eloabder-20&linkCode=osi&th=1&psc=1"><img src="https://m.media-amazon.com/images/I/41x7A8wo7YL._SL500_.jpg" alt="Product Image"></a><p>Speedball Elegant Writer Calligraphy 4 Marker Set, Black, 2.0 mm, 2.5 mm & 3.0 mm Chisel Nib Tip Pens for Drawing, Journaling, and Scrapbooking</p><p>$9.99 ($2.50 / Count)</p><a href="https://www.amazon.com/dp/B001DKJLEC?tag=eloabder-20&linkCode=osi&th=1&psc=1">View Product</a></div><div class="product"><a href="https://www.amazon.com/dp/B08RYWH185?tag=eloabder-20&linkCode=osi&th=1&psc=1"><img src="https://m.media-amazon.com/images/I/51GFkyfC3iL._SL500_.jpg" alt="Product Image"></a><p>Piochoo Calligraphy Pens,8 Size Calligraphy Pens for Writing,Brush Pens Calligraphy Set for Beginners, Hand Lettering Pens</p><p>$12.99</p><a href="https://www.amazon.com/dp/B08RYWH185?tag=eloabder-20&linkCode=osi&th=1&psc=1">View Product</a></div>
<div class="product"><a href="https://www.amazon.com/dp/B0C66K9NHR?tag=eloabder-20&linkCode=osi&th=1&psc=1"><img src="https://m.media-amazon.com/images/I/51As2T+7gzL._SL500_.jpg" alt="Product Image"></a><p>Calligraphy Kit for Beginners - Calligraphy Pen Set with Calligraphy Workbook</p><p>$26.89</p><a href="https://www.amazon.com/dp/B0C66K9NHR?tag=eloabder-20&linkCode=osi&th=1&psc=1">View Product</a></div><div class="product"><a href="https://www.amazon.com/dp/B081J6QLZN?tag=eloabder-20&linkCode=osi&th=1&psc=1"><img src="https://m.media-amazon.com/images/I/41lK2Gw0JZL._SL500_.jpg" alt="Product Image"></a><p>Trustela Calligraphy Set for Beginners, Dip Pen Set with 19 Nibs, Oblique Pen Holder, Wooden Pen Set</p><p>$21.99</p><a href="https://www.amazon.com/dp/B081J6QLZN?tag=eloabder-20&linkCode=osi&th=1&psc=1">View Product</a></div><div class="product"><a href="https://www.amazon.com/dp/B0BCVDNPRJ?tag=eloabder-20&linkCode=osi&th=1&psc=1"><img src="https://m.media-amazon.com/images/I/51J-hFN4AeL._SL500_.jpg" alt="Product Image"></a><p>GC QUILL Calligraphy Pens Set 64pcs - Calligraphy Fountain Pen Set with 3 Fountain Pens, 7 Varied Nibs, 54 Ink Cartridges(10 Colors) - Writing, Drawing and Calligraphy Practice for beginner GC-F354</p><p>$23.99</p><a href="https://www.amazon.com/dp/B0BCVDNPRJ?tag=eloabder-20&linkCode=osi&th=1&psc=1">View Product</a></div>
<div class="product"><a href="https://www.amazon.com/dp/B092Q8BQC1?tag=eloabder-20&linkCode=osi&th=1&psc=1"><img src="https://m.media-amazon.com/images/I/51gdXkGIguS._SL500_.jpg" alt="Product Image"></a><p>AIYNC Feather Calligraphy Pen Ink Set, Includes Quill Pen and Wooden Dip Pen, Ink,17 Replacement Nib, Pen Base, 3 Wax Seal Sticks, Stamp, White Wax, Spoon, Envelope Letter Paper, Envelope Tool(Green)</p><p>$22.99</p><a href="https://www.amazon.com/dp/B092Q8BQC1?tag=eloabder-20&linkCode=osi&th=1&psc=1">View Product</a></div>
<div class="product"><a href="https://www.amazon.com/dp/B09J228BSF?tag=eloabder-20&linkCode=osi&th=1&psc=1"><img src="https://m.media-amazon.com/images/I/61MByvIyHGL._SL500_.jpg" alt="Product Image"></a><p>Candle dye - 18 Colors Liquid Oil-Based dye for Candle Wax, Vivid Candle Color for DIY Candle Making, Highly Concentrate Natural Candle Color</p><p>$15.59 ($2.47 / Fl Oz)</p><a href="https://www.amazon.com/dp/B09J228BSF?tag=eloabder-20&linkCode=osi&th=1&psc=1">View Product</a></div><div class="product"><a href="https://www.amazon.com/dp/B06Y3T5RV4?tag=eloabder-20&linkCode=osi&th=1&psc=1"><img src="https://m.media-amazon.com/images/I/61yZyP8eZTL._SL500_.jpg" alt="Product Image"></a><p>Candle Dyes for Soy Candle Making - Wax Сolor Dye Color Chips for Soy Wax - 16 Popular Colors Wax Dye Flakes</p><p>$16.99 ($10.62 / Ounce)</p><a href="https://www.amazon.com/dp/B06Y3T5RV4?tag=eloabder-20&linkCode=osi&th=1&psc=1">View Product</a></div><div class="product"><a href="https://www.amazon.com/dp/B0CMCPGLQZ?tag=eloabder-20&linkCode=osi&th=1&psc=1"><img src="https://m.media-amazon.com/images/I/51G9e-Epa0L._SL500_.jpg" alt="Product Image"></a><p>Candle Dye - 12 Colors Wax Melt Dye for Candle Making, Oil-Based Dye for Wax, Highly Concentrate Liquid Candle Color Dye</p><p>$8.99</p><a href="https://www.amazon.com/dp/B0CMCPGLQZ?tag=eloabder-20&linkCode=osi&th=1&psc=1">View Product</a></div><div class="product"><a href="https://www.amazon.com/dp/B09GLMZ5PS?tag=eloabder-20&linkCode=osi&th=1&psc=1"><img src="https://m.media-amazon.com/images/I/51SCG6n6Y4L._SL500_.jpg" alt="Product Image"></a><p>OSBANG Oil-Based Candle Color Dye Non-Toxic Non-Irritating 20 Colors for DIY Candle Making Supplies - Vibrant Concentrated Candle Coloring for Soy Wax Dyes, Beeswax, Gel Wax, Candle Making Kit</p><p>$14.99 ($2.22 / Fl Oz)</p><a href="https://www.amazon.com/dp/B09GLMZ5PS?tag=eloabder-20&linkCode=osi&th=1&psc=1">View Product</a></div><div class="product"><a href="https://www.amazon.com/dp/B0C8D2X4F1?tag=eloabder-20&linkCode=osi&th=1&psc=1"><img src="https://m.media-amazon.com/images/I/51e0mqPDEJL._SL500_.jpg" alt="Product Image"></a><p>Candle Dye - 14 Colors Highly Concentrate Oil-Based Liquid Candle Dye Kit, Candle Dyes for Candle Making, Beeswax, Gel Wax, Paraffin Wax - Each 0.35 fl oz</p><p>$9.99</p><a href="https://www.amazon.com/dp/B0C8D2X4F1?tag=eloabder-20&linkCode=osi&th=1&psc=1">View Product</a></div>

<div class="product"><a href="https://www.amazon.com/dp/B0C6FHSQR7?tag=eloabder-20&linkCode=osi&th=1&psc=1"><img src="https://m.media-amazon.com/images/I/41hBOCPELBL._SL500_.jpg" alt="Product Image"></a><p>Mold Release, Silicone Mold Release Spray (16.9 fl oz / 500ml) Mold Release for Epoxy Resin and Candle Mold Release Spray (1 Pack Mega Size)</p><p>$9.99 ($0.59 / Fl Oz)</p><a href="https://www.amazon.com/dp/B0C6FHSQR7?tag=eloabder-20&linkCode=osi&th=1&psc=1">View Product</a></div>
<div class="product"><a href="https://www.amazon.com/dp/B015W8DWUO?tag=eloabder-20&linkCode=osi&th=1&psc=1"><img src="https://m.media-amazon.com/images/I/41umHqV4zhL._SL500_.jpg" alt="Product Image"></a><p>EricX Light 100 Piece Cotton Candle Wick 6" Pre-Waxed for Candle Making,Candle DIY</p><p>$5.35</p><a href="https://www.amazon.com/dp/B015W8DWUO?tag=eloabder-20&linkCode=osi&th=1&psc=1">View Product</a></div><div class="product"><a href="https://www.amazon.com/dp/B08XZB43NZ?tag=eloabder-20&linkCode=osi&th=1&psc=1"><img src="https://m.media-amazon.com/images/I/51cyFvwhpJL._SL500_.jpg" alt="Product Image"></a><p>Candle Wicks 100 Pcs 6 inch with 30Pcs Candle Wick Stickers and 10 Pcs Wooden Candle Wick Centering Device for Soy Beeswax Candle Making and Candle DIY</p><p>$4.99</p><a href="https://www.amazon.com/dp/B08XZB43NZ?tag=eloabder-20&linkCode=osi&th=1&psc=1">View Product</a></div><div class="product"><a href="https://www.amazon.com/dp/B084ZSZQ4T?tag=eloabder-20&linkCode=osi&th=1&psc=1"><img src="https://m.media-amazon.com/images/I/41vLRbXIHhL._SL500_.jpg" alt="Product Image"></a><p>Candle Wick,100 Piece Candle Wicks for Candle Making DIY, 6 Inch Pre-Waxed Cotton Wick with Tabs</p><p>$4.79</p><a href="https://www.amazon.com/dp/B084ZSZQ4T?tag=eloabder-20&linkCode=osi&th=1&psc=1">View Product</a></div><div class="product"><a href="https://www.amazon.com/dp/B097D7S6KB?tag=eloabder-20&linkCode=osi&th=1&psc=1"><img src="https://m.media-amazon.com/images/I/41jpnnrDAjL._SL500_.jpg" alt="Product Image"></a><p>CandMak Candle Wick Kit, 60 Cotton Candle Wicks with Candle Making Tools for Candle Making (Thick 4"+6"+8")</p><p>$5.99</p><a href="https://www.amazon.com/dp/B097D7S6KB?tag=eloabder-20&linkCode=osi&th=1&psc=1">View Product</a></div><div class="product"><a href="https://www.amazon.com/dp/B08DLSG8NW?tag=eloabder-20&linkCode=osi&th=1&psc=1"><img src="https://m.media-amazon.com/images/I/41QkciWLWjL._SL500_.jpg" alt="Product Image"></a><p>Bulk 6inch Candle Wicks 100 Pcs with 60Pcs Candle Wick Stickers and 10 Pcs Wooden Candle Wick Centering Device for Soy Beeswax Candle Making (6inch)</p><p>$5.45</p><a href="https://www.amazon.com/dp/B08DLSG8NW?tag=eloabder-20&linkCode=osi&th=1&psc=1">View Product</a></div><div class="product"><a href="https://www.amazon.com/dp/B08Z334W66?tag=eloabder-20&linkCode=osi&th=1&psc=1"><img src="https://m.media-amazon.com/images/I/51nsfCzAwwL._SL500_.jpg" alt="Product Image"></a><p>DINGPAI 100pcs Cotton Candle Wicks, 6 inches Low Smoke Pre-Waxed Candle Wicks for Candle Making, Candle DIY</p><p>$4.99</p><a href="https://www.amazon.com/dp/B08Z334W66?tag=eloabder-20&linkCode=osi&th=1&psc=1">View Product</a></div><div class="product"><a href="https://www.amazon.com/dp/B0BV1NCQ28?tag=eloabder-20&linkCode=osi&th=1&psc=1"><img src="https://m.media-amazon.com/images/I/41lmQ4K9ccL._SL500_.jpg" alt="Product Image"></a><p>Ziosxin 100pcs Smokeless Cherry Wood Candle Wicks, Long Lasting Flame, Easily Burn, Natural Candle Cores with Stand and Glue Dot, Warning Label for DIY Candle Making</p><p>$9.99</p><a href="https://www.amazon.com/dp/B0BV1NCQ28?tag=eloabder-20&linkCode=osi&th=1&psc=1">View Product</a></div><div class="product"><a href="https://www.amazon.com/dp/B08LPKTVZW?tag=eloabder-20&linkCode=osi&th=1&psc=1"><img src="https://m.media-amazon.com/images/I/41AtaynrIqL._SL500_.jpg" alt="Product Image"></a><p>BEADNOVA Candle Cotton Wicks 4 Inch 150pcs Short Candle Making Wicks Cotton Wicks for Candle Making DIY</p><p>$4.99</p><a href="https://www.amazon.com/dp/B08LPKTVZW?tag=eloabder-20&linkCode=osi&th=1&psc=1">View Product</a></div><div class="product"><a href="https://www.amazon.com/dp/B0925G2VBY?tag=eloabder-20&linkCode=osi&th=1&psc=1"><img src="https://m.media-amazon.com/images/I/51EzgDRsxoL._SL500_.jpg" alt="Product Image"></a><p>CHEFBEE 200 FT Organic Hemp Wick, Hemp Wick Well Coated Natural Beeswax for Hemp Wick Lighter or Candle Making, Slow Burn, No Dripping, Standard Size(1.1mm)</p><p>$6.99</p><a href="https://www.amazon.com/dp/B0925G2VBY?tag=eloabder-20&linkCode=osi&th=1&psc=1">View Product</a></div>
<div class="product"><a href="https://www.amazon.com/dp/B0BJZYCQV3?tag=eloabder-20&linkCode=osi&th=1&psc=1"><img src="https://m.media-amazon.com/images/I/41dS7xm9bKL._SL500_.jpg" alt="Product Image"></a><p>Simetufy Canvas Boards for Painting 12 Pack,8 x 10 Inch Painting Canvas Panels, Blank Canvas for Painting- Gesso Primed Acid-Free 100% Cotton for Acrylics Oil Watercolor Tempera Paints</p><p>$12.99</p><a href="https://www.amazon.com/dp/B0BJZYCQV3?tag=eloabder-20&linkCode=osi&th=1&psc=1">View Product</a></div><div class="product"><a href="https://www.amazon.com/dp/B085F4JH1H?tag=eloabder-20&linkCode=osi&th=1&psc=1"><img src="https://m.media-amazon.com/images/I/41l7Efp7ILL._SL500_.jpg" alt="Product Image"></a><p>KEFF Canvas Boards for Painting - 24 Pack - Art Supplies Paint Canvas 5x7, 8x10, 9x12, 11x14 Canvas Panels, 100% Cotton Pre-Primed Large Canvas for Painting Supplies, Acrylic, Oil, Watercolor, Tempera</p><p>$24.99</p><a href="https://www.amazon.com/dp/B085F4JH1H?tag=eloabder-20&linkCode=osi&th=1&psc=1">View Product</a></div><div class="product"><a href="https://www.amazon.com/dp/B0CMXFTNDC?tag=eloabder-20&linkCode=osi&th=1&psc=1"><img src="https://m.media-amazon.com/images/I/41WZD2Y6GfL._SL500_.jpg" alt="Product Image"></a><p>ESRICH Canvas Boards for Painting, 5 Pack Canvases for Painting 8x10 Cotton Primed Acid Free Blank Canvas Panels for Oil Paint, Watercolor, Acrylic Paint, Gouache and Tempera.</p><p>$5.99</p><a href="https://www.amazon.com/dp/B0CMXFTNDC?tag=eloabder-20&linkCode=osi&th=1&psc=1">View Product</a></div><div class="product"><a href="https://www.amazon.com/dp/B0C6LMPMPJ?tag=eloabder-20&linkCode=osi&th=1&psc=1"><img src="https://m.media-amazon.com/images/I/51QF5c5qRiL._SL500_.jpg" alt="Product Image"></a><p>Simetufy Canvas Boards for Painting 32 Pack, Paint Canvas Panels Set - 5x7, 8x10, 9x12, 11x14 Inches, Pre-Primed 100% Cotton Blank Canvases for Oil Acrylic Watercolor Pouring Paint for Kids & Artists</p><p>$24.99</p><a href="https://www.amazon.com/dp/B0C6LMPMPJ?tag=eloabder-20&linkCode=osi&th=1&psc=1">View Product</a></div><div class="product"><a href="https://www.amazon.com/dp/B0CSD8VYYM?tag=eloabder-20&linkCode=osi&th=1&psc=1"><img src="https://m.media-amazon.com/images/I/41PeXd8MwvL._SL500_.jpg" alt="Product Image"></a><p>4 Pack 11x14 Inch Canvas Boards for Painting, Blank Canvases for Painting,Triple Primed for Oil & Acrylic Paints,100% Cotton Canvas Panels for Acrylics Oil Watercolor Tempera Paints,3mm Thickness</p><p>$8.49</p><a href="https://www.amazon.com/dp/B0CSD8VYYM?tag=eloabder-20&linkCode=osi&th=1&psc=1">View Product</a></div><div class="product"><a href="https://www.amazon.com/dp/B0D59RDVM5?tag=eloabder-20&linkCode=osi&th=1&psc=1"><img src="https://m.media-amazon.com/images/I/519TRFsibfL._SL500_.jpg" alt="Product Image"></a><p>Paroto Canvas Boards for Painting 12 Pack, Multi-Size Painting Canvas Set 5x7, 8x10, 10x12, 12x16 Inches, 100% Cotton Blank Canvas Oil Acrylic Watercolor Pouring Paint for Kids, Beginners, Artists</p><p>$23.99</p><a href="https://www.amazon.com/dp/B0D59RDVM5?tag=eloabder-20&linkCode=osi&th=1&psc=1">View Product</a></div><div class="product"><a href="https://www.amazon.com/dp/B0CSD8YM4L?tag=eloabder-20&linkCode=osi&th=1&psc=1"><img src="https://m.media-amazon.com/images/I/41ZgWqkIMFL._SL500_.jpg" alt="Product Image"></a><p>4 Pack 8x10 Inch Canvas Boards for Painting, Blank Canvases for Painting,Triple Primed for Oil & Acrylic Paints, 100% Cotton Canvas Panels, 3mm Thickness</p><p>$3.99</p><a href="https://www.amazon.com/dp/B0CSD8YM4L?tag=eloabder-20&linkCode=osi&th=1&psc=1">View Product</a></div><div class="product"><a href="https://www.amazon.com/dp/B0CQFTW7MH?tag=eloabder-20&linkCode=osi&th=1&psc=1"><img src="https://m.media-amazon.com/images/I/41PiitKvQTL._SL500_.jpg" alt="Product Image"></a><p>Simetufy 4 Pack Canvas Boards for Painting 12x16 inch, Canvases for Painting, Gesso Primed Acid-Free 100% Cotton Large Canvas Panels for Acrylics Oil Watercolor Tempera Paints</p><p>$11.99</p><a href="https://www.amazon.com/dp/B0CQFTW7MH?tag=eloabder-20&linkCode=osi&th=1&psc=1">View Product</a></div>
<div class="product"><a href="https://www.amazon.com/dp/B07D6V7H85?tag=eloabder-20&linkCode=osi&th=1&psc=1"><img src="https://m.media-amazon.com/images/I/41EEPf6prIL._SL500_.jpg" alt="Product Image"></a><p>U.S. Art Supply 36" Wide x 6 Yards (18 Feet) Long Unstretched Canvas Roll - 100% Cotton, 12-Ounce Triple Primed Gesso, Acid-Free - Pro Artist Quality, Oil & Acrylic Painting, Murals Backdrop, Cut Size</p><p>$49.99</p><a href="https://www.amazon.com/dp/B07D6V7H85?tag=eloabder-20&linkCode=osi&th=1&psc=1">View Product</a></div><div class="product"><a href="https://www.amazon.com/dp/B0C98L44GG?tag=eloabder-20&linkCode=osi&th=1&psc=1"><img src="https://m.media-amazon.com/images/I/31gEyNH9+sL._SL500_.jpg" alt="Product Image"></a><p>Kinlop Double Primed Cotton Canvas White Canvas Roll for Oil and Acrylic Paint (20 Feet x 48 Inch)</p><p>$38.99</p><a href="https://www.amazon.com/dp/B0C98L44GG?tag=eloabder-20&linkCode=osi&th=1&psc=1">View Product</a></div><div class="product"><a href="https://www.amazon.com/dp/B0CLSXCD1W?tag=eloabder-20&linkCode=osi&th=1&psc=1"><img src="https://m.media-amazon.com/images/I/414jbnjcrQL._SL500_.jpg" alt="Product Image"></a><p>U.S. Art Supply 10-Ounce Unprimed 63" Wide x 2 Yards (6 Feet) Long Heavyweight Unstretched Canvas Roll - 100% Cotton, Woven - Oil & Acrylic Painting, Murals, Backdrop - Cut To Stretcher Bar Frame Size</p><p>$24.99</p><a href="https://www.amazon.com/dp/B0CLSXCD1W?tag=eloabder-20&linkCode=osi&th=1&psc=1">View Product</a></div><div class="product"><a href="https://www.amazon.com/dp/B09MCHDSPR?tag=eloabder-20&linkCode=osi&th=1&psc=1"><img src="https://m.media-amazon.com/images/I/41S+37Lx2wL._SL500_.jpg" alt="Product Image"></a><p>100% Natural Cotton 7 oz Canvas Fabric (Duck), 63 Inches Wide X 3 Yards Long</p><p>$29.95</p><a href="https://www.amazon.com/dp/B09MCHDSPR?tag=eloabder-20&linkCode=osi&th=1&psc=1">View Product</a></div><div class="product"><a href="https://www.amazon.com/dp/B07VX9TLM1?tag=eloabder-20&linkCode=osi&th=1&psc=1"><img src="https://m.media-amazon.com/images/I/41-bqGVrblL._SL500_.jpg" alt="Product Image"></a><p>Premium Polyster Matte Canvas Roll, Quick Dry, Wide Format Inkjet Printer Compatible, Perfect for Fine Art, Photography, Giclée Printing, Archival Quality Prints. (24"x60' 290gsm Polyester)</p><p>$69.99</p><a href="https://www.amazon.com/dp/B07VX9TLM1?tag=eloabder-20&linkCode=osi&th=1&psc=1">View Product</a></div><div class="product"><a href="https://www.amazon.com/dp/B079VP3F1B?tag=eloabder-20&linkCode=osi&th=1&psc=1"><img src="https://m.media-amazon.com/images/I/31eaUH1-cWL._SL500_.jpg" alt="Product Image"></a><p>VViViD Double Primed Cotton Canvas 12" Wide Roll Choose Your Size! (10ft x 12" Roll)</p><p>$16.88</p><a href="https://www.amazon.com/dp/B079VP3F1B?tag=eloabder-20&linkCode=osi&th=1&psc=1">View Product</a></div><div class="product"><a href="https://www.amazon.com/dp/B09954KKH3?tag=eloabder-20&linkCode=osi&th=1&psc=1"><img src="https://m.media-amazon.com/images/I/41SwQCPSmAL._SL500_.jpg" alt="Product Image"></a><p>Polyester Canvas Roll Professional Matte Canvas Roll Wide format Inkjet Printing For Printing Drawing Oil Acrylic Or Water-Based Painting (200GSM Polyester 36"x100ft)</p><p>$123.99</p><a href="https://www.amazon.com/dp/B09954KKH3?tag=eloabder-20&linkCode=osi&th=1&psc=1">View Product</a></div>
<div class="product"><a href="https://www.amazon.com/dp/B003A2I5T8?tag=eloabder-20&linkCode=osi&th=1&psc=1"><img src="https://m.media-amazon.com/images/I/41LvtrGFjVL._SL500_.jpg" alt="Product Image"></a><p>Astrobrights/Neenah Bright White Cardstock, 8.5" x 11", 65 lb/176 gsm, White, 75 Sheets (90905-02) - Packaging May Vary</p><p>$6.99</p><a href="https://www.amazon.com/dp/B003A2I5T8?tag=eloabder-20&linkCode=osi&th=1&psc=1">View Product</a></div><div class="product"><a href="https://www.amazon.com/dp/B00006IDRW?tag=eloabder-20&linkCode=osi&th=1&psc=1"><img src="https://m.media-amazon.com/images/I/412xLv5ae7L._SL500_.jpg" alt="Product Image"></a><p>Neenah Premium Cardstock, 8.5" x 11", 65 lb/176 gsm, Bright White, 250 Sheets (91904)</p><p>$14.29</p><a href="https://www.amazon.com/dp/B00006IDRW?tag=eloabder-20&linkCode=osi&th=1&psc=1">View Product</a></div><div class="product"><a href="https://www.amazon.com/dp/B07FX5LCXK?tag=eloabder-20&linkCode=osi&th=1&psc=1"><img src="https://m.media-amazon.com/images/I/41n9D1rlKgL._SL500_.jpg" alt="Product Image"></a><p>Printworks White Cardstock, 67 lb, 92 Bright, FSC Certified, Perfect for School and Craft Projects, 8.5 x 11 Inch, 100 Sheets (00540)</p><p>$11.49</p><a href="https://www.amazon.com/dp/B07FX5LCXK?tag=eloabder-20&linkCode=osi&th=1&psc=1">View Product</a></div><div class="product"><a href="https://www.amazon.com/dp/B07QQ3L753?tag=eloabder-20&linkCode=osi&th=1&psc=1"><img src="https://m.media-amazon.com/images/I/41n0Ue3DLbL._SL500_.jpg" alt="Product Image"></a><p>Neenah White Index Paper, Mediumweight, 300 Sheets, 199 gsm, 94 Brightness, 8.5" x 11" - MORE SHEETS! (91635)</p><p>$15.99</p><a href="https://www.amazon.com/dp/B07QQ3L753?tag=eloabder-20&linkCode=osi&th=1&psc=1">View Product</a></div><div class="product"><a href="https://www.amazon.com/dp/B07D4YF3K4?tag=eloabder-20&linkCode=osi&th=1&psc=1"><img src="https://m.media-amazon.com/images/I/41ffykOOE7L._SL500_.jpg" alt="Product Image"></a><p>Neenah Index Cardstock, 8.5" x 11", 90 lb/163 gsm, White, Lightweight, 94 Brightness, 300 Sheets (91437)</p><p>$19.24</p><a href="https://www.amazon.com/dp/B07D4YF3K4?tag=eloabder-20&linkCode=osi&th=1&psc=1">View Product</a></div><div class="product"><a href="https://www.amazon.com/dp/B08DCF5B4P?tag=eloabder-20&linkCode=osi&th=1&psc=1"><img src="https://m.media-amazon.com/images/I/41GRzmuulDL._SL500_.jpg" alt="Product Image"></a><p>Hammermill White Cardstock, 110 Lb, 8.5 x 11 Colored Cardstock, 1 Pack (200 Sheets) - Thick Card Stock, Made in the USA, 168380R</p><p>$13.32</p><a href="https://www.amazon.com/dp/B08DCF5B4P?tag=eloabder-20&linkCode=osi&th=1&psc=1">View Product</a></div><div class="product"><a href="https://www.amazon.com/dp/B0CYPPHFV9?tag=eloabder-20&linkCode=osi&th=1&psc=1"><img src="https://m.media-amazon.com/images/I/51IQR4E5R1L._SL500_.jpg" alt="Product Image"></a><p>96 Sheets Colored Cardstock 24 Colors, 8.5x11 Color Cardstock Bulk, 200gsm/75lb Assorted Colors Construction Paper for Printing, Card Making, Die Cutting, Crafts, Scrapbooking, Party Decorations</p><p>$12.99</p><a href="https://www.amazon.com/dp/B0CYPPHFV9?tag=eloabder-20&linkCode=osi&th=1&psc=1">View Product</a></div><div class="product"><a href="https://www.amazon.com/dp/B07QNMF4ZP?tag=eloabder-20&linkCode=osi&th=1&psc=1"><img src="https://m.media-amazon.com/images/I/41mVi2qUcyL._SL500_.jpg" alt="Product Image"></a><p>Printworks White Cardstock, Standard, 67 lb. Vellum, 92 Bright, 250 sheets, 8.5 x 11, For Office, Home & School Printing, Craft Projects (00564)</p><p>$12.92</p><a href="https://www.amazon.com/dp/B07QNMF4ZP?tag=eloabder-20&linkCode=osi&th=1&psc=1">View Product</a></div><div class="product"><a href="https://www.amazon.com/dp/B09Y681BML?tag=eloabder-20&linkCode=osi&th=1&psc=1"><img src="https://m.media-amazon.com/images/I/41whFoq6OEL._SL500_.jpg" alt="Product Image"></a><p>Astrobrights Mega Collection, Colored Cardstock, Punchy Pastel 5-Color Assortment, 320 Sheets, 65 lb./176 gsm, 8.5" x 11" - MORE SHEETS! (91780)</p><p>$19.87</p><a href="https://www.amazon.com/dp/B09Y681BML?tag=eloabder-20&linkCode=osi&th=1&psc=1">View Product</a></div>


<div class="product"><a href="https://www.amazon.com/dp/B0B7DZ4YPN?tag=eloabder-20&linkCode=osi&th=1&psc=1"><img src="https://m.media-amazon.com/images/I/51NIBuS801L._SL500_.jpg" alt="Product Image"></a><p>Epoxy Resin 64OZ - Crystal Clear Epoxy Resin Kit - No Yellowing No Bubble Art Resin Casting Resin for Art Crafts, Jewelry Making, Wood & Resin Molds(32OZ x 2)</p><p>$34.99 ($0.55 / Ounce)</p><a href="https://www.amazon.com/dp/B0B7DZ4YPN?tag=eloabder-20&linkCode=osi&th=1&psc=1">View Product</a></div><div class="product"><a href="https://www.amazon.com/dp/B0CPVCRD93?tag=eloabder-20&linkCode=osi&th=1&psc=1"><img src="https://m.media-amazon.com/images/I/51mBmD2NCqL._SL500_.jpg" alt="Product Image"></a><p>Puduo Epoxy Resin Kit 72OZ，Newly Formulated Crystal Clear Epoxy Resin，Strong, Bubble-Free, Anti-Yellowing Art Resin That，Suitable for Casting, DIY, Resin Art, Molds, Jewelry, Easy to Mix 1:1 Ratio</p><p>$36.99 ($0.51 / Ounce)</p><a href="https://www.amazon.com/dp/B0CPVCRD93?tag=eloabder-20&linkCode=osi&th=1&psc=1">View Product</a></div><div class="product"><a href="https://www.amazon.com/dp/B0BY2PFY62?tag=eloabder-20&linkCode=osi&th=1&psc=1"><img src="https://m.media-amazon.com/images/I/51jY4DbLEVL._SL500_.jpg" alt="Product Image"></a><p>LET'S RESIN Polyurethane Resin, 60oz 2 Part Casting Resin, Fast Cured Resin within 10 Minutes, Ultra Low Viscosity & Low Odor Pourable Liquid Plastic for Casting Models, Prototypes & Other Resin Craft</p><p>$40.99 ($0.68 / Ounce)</p><a href="https://www.amazon.com/dp/B0BY2PFY62?tag=eloabder-20&linkCode=osi&th=1&psc=1">View Product</a></div><div class="product"><a href="https://www.amazon.com/dp/B0CXLX1BF1?tag=eloabder-20&linkCode=osi&th=1&psc=1"><img src="https://m.media-amazon.com/images/I/51B03piFSWL._SL500_.jpg" alt="Product Image"></a><p>Epoxy Resin,1 Gallon Crystal Clear Epoxy Resin Kit, High-Gloss & Bubbles Free Resin and Hardener Kit, Art Resin Casting Resin for Art Crafts, Jewelry Making, Wood & Resin Molds…</p><p>$49.99</p><a href="https://www.amazon.com/dp/B0CXLX1BF1?tag=eloabder-20&linkCode=osi&th=1&psc=1">View Product</a></div><div class="product"><a href="https://www.amazon.com/dp/B0B79JKMTN?tag=eloabder-20&linkCode=osi&th=1&psc=1"><img src="https://m.media-amazon.com/images/I/51awzY+fOoL._SL500_.jpg" alt="Product Image"></a><p>Teexpert Crystal Clear Epoxy Resin Kit 1 Gallon Self-Leveling Coating and Casting Resin, High-Gloss & Bubbles Free Resin and Hardener Kit for DIY Art, Jewelry, Table Top, Molds, Wood 1:1 Ratio</p><p>$49.49 ($0.39 / Fl Oz)</p><a href="https://www.amazon.com/dp/B0B79JKMTN?tag=eloabder-20&linkCode=osi&th=1&psc=1">View Product</a></div><div class="product"><a href="https://www.amazon.com/dp/B0CZDCWRDS?tag=eloabder-20&linkCode=osi&th=1&psc=1"><img src="https://m.media-amazon.com/images/I/51NoC3Siy8L._SL500_.jpg" alt="Product Image"></a><p>Puduo Epoxy Resin Kit 1.1Gallon，Newly Formulated Crystal Clear Epoxy Resin，Strong, Bubble-Free, Anti-Yellowing Art Resin That，Suitable for Casting, DIY, Resin Art, Molds, Easy to Mix 1:1 Ratio</p><p>$48.99 ($0.35 / Ounce)</p><a href="https://www.amazon.com/dp/B0CZDCWRDS?tag=eloabder-20&linkCode=osi&th=1&psc=1">View Product</a></div><div class="product"><a href="https://www.amazon.com/dp/B0C786S8ZW?tag=eloabder-20&linkCode=osi&th=1&psc=1"><img src="https://m.media-amazon.com/images/I/51PD1cgR+-L._SL500_.jpg" alt="Product Image"></a><p>LET'S RESIN EPOXY RESIN 2 Gallon Casting Resin with Pumps, Bubble Free & High-Gloss Resin Epoxy Kit, Crystal Clear Epoxy Resin and Hardener for DIY Art, Molds Casting,Craft</p><p>$87.00 ($0.34 / Fl Oz)</p><a href="https://www.amazon.com/dp/B0C786S8ZW?tag=eloabder-20&linkCode=osi&th=1&psc=1">View Product</a></div><div class="product"><a href="https://www.amazon.com/dp/B0BYV7YX2K?tag=eloabder-20&linkCode=osi&th=1&psc=1"><img src="https://m.media-amazon.com/images/I/41dTpbgWB+L._SL500_.jpg" alt="Product Image"></a><p>TAKIMO 1 Gallon Crystal Clear Resin Kit,No Bubble & Not Yellowing Epoxy Resin for Coating, Casting, Table Top,DIY, Bar Top, River Tables, Resin Art, Wood with High Gloss Finish</p><p>$39.99</p><a href="https://www.amazon.com/dp/B0BYV7YX2K?tag=eloabder-20&linkCode=osi&th=1&psc=1">View Product</a></div>
<div class="product"><a href="https://www.amazon.com/dp/B093D6Q4V2?tag=eloabder-20&linkCode=osi&th=1&psc=1"><img src="https://m.media-amazon.com/images/I/51GS6ht5RsS._SL500_.jpg" alt="Product Image"></a><p>Brusarth Professional Charcoal Pencils Drawing Set - 6 Pieces Soft Medium and Hard Charcoal Pencils for Drawing, Sketching, Shading</p><p>$5.57</p><a href="https://www.amazon.com/dp/B093D6Q4V2?tag=eloabder-20&linkCode=osi&th=1&psc=1">View Product</a></div><div class="product"><a href="https://www.amazon.com/dp/B000VXONF4?tag=eloabder-20&linkCode=osi&th=1&psc=1"><img src="https://m.media-amazon.com/images/I/51DxvUPz4nL._SL500_.jpg" alt="Product Image"></a><p>General Pencil 957ABP Compressed Charcoal Sticks 4/Pkg-Black - Soft Assorted</p><p>$6.09 ($1.52 / Count)</p><a href="https://www.amazon.com/dp/B000VXONF4?tag=eloabder-20&linkCode=osi&th=1&psc=1">View Product</a></div><div class="product"><a href="https://www.amazon.com/dp/B0BZSZ2W1B?tag=eloabder-20&linkCode=osi&th=1&psc=1"><img src="https://m.media-amazon.com/images/I/41aJEjrQ16L._SL500_.jpg" alt="Product Image"></a><p>ANNECOSK Willow Charcoal Sticks, 10PCS Willow Charcoal Pencils for Artists Drawing, Sketching</p><p>$7.99</p><a href="https://www.amazon.com/dp/B0BZSZ2W1B?tag=eloabder-20&linkCode=osi&th=1&psc=1">View Product</a></div><div class="product"><a href="https://www.amazon.com/dp/B088K31QB7?tag=eloabder-20&linkCode=osi&th=1&psc=1"><img src="https://m.media-amazon.com/images/I/51giSzQeUzL._SL500_.jpg" alt="Product Image"></a><p>MARKART Professional Charcoal Pencils Drawing Set - 10 Pieces Soft Medium and Hard Charcoal Pencils for Drawing, Sketching, Shading</p><p>$5.99</p><a href="https://www.amazon.com/dp/B088K31QB7?tag=eloabder-20&linkCode=osi&th=1&psc=1">View Product</a></div><div class="product"><a href="https://www.amazon.com/dp/B0CHM9YB18?tag=eloabder-20&linkCode=osi&th=1&psc=1"><img src="https://m.media-amazon.com/images/I/51-cFJewi5L._SL500_.jpg" alt="Product Image"></a><p>PANDAFLY Willow Charcoal Sticks, Soft, Black Artist Vine Charcoal for Artists, Beginners, Students, Great for Sketching, Drawing, Shading and Fine Art, 7-9mm, 25 Pack</p><p>$7.99</p><a href="https://www.amazon.com/dp/B0CHM9YB18?tag=eloabder-20&linkCode=osi&th=1&psc=1">View Product</a></div><div class="product"><a href="https://www.amazon.com/dp/B004O7FFR8?tag=eloabder-20&linkCode=osi&th=1&psc=1"><img src="https://m.media-amazon.com/images/I/51JJnYm-n2L._SL500_.jpg" alt="Product Image"></a><p>Strathmore 300 Series Charcoal Paper Pad, Top Wire Bound, 9x12 inches, 32 Sheets (64lb/95g) - Artist Paper for Adults and Students - Charcoal and Pastel</p><p>$8.86</p><a href="https://www.amazon.com/dp/B004O7FFR8?tag=eloabder-20&linkCode=osi&th=1&psc=1">View Product</a></div><div class="product"><a href="https://www.amazon.com/dp/B09KY8MT2T?tag=eloabder-20&linkCode=osi&th=1&psc=1"><img src="https://m.media-amazon.com/images/I/31buTPEV5IL._SL500_.jpg" alt="Product Image"></a><p>Raven Powders Premium Charcoal Powder for Drawing and Art</p><p>$9.99</p><a href="https://www.amazon.com/dp/B09KY8MT2T?tag=eloabder-20&linkCode=osi&th=1&psc=1">View Product</a></div><div class="product"><a href="https://www.amazon.com/dp/B0021IK626?tag=eloabder-20&linkCode=osi&th=1&psc=1"><img src="https://m.media-amazon.com/images/I/317wgA0GITL._SL500_.jpg" alt="Product Image"></a><p>Winsor & Newton Artist Vine Charcoal Sticks, Soft, Box of 12 Sticks</p><p>$10.56</p><a href="https://www.amazon.com/dp/B0021IK626?tag=eloabder-20&linkCode=osi&th=1&psc=1">View Product</a></div>
<div class="product"><a href="https://www.amazon.com/dp/B0CHF9KZSW?tag=eloabder-20&linkCode=osi&th=1&psc=1"><img src="https://m.media-amazon.com/images/I/61lm2iV1gGL._SL500_.jpg" alt="Product Image"></a><p>KALOUR Professional Charcoal Pencils Drawing Set -12 Pieces Soft, Medium and Hard Charcoal Pencils for Drawing, Sketching, Shading, Artist Pencils for Beginners & Artists</p><p>$5.99</p><a href="https://www.amazon.com/dp/B0CHF9KZSW?tag=eloabder-20&linkCode=osi&th=1&psc=1">View Product</a></div><div class="product"><a href="https://www.amazon.com/dp/B0D41JG73W?tag=eloabder-20&linkCode=osi&th=1&psc=1"><img src="https://m.media-amazon.com/images/I/41K5KaeEE0L._SL500_.jpg" alt="Product Image"></a><p>Aenir White Charcoal Pencils, Pack of 12 Charcoal Drawing Pencils, Charcoal Pencils for Artists, Art Supplies for Drawing and Highlighting, Charcoal Pencils for Drawing, Sketching, Shading & Coloring.</p><p>$7.99</p><a href="https://www.amazon.com/dp/B0D41JG73W?tag=eloabder-20&linkCode=osi&th=1&psc=1">View Product</a></div><div class="product"><a href="https://www.amazon.com/dp/B004BPNUMA?tag=eloabder-20&linkCode=osi&th=1&psc=1"><img src="https://m.media-amazon.com/images/I/41EWfMXntlL._SL500_.jpg" alt="Product Image"></a><p>Peel & Sketch Charcoal Pencils 3/Pkg-</p><p>$6.96</p><a href="https://www.amazon.com/dp/B004BPNUMA?tag=eloabder-20&linkCode=osi&th=1&psc=1">View Product</a></div><div class="product"><a href="https://www.amazon.com/dp/B0C5V1QWPJ?tag=eloabder-20&linkCode=osi&th=1&psc=1"><img src="https://m.media-amazon.com/images/I/51bZBOoKtoL._SL500_.jpg" alt="Product Image"></a><p>Brusarth Charcoal Drawing Set -12 pc Black charcoal pencils, White Charcoal Pencils, Eraser Pencils, Blending Stumps for Drawing, Sketching, Shading, Artist Pencils for Beginners & Artists</p><p>$7.99</p><a href="https://www.amazon.com/dp/B0C5V1QWPJ?tag=eloabder-20&linkCode=osi&th=1&psc=1">View Product</a></div>
<div class="product"><a href="https://www.amazon.com/dp/B001BYK7RA?tag=eloabder-20&linkCode=osi&th=1&psc=1"><img src="https://m.media-amazon.com/images/I/316EZYjc1XL._SL500_.jpg" alt="Product Image"></a><p>Winsor & Newton Artist Vine Charcoal Sticks, Soft, Box of 3 Sticks</p><p>$4.09 ($1.36 / Count)</p><a href="https://www.amazon.com/dp/B001BYK7RA?tag=eloabder-20&linkCode=osi&th=1&psc=1">View Product</a></div>
<div class="product"><a href="https://www.amazon.com/dp/B08LR2TBPG?tag=eloabder-20&linkCode=osi&th=1&psc=1"><img src="https://m.media-amazon.com/images/I/31VBhMwmhTL._SL500_.jpg" alt="Product Image"></a><p>Chipboard Sheets 8.5" x 11" - 100 Sheets of 22 Point Chip Board for Crafts - This Kraft Board is a Great Alternative to MDF Board and Cardboard Sheets</p><p>$19.97</p><a href="https://www.amazon.com/dp/B08LR2TBPG?tag=eloabder-20&linkCode=osi&th=1&psc=1">View Product</a></div><div class="product"><a href="https://www.amazon.com/dp/B079F1FYG3?tag=eloabder-20&linkCode=osi&th=1&psc=1"><img src="https://m.media-amazon.com/images/I/41-kpBNtjSL._SL500_.jpg" alt="Product Image"></a><p>100 Thick Kraft Chipboard (30pt) - 8 1/2" x 11" - Perfect for Scrapbooking, Crafts & Product Backing…</p><p>$19.95</p><a href="https://www.amazon.com/dp/B079F1FYG3?tag=eloabder-20&linkCode=osi&th=1&psc=1">View Product</a></div><div class="product"><a href="https://www.amazon.com/dp/B07BYPGP5H?tag=eloabder-20&linkCode=osi&th=1&psc=1"><img src="https://m.media-amazon.com/images/I/31rUtsWIN5L._SL500_.jpg" alt="Product Image"></a><p>100 Chipboard Sheets 8 x 10 inch - 22pt (point) Light Weight Brown Kraft Cardboard for Scrapbooking & Picture Frame Backing (.022 Caliper Thick) Paper Board | MagicWater Supply</p><p>$21.99</p><a href="https://www.amazon.com/dp/B07BYPGP5H?tag=eloabder-20&linkCode=osi&th=1&psc=1">View Product</a></div><div class="product"><a href="https://www.amazon.com/dp/B07BYP99DJ?tag=eloabder-20&linkCode=osi&th=1&psc=1"><img src="https://m.media-amazon.com/images/I/31EMxvnjGrL._SL500_.jpg" alt="Product Image"></a><p>25 Chipboard Sheets 11 x 17 inch - 50pt (point) Heavy Weight Brown Kraft Cardboard for Scrapbooking & Picture Frame Backing (.050 Caliper Thick) Paper Board | MagicWater Supply</p><p>$26.99</p><a href="https://www.amazon.com/dp/B07BYP99DJ?tag=eloabder-20&linkCode=osi&th=1&psc=1">View Product</a></div><div class="product"><a href="https://www.amazon.com/dp/B07BYFXJDL?tag=eloabder-20&linkCode=osi&th=1&psc=1"><img src="https://m.media-amazon.com/images/I/310RbtxO26L._SL500_.jpg" alt="Product Image"></a><p>100 Chipboard Sheets 5 x 7 inch - 22pt (point) Light Weight Brown Kraft Cardboard for Scrapbooking & Picture Frame Backing (.022 Caliper Thick) Paper Board | MagicWater Supply</p><p>$14.99</p><a href="https://www.amazon.com/dp/B07BYFXJDL?tag=eloabder-20&linkCode=osi&th=1&psc=1">View Product</a></div><div class="product"><a href="https://www.amazon.com/dp/B0B6GK2MFD?tag=eloabder-20&linkCode=osi&th=1&psc=1"><img src="https://m.media-amazon.com/images/I/31-IEV+iYgL._SL500_.jpg" alt="Product Image"></a><p>10 EcoSwift 8.5x11 Chipboard Cardboard Craft Scrapbook Material Scrapbooking Packaging Sheets Shipping Pads Inserts 8 1/2 inch x 11 inch Chip Board</p><p>$4.99</p><a href="https://www.amazon.com/dp/B0B6GK2MFD?tag=eloabder-20&linkCode=osi&th=1&psc=1">View Product</a></div><div class="product"><a href="https://www.amazon.com/dp/B07BYKB2ZL?tag=eloabder-20&linkCode=osi&th=1&psc=1"><img src="https://m.media-amazon.com/images/I/31WIwma4xfL._SL500_.jpg" alt="Product Image"></a><p>Chipboard Sheets 8.5 x 11 inch - 50pt (Point) Heavy Weight Brown Kraft Cardboard for Scrapbooking & Picture Frame Backing (.050 Caliper Thick) Paper Board | MagicWater Supply (Kraft 100 Pack)</p><p>$38.99</p><a href="https://www.amazon.com/dp/B07BYKB2ZL?tag=eloabder-20&linkCode=osi&th=1&psc=1">View Product</a></div><div class="product"><a href="https://www.amazon.com/dp/B00161W6L8?tag=eloabder-20&linkCode=osi&th=1&psc=1"><img src="https://m.media-amazon.com/images/I/41MflHlo3JL._SL500_.jpg" alt="Product Image"></a><p>GRAFIX Natural Medium Weight Chipboard Sheets 8.5"X11" 25/Pkg, 8.5"x11"x0.057", Count</p><p>$15.14 ($0.61 / Count)</p><a href="https://www.amazon.com/dp/B00161W6L8?tag=eloabder-20&linkCode=osi&th=1&psc=1">View Product</a></div><div class="product"><a href="https://www.amazon.com/dp/B0013JRFUA?tag=eloabder-20&linkCode=osi&th=1&psc=1"><img src="https://m.media-amazon.com/images/I/41JzQAJkDoL._SL500_.jpg" alt="Product Image"></a><p>Grafix Medium Weight Acid-Free 0.057” Chipboard Sheets, Create Three-Dimensional Embellishments for Cards, Papercrafts, Mixed Media, Home Décor, and More, 12 x 12, Natural, 25 Count</p><p>$14.51 ($0.58 / Count)</p><a href="https://www.amazon.com/dp/B0013JRFUA?tag=eloabder-20&linkCode=osi&th=1&psc=1">View Product</a></div>








<div class="product"><a href="https://www.amazon.com/dp/B0C2YPJDFL?tag=eloabder-20&linkCode=osi&th=1&psc=1"><img src="https://m.media-amazon.com/images/I/51WB6B3vguL._SL500_.jpg" alt="Product Image"></a><p>Yagol Colored Pencils for Adult Coloring Books, 72 Colored Professional Drawing Pencils, Coloring Pencils for Adults Beginners kids & Pro.</p><p>$9.99</p><a href="https://www.amazon.com/dp/B0C2YPJDFL?tag=eloabder-20&linkCode=osi&th=1&psc=1">View Product</a></div><div class="product"><a href="https://www.amazon.com/dp/B01N09ZDEI?tag=eloabder-20&linkCode=osi&th=1&psc=1"><img src="https://m.media-amazon.com/images/I/51awfumPEiL._SL500_.jpg" alt="Product Image"></a><p>Soucolor 72-Color Colored Pencils for Adult Coloring Books, Back to School Supplies, Soft Core Artist Sketching Drawing Pencils Drawing Supplies, Art Supplies Kit for Adults Kids, Coloring Pencils Set</p><p>$9.99</p><a href="https://www.amazon.com/dp/B01N09ZDEI?tag=eloabder-20&linkCode=osi&th=1&psc=1">View Product</a></div><div class="product"><a href="https://www.amazon.com/dp/B0B772BZ4G?tag=eloabder-20&linkCode=osi&th=1&psc=1"><img src="https://m.media-amazon.com/images/I/41VSyVENyTL._SL500_.jpg" alt="Product Image"></a><p>FUNLAVIE Colored Pencils 48 Coloring Pencils Premium Professional Art Drawing Pencil for Adults Coloring Book</p><p>$9.99</p><a href="https://www.amazon.com/dp/B0B772BZ4G?tag=eloabder-20&linkCode=osi&th=1&psc=1">View Product</a></div><div class="product"><a href="https://www.amazon.com/dp/B0B8MFGW36?tag=eloabder-20&linkCode=osi&th=1&psc=1"><img src="https://m.media-amazon.com/images/I/51umBJsfZDL._SL500_.jpg" alt="Product Image"></a><p>KALOUR Premium Colored Pencils,Set of 120 Colors,Artists Soft Core with Vibrant Color,Ideal for Drawing Sketching Shading,Coloring Pencils for Adults Beginners kids</p><p>$24.99</p><a href="https://www.amazon.com/dp/B0B8MFGW36?tag=eloabder-20&linkCode=osi&th=1&psc=1">View Product</a></div><div class="product"><a href="https://www.amazon.com/dp/B0D5GSMGMG?tag=eloabder-20&linkCode=osi&th=1&psc=1"><img src="https://m.media-amazon.com/images/I/41aprDliB4L._SL500_.jpg" alt="Product Image"></a><p>Colored Pencils for Adult Coloring Books, Set of 72 Color Pencils, Oil-Based Core Drawing Pencils, 3.8mm Soft Leads with Adult Coloring Pencils, Professional Art Supplies for Adults, Beginner and Kids</p><p>$9.99</p><a href="https://www.amazon.com/dp/B0D5GSMGMG?tag=eloabder-20&linkCode=osi&th=1&psc=1">View Product</a></div><div class="product"><a href="https://www.amazon.com/dp/B0CZBPK6L5?tag=eloabder-20&linkCode=osi&th=1&psc=1"><img src="https://m.media-amazon.com/images/I/31Q1khczz5L._SL500_.jpg" alt="Product Image"></a><p>Colored Pencils for Adult Coloring Books, 72 Colors Drawing Pencils with Oil-Based Cores, Professional Art Supplies for Artists, Coloring Pencils for Adults, Color Pencils Set for Beginners and Teens.</p><p>$9.49</p><a href="https://www.amazon.com/dp/B0CZBPK6L5?tag=eloabder-20&linkCode=osi&th=1&psc=1">View Product</a></div>
<div class="product"><a href="https://www.amazon.com/dp/B0BTJRPJHJ?tag=eloabder-20&linkCode=osi&th=1&psc=1"><img src="https://m.media-amazon.com/images/I/61eh6iSlGRL._SL500_.jpg" alt="Product Image"></a><p>READY 2 LEARN Colored Sand - Turquoise - 2.2 lbs - Play Sand for Kids - Perfect for Arts and Crafts, Sensory Bins, Wedding Decorations and Vase Filler</p><p>$9.32</p><a href="https://www.amazon.com/dp/B0BTJRPJHJ?tag=eloabder-20&linkCode=osi&th=1&psc=1">View Product</a></div><div class="product"><a href="https://www.amazon.com/dp/B0BTJWH6L3?tag=eloabder-20&linkCode=osi&th=1&psc=1"><img src="https://m.media-amazon.com/images/I/61OHaobOoGL._SL500_.jpg" alt="Product Image"></a><p>READY 2 LEARN Colored Sand - Light Blue - 2.2 lbs - Play Sand for Kids - Perfect for Wedding Unity Ceremonies, Crafts, Sensory Bins and Vase Filler</p><p>$9.99</p><a href="https://www.amazon.com/dp/B0BTJWH6L3?tag=eloabder-20&linkCode=osi&th=1&psc=1">View Product</a></div><div class="product"><a href="https://www.amazon.com/dp/B00DZS4AA0?tag=eloabder-20&linkCode=osi&th=1&psc=1"><img src="https://m.media-amazon.com/images/I/41htpdoeWSL._SL500_.jpg" alt="Product Image"></a><p>Activa Pink Decorative Colored Sand in Resealable Bag, 5lb (2.27kg) | Fine Grain & Fade-Proof Sand For Arts & Crafts</p><p>$8.99</p><a href="https://www.amazon.com/dp/B00DZS4AA0?tag=eloabder-20&linkCode=osi&th=1&psc=1">View Product</a></div><div class="product"><a href="https://www.amazon.com/dp/B00GNED6YE?tag=eloabder-20&linkCode=osi&th=1&psc=1"><img src="https://m.media-amazon.com/images/I/41T-AKVqV5L._SL500_.jpg" alt="Product Image"></a><p>Sandsational Sparkle Champagne Unity Sand - 1.5 LB (22oz), Beige Colored Sand for Weddings, Vase Filler, Home Décor, Craft Sand, Aquarium Sand, and More</p><p>$15.99</p><a href="https://www.amazon.com/dp/B00GNED6YE?tag=eloabder-20&linkCode=osi&th=1&psc=1">View Product</a></div><div class="product"><a href="https://www.amazon.com/dp/B007VC4F6A?tag=eloabder-20&linkCode=osi&th=1&psc=1"><img src="https://m.media-amazon.com/images/I/51EtMIBeueL._SL500_.jpg" alt="Product Image"></a><p>Sandsational Sparkle Tropic Blue Unity Sand, 1 LB (16 oz), Colored Sand for Weddings, Vase Filler, Home Décor, Craft Sand, Aquarium Sand, and More</p><p>$9.99</p><a href="https://www.amazon.com/dp/B007VC4F6A?tag=eloabder-20&linkCode=osi&th=1&psc=1">View Product</a></div><div class="product"><a href="https://www.amazon.com/dp/B007VC497K?tag=eloabder-20&linkCode=osi&th=1&psc=1"><img src="https://m.media-amazon.com/images/I/51oZOs1VRDL._SL500_.jpg" alt="Product Image"></a><p>Sandsational Sparkle Burnt Orange Unity Sand, 1 LB (16 oz), Colored Sand for Weddings, Vase Filler, Home Décor, Craft Sand, Aquarium Sand, and More</p><p>$9.99</p><a href="https://www.amazon.com/dp/B007VC497K?tag=eloabder-20&linkCode=osi&th=1&psc=1">View Product</a></div><div class="product"><a href="https://www.amazon.com/dp/B004BN9WWY?tag=eloabder-20&linkCode=osi&th=1&psc=1"><img src="https://m.media-amazon.com/images/I/41Hehnr6HkL._SL500_.jpg" alt="Product Image"></a><p>Activa Turquoise Decorative Colored Sand in Resealable Bag, 5lb (2.27kg) | Fine Grain & Fade-Proof Sand For Arts & Crafts</p><p>$17.99 ($0.22 / Ounce)</p><a href="https://www.amazon.com/dp/B004BN9WWY?tag=eloabder-20&linkCode=osi&th=1&psc=1">View Product</a></div><div class="product"><a href="https://www.amazon.com/dp/B007VC4CMM?tag=eloabder-20&linkCode=osi&th=1&psc=1"><img src="https://m.media-amazon.com/images/I/51MDELk9-bL._SL500_.jpg" alt="Product Image"></a><p>Sandsational Sparkle Hazelnut Unity Sand, 1 LB (16 oz), Colored Sand for Weddings, Vase Filler, Home Décor, Craft Sand, Aquarium Sand, and More</p><p>$9.99</p><a href="https://www.amazon.com/dp/B007VC4CMM?tag=eloabder-20&linkCode=osi&th=1&psc=1">View Product</a></div>

<div class="product"><a href="https://www.amazon.com/dp/B0868M9MFP?tag=eloabder-20&linkCode=osi&th=1&psc=1"><img src="https://m.media-amazon.com/images/I/41MathwPKuL._SL500_.jpg" alt="Product Image"></a><p>SIMETUFY 360 Sheets 36 Multicolor Tissue Paper Bulk Gift Wrapping Tissue Paper Decorative Art Rainbow Tissue Paper 11.5in x 8in for Art Craft Floral Birthday Party Festival Tissue Paper Pom Pom</p><p>$6.98 ($0.02 / Count)</p><a href="https://www.amazon.com/dp/B0868M9MFP?tag=eloabder-20&linkCode=osi&th=1&psc=1">View Product</a></div><div class="product"><a href="https://www.amazon.com/dp/B0CZNYNJL3?tag=eloabder-20&linkCode=osi&th=1&psc=1"><img src="https://m.media-amazon.com/images/I/41ZspqqmKpL._SL500_.jpg" alt="Product Image"></a><p>160 Sheets Colored Tissue Paper, Tissue Paper Bulk 14 X 20 Inches Tissue Paper for Gift Bags Wrapping DIY Crafts Wedding Birthday</p><p>$7.99 ($0.03 / Sq Ft)</p><a href="https://www.amazon.com/dp/B0CZNYNJL3?tag=eloabder-20&linkCode=osi&th=1&psc=1">View Product</a></div><div class="product"><a href="https://www.amazon.com/dp/B07QY9FQN2?tag=eloabder-20&linkCode=osi&th=1&psc=1"><img src="https://m.media-amazon.com/images/I/51DR9nknn7L._SL500_.jpg" alt="Product Image"></a><p>120 Sheets Colored Tissue Paper Bulk Wrapping Craft Paper 20 x 26" for Art Gift Tissue Decoration (24 Colors)</p><p>$15.59 ($0.13 / Count)</p><a href="https://www.amazon.com/dp/B07QY9FQN2?tag=eloabder-20&linkCode=osi&th=1&psc=1">View Product</a></div><div class="product"><a href="https://www.amazon.com/dp/B0CWR5FKGQ?tag=eloabder-20&linkCode=osi&th=1&psc=1"><img src="https://m.media-amazon.com/images/I/31iRzSH4cbL._SL500_.jpg" alt="Product Image"></a><p>Hlonon 100 Sheets Colored Tissue Paper 12×20 Inch Tissue Paper Bulk Gift Wrapping for Gift Bags DIY Crafts Birthday Wedding Holidays Decor 10 Colors</p><p>$4.59</p><a href="https://www.amazon.com/dp/B0CWR5FKGQ?tag=eloabder-20&linkCode=osi&th=1&psc=1">View Product</a></div><div class="product"><a href="https://www.amazon.com/dp/B09RXR9SXB?tag=eloabder-20&linkCode=osi&th=1&psc=1"><img src="https://m.media-amazon.com/images/I/51xWE-5f2lL._SL500_.jpg" alt="Product Image"></a><p>120 Sheets Colored Tissue Paper for Gift Bags - 25 Assorted Colors Tissue Paper for Packaging Bulk Colored Tissue Paper for Gift Wrapping -Tissue Paper Bulk for Crafts Large 20 X 26 Sheets</p><p>$13.99 ($0.12 / Count)</p><a href="https://www.amazon.com/dp/B09RXR9SXB?tag=eloabder-20&linkCode=osi&th=1&psc=1">View Product</a></div><div class="product"><a href="https://www.amazon.com/dp/B0BWPNFLXM?tag=eloabder-20&linkCode=osi&th=1&psc=1"><img src="https://m.media-amazon.com/images/I/51KYkgeBLCL._SL500_.jpg" alt="Product Image"></a><p>Colored Tissue Paper for Gift Bags, Colored Tissue Paper for Crafts, Gift Wrapping Tissue Paper Bulk - 375 Sheets in 36 Assorted Colors (12 in x 8.4 in)</p><p>$12.99 ($0.03 / Count)</p><a href="https://www.amazon.com/dp/B0BWPNFLXM?tag=eloabder-20&linkCode=osi&th=1&psc=1">View Product</a></div><div class="product"><a href="https://www.amazon.com/dp/B0D1JYM64F?tag=eloabder-20&linkCode=osi&th=1&psc=1"><img src="https://m.media-amazon.com/images/I/41wvUKH9PbL._SL500_.jpg" alt="Product Image"></a><p>Phinus 6300 Pcs 1 Inch Tissue Paper Squares, Tissue Paper for Crafts, 42 Assorted Colored Tissue Paper, Colors Art Rainbow Tissue Paper Bulk for Crafts, Art Projects, Birthday Party</p><p>$5.99</p><a href="https://www.amazon.com/dp/B0D1JYM64F?tag=eloabder-20&linkCode=osi&th=1&psc=1">View Product</a></div>
<div class="product"><a href="https://www.amazon.com/dp/B085DP36VF?tag=eloabder-20&linkCode=osi&th=1&psc=1"><img src="https://m.media-amazon.com/images/I/516vaNkg0iL._SL500_.jpg" alt="Product Image"></a><p>Soucolor Art Brush Markers Pens for Adult Coloring Books, 34 Colors Numbered Dual Tip (Brush and Fine Point) Marker Pen for Kids Note taking Planner Lettering Calligraphy Drawing Preppy School Stuff</p><p>$9.99</p><a href="https://www.amazon.com/dp/B085DP36VF?tag=eloabder-20&linkCode=osi&th=1&psc=1">View Product</a></div><div class="product"><a href="https://www.amazon.com/dp/B075WQPKNK?tag=eloabder-20&linkCode=osi&th=1&psc=1"><img src="https://m.media-amazon.com/images/I/51EOXvmdwnL._SL500_.jpg" alt="Product Image"></a><p>Dual Brush Marker Pens for Coloring Books, Tanmit Fine Tip Coloring Marker & Brush Pen Set for Journaling Note Taking Writing Planning Art Project</p><p>$7.97</p><a href="https://www.amazon.com/dp/B075WQPKNK?tag=eloabder-20&linkCode=osi&th=1&psc=1">View Product</a></div>
<div class="product"><a href="https://www.amazon.com/dp/B0BWH7CWFW?tag=eloabder-20&linkCode=osi&th=1&psc=1"><img src="https://m.media-amazon.com/images/I/51jUg2AkDyL._SL500_.jpg" alt="Product Image"></a><p>AnyMark 60 Colors Alcohol Markers, Markers Set, Dual Tip Alcohol Based Art Markers for Kids Adults Coloring Drawing, Chisel & Fine</p><p>$19.99 ($0.33 / Count)</p><a href="https://www.amazon.com/dp/B0BWH7CWFW?tag=eloabder-20&linkCode=osi&th=1&psc=1">View Product</a></div><div class="product"><a href="https://www.amazon.com/dp/B07CJ8QXF8?tag=eloabder-20&linkCode=osi&th=1&psc=1"><img src="https://m.media-amazon.com/images/I/51bChi4-H4L._SL500_.jpg" alt="Product Image"></a><p>Dual Markers Brush Pens, 36 Fine Point Art Marker, Double Tip Colored Pen for Adult Coloring Hand Lettering, School Classroom Art Suppliers</p><p>$9.99</p><a href="https://www.amazon.com/dp/B07CJ8QXF8?tag=eloabder-20&linkCode=osi&th=1&psc=1">View Product</a></div><div class="product"><a href="https://www.amazon.com/dp/B0CMLFSJ32?tag=eloabder-20&linkCode=osi&th=1&psc=1"><img src="https://m.media-amazon.com/images/I/51tOlopoSsL._SL500_.jpg" alt="Product Image"></a><p>TOSHARE Double Brush Marker Pens, 72 Colors Art Markers Set with Fine Tip and Brush Tip for Kids Adult Coloring Book Hand Lettering Calligraphy Drawing Art Supplies Kit</p><p>$29.99</p><a href="https://www.amazon.com/dp/B0CMLFSJ32?tag=eloabder-20&linkCode=osi&th=1&psc=1">View Product</a></div><div class="product"><a href="https://www.amazon.com/dp/B0BYD5M7LQ?tag=eloabder-20&linkCode=osi&th=1&psc=1"><img src="https://m.media-amazon.com/images/I/51sfVuA2MJL._SL500_.jpg" alt="Product Image"></a><p>AnyMark 48 Colors Alcohol Markers, Markers Set, Dual Tip Alcohol Based Art Markers for Kids Adults Coloring Drawing, Chisel & Fine</p><p>$12.99 ($0.27 / Count)</p><a href="https://www.amazon.com/dp/B0BYD5M7LQ?tag=eloabder-20&linkCode=osi&th=1&psc=1">View Product</a></div><div class="product"><a href="https://www.amazon.com/dp/B078N2RFJ9?tag=eloabder-20&linkCode=osi&th=1&psc=1"><img src="https://m.media-amazon.com/images/I/415IZ1EQzEL._SL500_.jpg" alt="Product Image"></a><p>MemOffice 80 Colors Dual Tip Artist Alcohol Markers Set with Carrying Case - Perfect for Coloring, Drawing, Sketching, Card Making and Illustration - Perfect for Adults and Kids</p><p>$22.99</p><a href="https://www.amazon.com/dp/B078N2RFJ9?tag=eloabder-20&linkCode=osi&th=1&psc=1">View Product</a></div><div class="product"><a href="https://www.amazon.com/dp/B0891WKPN3?tag=eloabder-20&linkCode=osi&th=1&psc=1"><img src="https://m.media-amazon.com/images/I/51qPnBJt4QL._SL500_.jpg" alt="Product Image"></a><p>Caliart 34 Double Tip Brush Pens Art Markers, Aesthetic Cute Preppy Stuff School Supplies, Artist Fine & Brush Pen Coloring Markers for Kids Adult Book Cards Drawing Craft Kit Teacher Office Supplies</p><p>$9.99</p><a href="https://www.amazon.com/dp/B0891WKPN3?tag=eloabder-20&linkCode=osi&th=1&psc=1">View Product</a></div><div class="product"><a href="https://www.amazon.com/dp/B08GX1FXG5?tag=eloabder-20&linkCode=osi&th=1&psc=1"><img src="https://m.media-amazon.com/images/I/61VK97q6UUL._SL500_.jpg" alt="Product Image"></a><p>Mogyann Markers for Adult 100 Colors Dual Tip Pens with Fine and Brush Tip for Coloring and Calligraphy Drawing</p><p>$26.99</p><a href="https://www.amazon.com/dp/B08GX1FXG5?tag=eloabder-20&linkCode=osi&th=1&psc=1">View Product</a></div>
<div class="product"><a href="https://www.amazon.com/dp/B002LARR8A?tag=eloabder-20&linkCode=osi&th=1&psc=1"><img src="https://m.media-amazon.com/images/I/41G5vXNB91L._SL500_.jpg" alt="Product Image"></a><p>Prang (Formerly SunWorks) Construction Paper, 10 Assorted Colors, 12" x 18", 100 Sheets</p><p>$13.09</p><a href="https://www.amazon.com/dp/B002LARR8A?tag=eloabder-20&linkCode=osi&th=1&psc=1">View Product</a></div><div class="product"><a href="https://www.amazon.com/dp/B001AZ9S6G?tag=eloabder-20&linkCode=osi&th=1&psc=1"><img src="https://m.media-amazon.com/images/I/41kI6AxAEvL._SL500_.jpg" alt="Product Image"></a><p>Prang (Formerly SunWorks) Construction Paper, White, 12" x 18", 50 Sheets</p><p>$6.86</p><a href="https://www.amazon.com/dp/B001AZ9S6G?tag=eloabder-20&linkCode=osi&th=1&psc=1">View Product</a></div>

<div class="product"><a href="https://www.amazon.com/dp/B003JJIEKC?tag=eloabder-20&linkCode=osi&th=1&psc=1"><img src="https://m.media-amazon.com/images/I/51CnC6280iL._SL500_.jpg" alt="Product Image"></a><p>2 Rolls/Pack 7/32 Copper Foil (Copper Backed)</p><p>$24.21</p><a href="https://www.amazon.com/dp/B003JJIEKC?tag=eloabder-20&linkCode=osi&th=1&psc=1">View Product</a></div><div class="product"><a href="https://www.amazon.com/dp/B0CXXD14QS?tag=eloabder-20&linkCode=osi&th=1&psc=1"><img src="https://m.media-amazon.com/images/I/31MLEFbqdaL._SL500_.jpg" alt="Product Image"></a><p>YEZHET 7/32 Inch Black Backed Copper foil for Stained Glass (2Roll)</p><p>$16.99</p><a href="https://www.amazon.com/dp/B0CXXD14QS?tag=eloabder-20&linkCode=osi&th=1&psc=1">View Product</a></div><div class="product"><a href="https://www.amazon.com/dp/B00359QVPG?tag=eloabder-20&linkCode=osi&th=1&psc=1"><img src="https://m.media-amazon.com/images/I/41hRCFiP1dL._SL500_.jpg" alt="Product Image"></a><p>Edco 3/16 Black Backed Copper Foil</p><p>$14.75</p><a href="https://www.amazon.com/dp/B00359QVPG?tag=eloabder-20&linkCode=osi&th=1&psc=1">View Product</a></div><div class="product"><a href="https://www.amazon.com/dp/B004BNDZSG?tag=eloabder-20&linkCode=osi&th=1&psc=1"><img src="https://m.media-amazon.com/images/I/519NZ7L73gL._SL500_.jpg" alt="Product Image"></a><p>Studio Pro 1/4-Inch Black Lined Copper Foil</p><p>$10.90</p><a href="https://www.amazon.com/dp/B004BNDZSG?tag=eloabder-20&linkCode=osi&th=1&psc=1">View Product</a></div><div class="product"><a href="https://www.amazon.com/dp/B0C3Z37LZK?tag=eloabder-20&linkCode=osi&th=1&psc=1"><img src="https://m.media-amazon.com/images/I/41bhh73eatL._SL500_.jpg" alt="Product Image"></a><p>YEZHET Copper Foil Tape 2 Pack (7/32Inch) with Double-Sided Conductive, for Stained Glass, Electrical Repairs, DIY Handicrafts, Paper Circuits, Crafting</p><p>$7.99 ($0.53 / Foot)</p><a href="https://www.amazon.com/dp/B0C3Z37LZK?tag=eloabder-20&linkCode=osi&th=1&psc=1">View Product</a></div><div class="product"><a href="https://www.amazon.com/dp/B00WVKO1LG?tag=eloabder-20&linkCode=osi&th=1&psc=1"><img src="https://m.media-amazon.com/images/I/31J15yH0QGL._SL500_.jpg" alt="Product Image"></a><p>K&S 6020 Metallic Copper Crafting Foil, 0.005" Thick x 12" Width x 30" Long, 1 Piece, Made in The USA</p><p>$14.89</p><a href="https://www.amazon.com/dp/B00WVKO1LG?tag=eloabder-20&linkCode=osi&th=1&psc=1">View Product</a></div>
<div class="product"><a href="https://www.amazon.com/dp/B08YJBQ7WZ?tag=eloabder-20&linkCode=osi&th=1&psc=1"><img src="https://m.media-amazon.com/images/I/51MPyR+wDWL._SL500_.jpg" alt="Product Image"></a><p>45 Color Options Macrame Cord 2mm/3mm/4mm/5mm/6mmx109 Yards Cotton Cord, 4 Ply Twisted Yarn, Natural Perfect Supplies DIY Crafts (Natural White)</p><p>$4.98 ($0.02 / Foot)</p><a href="https://www.amazon.com/dp/B08YJBQ7WZ?tag=eloabder-20&linkCode=osi&th=1&psc=1">View Product</a></div><div class="product"><a href="https://www.amazon.com/dp/B07ZGD2G6B?tag=eloabder-20&linkCode=osi&th=1&psc=1"><img src="https://m.media-amazon.com/images/I/51pexzF494L._SL500_.jpg" alt="Product Image"></a><p>Tenn Well Leather String, 100 Yards 2.6mm Flat Suede Cord, Faux Leather Cord for Jewelry Making, Necklaces, Bracelets, Dream Catchers and DIY Crafts (Brown)</p><p>$9.99 ($0.03 / Foot)</p><a href="https://www.amazon.com/dp/B07ZGD2G6B?tag=eloabder-20&linkCode=osi&th=1&psc=1">View Product</a></div><div class="product"><a href="https://www.amazon.com/dp/B0CQF1LC2R?tag=eloabder-20&linkCode=osi&th=1&psc=1"><img src="https://m.media-amazon.com/images/I/51O0PgsjtpL._SL500_.jpg" alt="Product Image"></a><p>Anezus Rainbow Color Nylon Cord, Nylon Craft String, Silky Satin Rattail Cord Beading String for Braided Bracelets, Pendants Necklace, Macrame Keychains, Lanyards, Drawstring Bags, DIY Crafts, Sewing</p><p>$6.99 ($0.02 / Foot)</p><a href="https://www.amazon.com/dp/B0CQF1LC2R?tag=eloabder-20&linkCode=osi&th=1&psc=1">View Product</a></div><div class="product"><a href="https://www.amazon.com/dp/B0B7J9BZSN?tag=eloabder-20&linkCode=osi&th=1&psc=1"><img src="https://m.media-amazon.com/images/I/41Orf+Dg9FL._SL500_.jpg" alt="Product Image"></a><p>2 mm 330 Feet Satin Nylon Cord String for Jewelry Making Bracelet Necklaces Beading Thread Rattail Macrame Kumihimo Chinese Knot Craft</p><p>$7.99 ($0.02 / Foot)</p><a href="https://www.amazon.com/dp/B0B7J9BZSN?tag=eloabder-20&linkCode=osi&th=1&psc=1">View Product</a></div><div class="product"><a href="https://www.amazon.com/dp/B08PZ2VDPM?tag=eloabder-20&linkCode=osi&th=1&psc=1"><img src="https://m.media-amazon.com/images/I/51DQgq3cfXL._SL500_.jpg" alt="Product Image"></a><p>Tenn Well Nylon Satin Cord, 295 Feet 2mm Black Nylon String for Jewelry Making, Silky Rattail Cord for Bracelets, Necklaces, Macrame Keychains, Lanyards, Beading</p><p>$7.99 ($0.03 / Foot)</p><a href="https://www.amazon.com/dp/B08PZ2VDPM?tag=eloabder-20&linkCode=osi&th=1&psc=1">View Product</a></div><div class="product"><a href="https://www.amazon.com/dp/B07TW9PGGB?tag=eloabder-20&linkCode=osi&th=1&psc=1"><img src="https://m.media-amazon.com/images/I/41C73YuzTWL._SL500_.jpg" alt="Product Image"></a><p>Macrame Cord,3mm x109 Yards 100% Natural Macrame Cords Colored Cotton Macrame Rope Craft Cord for DIY Crafts Knitting Plant Hangers Christmas Wedding Decor(Natural Color/Beige)</p><p>$4.98 ($0.02 / Foot)</p><a href="https://www.amazon.com/dp/B07TW9PGGB?tag=eloabder-20&linkCode=osi&th=1&psc=1">View Product</a></div><div class="product"><a href="https://www.amazon.com/dp/B0CS27R34B?tag=eloabder-20&linkCode=osi&th=1&psc=1"><img src="https://m.media-amazon.com/images/I/31hxjVrOTnL._SL500_.jpg" alt="Product Image"></a><p>2 mm x 330 Feet Satin Nylon Cord, Silky Smooth Nylon String for Jewelry Making Bracelet Necklaces Beading Thread Rattail Macrame Kumihimo Chinese Knot Craft</p><p>$7.99 ($0.02 / Foot)</p><a href="https://www.amazon.com/dp/B0CS27R34B?tag=eloabder-20&linkCode=osi&th=1&psc=1">View Product</a></div><div class="product"><a href="https://www.amazon.com/dp/B07GX8B3PC?tag=eloabder-20&linkCode=osi&th=1&psc=1"><img src="https://m.media-amazon.com/images/I/416oClGC4ZL._SL500_.jpg" alt="Product Image"></a><p>Tenn Well 5mm Macrame Cord, 165Feet Braided Cotton Rope Thick Craft Twine for Macrame Plant Hangers, Wall Hangings, Drawstrings, Clothes Lines, DIY Crafts (Beige)</p><p>$8.99 ($0.05 / Foot)</p><a href="https://www.amazon.com/dp/B07GX8B3PC?tag=eloabder-20&linkCode=osi&th=1&psc=1">View Product</a></div>
<div class="product"><a href="https://www.amazon.com/dp/B08LV18F93?tag=eloabder-20&linkCode=osi&th=1&psc=1"><img src="https://m.media-amazon.com/images/I/51XMGht9fSL._SL500_.jpg" alt="Product Image"></a><p>uxcell 20pcs Corrugated Cardboard Paper Sheets,Colorful,7.87-inch x 11.82-inch,for Craft and DIY Projects</p><p>$12.49 ($0.62 / Count)</p><a href="https://www.amazon.com/dp/B08LV18F93?tag=eloabder-20&linkCode=osi&th=1&psc=1">View Product</a></div><div class="product"><a href="https://www.amazon.com/dp/B009MRH3R0?tag=eloabder-20&linkCode=osi&th=1&psc=1"><img src="https://m.media-amazon.com/images/I/51KvHbQ47aL._SL500_.jpg" alt="Product Image"></a><p>Hygloss Corrugated Cardboard Sheets, 8-Pack, 8 Pieces</p><p>$10.13 ($1.27 / Count)</p><a href="https://www.amazon.com/dp/B009MRH3R0?tag=eloabder-20&linkCode=osi&th=1&psc=1">View Product</a></div><div class="product"><a href="https://www.amazon.com/dp/B08LV1DHM7?tag=eloabder-20&linkCode=osi&th=1&psc=1"><img src="https://m.media-amazon.com/images/I/41CqXQkVMyL._SL500_.jpg" alt="Product Image"></a><p>uxcell 10pcs Corrugated Cardboard Paper Sheets,Black,7.87-inch x 11.84-inch,for Craft and DIY Projects</p><p>$8.09 ($0.81 / Count)</p><a href="https://www.amazon.com/dp/B08LV1DHM7?tag=eloabder-20&linkCode=osi&th=1&psc=1">View Product</a></div><div class="product"><a href="https://www.amazon.com/dp/B07RNHX8GZ?tag=eloabder-20&linkCode=osi&th=1&psc=1"><img src="https://m.media-amazon.com/images/I/51LdlT0J20L._SL500_.jpg" alt="Product Image"></a><p>Bright Creations Corrugated Cardboard Paper Sheets (8.5 x 11 in, Black, 48-Pack)</p><p>$16.99 ($0.35 / Count)</p><a href="https://www.amazon.com/dp/B07RNHX8GZ?tag=eloabder-20&linkCode=osi&th=1&psc=1">View Product</a></div><div class="product"><a href="https://www.amazon.com/dp/B07GZHK7KC?tag=eloabder-20&linkCode=osi&th=1&psc=1"><img src="https://m.media-amazon.com/images/I/51LbINh9qtL._SL500_.jpg" alt="Product Image"></a><p>64 Pack Colored Corrugated Cardboard Sheets for Crafts, Art Projects, DIY Signs, 8 Bright Colors (8.3 x 11.8 in)</p><p>$19.99 ($0.31 / Count)</p><a href="https://www.amazon.com/dp/B07GZHK7KC?tag=eloabder-20&linkCode=osi&th=1&psc=1">View Product</a></div><div class="product"><a href="https://www.amazon.com/dp/B08LV1FW8M?tag=eloabder-20&linkCode=osi&th=1&psc=1"><img src="https://m.media-amazon.com/images/I/41glvw8zT3L._SL500_.jpg" alt="Product Image"></a><p>uxcell 10pcs Corrugated Cardboard Paper Sheets,White,7.87-inch x 11.86-inch,for Craft and DIY Projects</p><p>$9.49 ($0.95 / Count)</p><a href="https://www.amazon.com/dp/B08LV1FW8M?tag=eloabder-20&linkCode=osi&th=1&psc=1">View Product</a></div><div class="product"><a href="https://www.amazon.com/dp/B071KP3K72?tag=eloabder-20&linkCode=osi&th=1&psc=1"><img src="https://m.media-amazon.com/images/I/41Dr9t+PB8L._SL500_.jpg" alt="Product Image"></a><p>Corobuff Corrugated Paper, Brite Blue, 48" x 25', 1 Roll</p><p>$38.52</p><a href="https://www.amazon.com/dp/B071KP3K72?tag=eloabder-20&linkCode=osi&th=1&psc=1">View Product</a></div><div class="product"><a href="https://www.amazon.com/dp/B09TB1LKLG?tag=eloabder-20&linkCode=osi&th=1&psc=1"><img src="https://m.media-amazon.com/images/I/31ttSeubU9L._SL500_.jpg" alt="Product Image"></a><p>MECCANIXITY Corrugated Paper Sheets 25pcs 11.8-inch x 7.87-inch White Cardboard for DIY Craft</p><p>$13.99</p><a href="https://www.amazon.com/dp/B09TB1LKLG?tag=eloabder-20&linkCode=osi&th=1&psc=1">View Product</a></div><div class="product"><a href="https://www.amazon.com/dp/B0C372CGHG?tag=eloabder-20&linkCode=osi&th=1&psc=1"><img src="https://m.media-amazon.com/images/I/41EDnL7EWDL._SL500_.jpg" alt="Product Image"></a><p>DMiotech 5 Pack 7.87x11.81 Inch Corrugated Cardboard Paper Sheets DIY Projects Black for Box Making, Cards, Scrapbooks</p><p>$6.99 ($1.40 / Count)</p><a href="https://www.amazon.com/dp/B0C372CGHG?tag=eloabder-20&linkCode=osi&th=1&psc=1">View Product</a></div>
<div class="product"><a href="https://www.amazon.com/dp/B08PBJSDSH?tag=eloabder-20&linkCode=osi&th=1&psc=1"><img src="https://m.media-amazon.com/images/I/41pj8xbkfyL._SL500_.jpg" alt="Product Image"></a><p>100 Pieces Cotton Spun Paper Balls White Natural Spun Cotton Paper Balls Coloring Paper Balls for Making Paper Flowers DIY Crafts Decorations</p><p>$9.49</p><a href="https://www.amazon.com/dp/B08PBJSDSH?tag=eloabder-20&linkCode=osi&th=1&psc=1">View Product</a></div><div class="product"><a href="https://www.amazon.com/dp/B083W75XRT?tag=eloabder-20&linkCode=osi&th=1&psc=1"><img src="https://m.media-amazon.com/images/I/41C8TlFRJvL._SL500_.jpg" alt="Product Image"></a><p>Lia Griffith Cotton Spun Paper Balls, White, 20mm, 24 Count</p><p>$11.30 ($0.47 / Count)</p><a href="https://www.amazon.com/dp/B083W75XRT?tag=eloabder-20&linkCode=osi&th=1&psc=1">View Product</a></div>
<div class="product"><a href="https://www.amazon.com/dp/B0B1J8TYT1?tag=eloabder-20&linkCode=osi&th=1&psc=1"><img src="https://m.media-amazon.com/images/I/41NdyrANVlL._SL500_.jpg" alt="Product Image"></a><p>HOTGODEN Medium Weight 100% Cotton Muslin Fabric: 63 inch x 2,5,10 Yards Unbleached Muslin Linen Fabric Material for Sewing Material Apparel Cloth</p><p>$12.99</p><a href="https://www.amazon.com/dp/B0B1J8TYT1?tag=eloabder-20&linkCode=osi&th=1&psc=1">View Product</a></div><div class="product"><a href="https://www.amazon.com/dp/B0B9HHD1QM?tag=eloabder-20&linkCode=osi&th=1&psc=1"><img src="https://m.media-amazon.com/images/I/313O1FHX2vL._SL500_.jpg" alt="Product Image"></a><p>Craftido-19 Options-100% Cotton Fabric by The yard in Solid Color 44”Wide by 3yd (9 ft) -Medium Weight 5.2 oz- for Quilting, Sewing, Crafts, Binding, Backing and Lining - White</p><p>$22.99</p><a href="https://www.amazon.com/dp/B0B9HHD1QM?tag=eloabder-20&linkCode=osi&th=1&psc=1">View Product</a></div><div class="product"><a href="https://www.amazon.com/dp/B0BHVMLTWV?tag=eloabder-20&linkCode=osi&th=1&psc=1"><img src="https://m.media-amazon.com/images/I/21vOg9h0nXL._SL500_.jpg" alt="Product Image"></a><p>HOTGODEN Light Weight 100% Cotton Muslin Fabric: 63 inch x 2,5,10 Yards Unbleached Muslin Linen Fabric Material for Sewing Material Apparel Cloth</p><p>$12.99</p><a href="https://www.amazon.com/dp/B0BHVMLTWV?tag=eloabder-20&linkCode=osi&th=1&psc=1">View Product</a></div><div class="product"><a href="https://www.amazon.com/dp/B093BQ3GMM?tag=eloabder-20&linkCode=osi&th=1&psc=1"><img src="https://m.media-amazon.com/images/I/61UmpTb+DVS._SL500_.jpg" alt="Product Image"></a><p>42Pcs 10"x10" Quilting Cotton Fabric Squares Sheets Pre-Cut Multi-Color Design Printed Floral Craft Fabric for DIY Sewing Scrapbooking Quilting Craft Patchwork (Red/Pink/Yellow/Green/Blue/Purple)</p><p>$12.88</p><a href="https://www.amazon.com/dp/B093BQ3GMM?tag=eloabder-20&linkCode=osi&th=1&psc=1">View Product</a></div><div class="product"><a href="https://www.amazon.com/dp/B08DTBZTFC?tag=eloabder-20&linkCode=osi&th=1&psc=1"><img src="https://m.media-amazon.com/images/I/41NKhg34TpL._SL500_.jpg" alt="Product Image"></a><p>Master FAB -Black 100% Cotton Fabric by The Yard for Sewing DIY Crafting Fashion Design Washable Cloth Bundles Voile;Full Width cuttable39 x 55inches (100x140cm) (Black Solid)</p><p>$9.99</p><a href="https://www.amazon.com/dp/B08DTBZTFC?tag=eloabder-20&linkCode=osi&th=1&psc=1">View Product</a></div>
<div class="product"><a href="https://www.amazon.com/dp/B08TZZ7F3P?tag=eloabder-20&linkCode=osi&th=1&psc=1"><img src="https://m.media-amazon.com/images/I/41J8e8Zfz1S._SL500_.jpg" alt="Product Image"></a><p>Hdviai Macrame Cord - Natural Unbleached Macrame Rope - 4 Strand Twisted Cotton Rope for Wall Hanging，DIY Craft Making，Plant Hangers，Knotting Decorative Projects (White, 8mm x 20 Yards)</p><p>$9.99 ($0.17 / Foot)</p><a href="https://www.amazon.com/dp/B08TZZ7F3P?tag=eloabder-20&linkCode=osi&th=1&psc=1">View Product</a></div><div class="product"><a href="https://www.amazon.com/dp/B094Y2M3G5?tag=eloabder-20&linkCode=osi&th=1&psc=1"><img src="https://m.media-amazon.com/images/I/51C-4p5OSsS._SL500_.jpg" alt="Product Image"></a><p>SEMINI 100% Natural Cotton Cord,5mm x40 Yard Mixed Color Twine String Cord Colored Cotton Rope Craft Cord for DIY Crafts Knitting Plant Hangers Christmas Wedding Decorate (Mix Color)</p><p>$12.99</p><a href="https://www.amazon.com/dp/B094Y2M3G5?tag=eloabder-20&linkCode=osi&th=1&psc=1">View Product</a></div><div class="product"><a href="https://www.amazon.com/dp/B07NTT82FH?tag=eloabder-20&linkCode=osi&th=1&psc=1"><img src="https://m.media-amazon.com/images/I/41aw9F3nkmL._SL500_.jpg" alt="Product Image"></a><p>Feelmate 6mm x 164 Feet Cotton Rope Macrame Cord for Crafts Jewelry Making Home Decoration Gift Wrapping</p><p>$14.99 ($0.09 / Foot)</p><a href="https://www.amazon.com/dp/B07NTT82FH?tag=eloabder-20&linkCode=osi&th=1&psc=1">View Product</a></div><div class="product"><a href="https://www.amazon.com/dp/B09KRYCT3B?tag=eloabder-20&linkCode=osi&th=1&psc=1"><img src="https://m.media-amazon.com/images/I/41H918apC-L._SL500_.jpg" alt="Product Image"></a><p>Natural Cotton Rope, JEUIHAU 328 Feet 1/4 Inch Cotton Clothesline Rope, All-Purpose Braided Cotton Rope Utility Cord for Clothes Hanging, Crafting, Macrame, Basket Making, and DIY Art Projects</p><p>$25.99 ($0.08 / Foot)</p><a href="https://www.amazon.com/dp/B09KRYCT3B?tag=eloabder-20&linkCode=osi&th=1&psc=1">View Product</a></div>
<div class="product"><a href="https://www.amazon.com/dp/B07RRD6TBN?tag=eloabder-20&linkCode=osi&th=1&psc=1"><img src="https://m.media-amazon.com/images/I/31YqtfxjDuL._SL500_.jpg" alt="Product Image"></a><p>Connecting Threads 100% Cotton Thread - 1200 Yard Spool (White)</p><p>$8.99</p><a href="https://www.amazon.com/dp/B07RRD6TBN?tag=eloabder-20&linkCode=osi&th=1&psc=1">View Product</a></div><div class="product"><a href="https://www.amazon.com/dp/B07G4N3HCZ?tag=eloabder-20&linkCode=osi&th=1&psc=1"><img src="https://m.media-amazon.com/images/I/413UnNketKL._SL500_.jpg" alt="Product Image"></a><p>2-Pack - Gutermann Natural Cotton Thread Solids 876 Yards Each - White (800C 5709)</p><p>$16.17 ($8.08 / Count)</p><a href="https://www.amazon.com/dp/B07G4N3HCZ?tag=eloabder-20&linkCode=osi&th=1&psc=1">View Product</a></div><div class="product"><a href="https://www.amazon.com/dp/B07RSFSYLY?tag=eloabder-20&linkCode=osi&th=1&psc=1"><img src="https://m.media-amazon.com/images/I/31dM1Mx2uIL._SL500_.jpg" alt="Product Image"></a><p>Connecting Threads 100% Cotton Essential Thread 5000 Yard Cone (White)</p><p>$16.99</p><a href="https://www.amazon.com/dp/B07RSFSYLY?tag=eloabder-20&linkCode=osi&th=1&psc=1">View Product</a></div><div class="product"><a href="https://www.amazon.com/dp/B074H1JTPK?tag=eloabder-20&linkCode=osi&th=1&psc=1"><img src="https://m.media-amazon.com/images/I/41tOL4rkfFL._SL500_.jpg" alt="Product Image"></a><p>Simthread 12 Multi Colors 100% Cotton Sewing Thread 50s/3 Thread for Quilting etc - 550 Yards Each 12C02</p><p>$21.99 ($0.00 / Foot)</p><a href="https://www.amazon.com/dp/B074H1JTPK?tag=eloabder-20&linkCode=osi&th=1&psc=1">View Product</a></div><div class="product"><a href="https://www.amazon.com/dp/B07RPCNYXW?tag=eloabder-20&linkCode=osi&th=1&psc=1"><img src="https://m.media-amazon.com/images/I/41iUqMPb-gL._SL500_.jpg" alt="Product Image"></a><p>Connecting Threads 100% Cotton Thread - 1200 Yard Spool (Red)</p><p>$8.99</p><a href="https://www.amazon.com/dp/B07RPCNYXW?tag=eloabder-20&linkCode=osi&th=1&psc=1">View Product</a></div>
<div class="product"><a href="https://www.amazon.com/dp/B09SL5LT8W?tag=eloabder-20&linkCode=osi&th=1&psc=1"><img src="https://m.media-amazon.com/images/I/512Dhz0oTrL._SL500_.jpg" alt="Product Image"></a><p>B-7000 Glue Clear for Rhinestone Crafts, Jewelry and Bead Adhesive B7000 Semi Fluid High Viscosity Glues for Clothes Shoes Fabric Cell Phones Screen Repair Metal Stone Nail Art Glass (4x15 ml/0.5 oz)</p><p>$5.45</p><a href="https://www.amazon.com/dp/B09SL5LT8W?tag=eloabder-20&linkCode=osi&th=1&psc=1">View Product</a></div><div class="product"><a href="https://www.amazon.com/dp/B00178KLEY?tag=eloabder-20&linkCode=osi&th=1&psc=1"><img src="https://m.media-amazon.com/images/I/31wcgL5xRkL._SL500_.jpg" alt="Product Image"></a><p>Aleene's All Purpose Tacky Glue, 8-Ounce</p><p>$2.44 ($0.30 / Fl Oz)</p><a href="https://www.amazon.com/dp/B00178KLEY?tag=eloabder-20&linkCode=osi&th=1&psc=1">View Product</a></div><div class="product"><a href="https://www.amazon.com/dp/B088NN5GD8?tag=eloabder-20&linkCode=osi&th=1&psc=1"><img src="https://m.media-amazon.com/images/I/417dgxV3dfL._SL500_.jpg" alt="Product Image"></a><p>Bearly Art Precision Craft Glue - The Mini - 2fl oz with Tip Kit - Acid Free Archival - Strong Hold Adhesive - Ideal for Fine Paper Crafting Scrapbooking and Card Making - Made in USA</p><p>$12.99</p><a href="https://www.amazon.com/dp/B088NN5GD8?tag=eloabder-20&linkCode=osi&th=1&psc=1">View Product</a></div><div class="product"><a href="https://www.amazon.com/dp/B000BY6THS?tag=eloabder-20&linkCode=osi&th=1&psc=1"><img src="https://m.media-amazon.com/images/I/41WhjtET6sL._SL500_.jpg" alt="Product Image"></a><p>Aleene's Clear Gel Tacky Glue 4oz</p><p>$2.33</p><a href="https://www.amazon.com/dp/B000BY6THS?tag=eloabder-20&linkCode=osi&th=1&psc=1">View Product</a></div><div class="product"><a href="https://www.amazon.com/dp/B00KD6ZHA4?tag=eloabder-20&linkCode=osi&th=1&psc=1"><img src="https://m.media-amazon.com/images/I/31oecXt0Q+L._SL500_.jpg" alt="Product Image"></a><p>Aleene's Gel Glue, 8-Ounce, Clear</p><p>$4.44 ($0.56 / Fl Oz)</p><a href="https://www.amazon.com/dp/B00KD6ZHA4?tag=eloabder-20&linkCode=osi&th=1&psc=1">View Product</a></div><div class="product"><a href="https://www.amazon.com/dp/B07Y6RWHP1?tag=eloabder-20&linkCode=osi&th=1&psc=1"><img src="https://m.media-amazon.com/images/I/41B6C8VaOWL._SL500_.jpg" alt="Product Image"></a><p>Bearly Art Precision Craft Glue - The Original - 4fl oz - Tip Kit Included - Dries Clear - Metal Tip - Wrinkle Resistant - Flexible and Crack Resistant - Strong Hold Adhesive - Made in USA</p><p>$19.99 ($5.00 / Fl Oz)</p><a href="https://www.amazon.com/dp/B07Y6RWHP1?tag=eloabder-20&linkCode=osi&th=1&psc=1">View Product</a></div><div class="product"><a href="https://www.amazon.com/dp/B0D1BYTYWD?tag=eloabder-20&linkCode=osi&th=1&psc=1"><img src="https://m.media-amazon.com/images/I/41P6pr3DnTL._SL500_.jpg" alt="Product Image"></a><p>Joez Wonderful 6 Sheets Foam Adhesive Squares, 990pcs Total Double Sided Self Adhesive Dots, Precut Squares Strips Foam Tape for DIY Arts & Crafts, 2 Sizes (0.47in/12mm, 0.24in/6mm)</p><p>$5.59</p><a href="https://www.amazon.com/dp/B0D1BYTYWD?tag=eloabder-20&linkCode=osi&th=1&psc=1">View Product</a></div><div class="product"><a href="https://www.amazon.com/dp/B001683NAO?tag=eloabder-20&linkCode=osi&th=1&psc=1"><img src="https://m.media-amazon.com/images/I/31cwr-m138L._SL500_.jpg" alt="Product Image"></a><p>BEACON 3-in-1 Advanced Craft Glue - Fast-Drying, Crystal Clear Adhesive for Wood, Ceramics, Fabrics, and More, 4-Ounce</p><p>$8.99 ($2.25 / Fl Oz)</p><a href="https://www.amazon.com/dp/B001683NAO?tag=eloabder-20&linkCode=osi&th=1&psc=1">View Product</a></div><div class="product"><a href="https://www.amazon.com/dp/B0C5CB2KCT?tag=eloabder-20&linkCode=osi&th=1&psc=1"><img src="https://m.media-amazon.com/images/I/51GvFpuq9BL._SL500_.jpg" alt="Product Image"></a><p>B-7000 Craft Glue for Jewelry Making - 15ml/0.5oz (2 Pack) - Multi-Function B-7000 Super Adhesive Glues Liquid Fusion Glue for Rhinestones Crafts, Clothes Shoes, Fabric, Jewelry Making, Cell Phones</p><p>$5.99</p><a href="https://www.amazon.com/dp/B0C5CB2KCT?tag=eloabder-20&linkCode=osi&th=1&psc=1">View Product</a></div><div class="product"><a href="https://www.amazon.com/dp/B0011N832C?tag=eloabder-20&linkCode=osi&th=1&psc=1"><img src="https://m.media-amazon.com/images/I/41VYA3-u1QL._SL500_.jpg" alt="Product Image"></a><p>Glue Dots, Craft Dots, Double-Sided, 1/2", .5 Inch, 200 Dots, DIY Craft Glue Tape, Sticky Adhesive Glue Points, Liquid Hot Glue Alternative, Clear</p><p>$4.88 ($0.02 / Count)</p><a href="https://www.amazon.com/dp/B0011N832C?tag=eloabder-20&linkCode=osi&th=1&psc=1">View Product</a></div>
<div class="product"><a href="https://www.amazon.com/dp/B07V3HLBVF?tag=eloabder-20&linkCode=osi&th=1&psc=1"><img src="https://m.media-amazon.com/images/I/41siDRjPEoL._SL500_.jpg" alt="Product Image"></a><p>bagmad 100 Pack 8x4.75x10 inch Plain Medium Paper Bags with Handles Bulk, Brown Kraft Bags, Craft Gift Bags, Grocery Shopping Retail Bags, Birthday Party Favors Wedding Bags Sacks (Brown, 100pcs)</p><p>$26.46 ($0.26 / Count)</p><a href="https://www.amazon.com/dp/B07V3HLBVF?tag=eloabder-20&linkCode=osi&th=1&psc=1">View Product</a></div><div class="product"><a href="https://www.amazon.com/dp/B07MLM81VG?tag=eloabder-20&linkCode=osi&th=1&psc=1"><img src="https://m.media-amazon.com/images/I/31j9z9qZ3mL._SL500_.jpg" alt="Product Image"></a><p>Qutuus Kraft Paper Bags with Handles Bulk 8x4.5x10 100 pcs Brown Paper Gift Bags Bulk Medium Size Kraft Bags, Brown Bags, Shopping Bags, Retail Bags, Craft Bags for Small Business</p><p>$25.99</p><a href="https://www.amazon.com/dp/B07MLM81VG?tag=eloabder-20&linkCode=osi&th=1&psc=1">View Product</a></div><div class="product"><a href="https://www.amazon.com/dp/B0CJ8PHN2Z?tag=eloabder-20&linkCode=osi&th=1&psc=1"><img src="https://m.media-amazon.com/images/I/41e7VEiBNIL._SL500_.jpg" alt="Product Image"></a><p>100 Pack 5.8x3.2x8.25 Inch Brown Kraft Paper Gift Bags with Handles - Bulk Small Plain Natural Bags for Birthday Party Favors, Grocery, Retail Shopping, Wedding, Craft, Goody, Takeouts, and Business</p><p>$18.99</p><a href="https://www.amazon.com/dp/B0CJ8PHN2Z?tag=eloabder-20&linkCode=osi&th=1&psc=1">View Product</a></div><div class="product"><a href="https://www.amazon.com/dp/B0BWMY43TD?tag=eloabder-20&linkCode=osi&th=1&psc=1"><img src="https://m.media-amazon.com/images/I/41FVul0hWRL._SL500_.jpg" alt="Product Image"></a><p>Brothersbox Brown Paper Bags with Handles Bulk 100PCS Kraft Paper Bags, 8 * 4.76 * 10 Inch Medium Craft Paper Gift Bags for Birthday Party Grocery Retail Shopping Business</p><p>$24.99</p><a href="https://www.amazon.com/dp/B0BWMY43TD?tag=eloabder-20&linkCode=osi&th=1&psc=1">View Product</a></div><div class="product"><a href="https://www.amazon.com/dp/B0C13GRG4D?tag=eloabder-20&linkCode=osi&th=1&psc=1"><img src="https://m.media-amazon.com/images/I/41L33B24HtL._SL500_.jpg" alt="Product Image"></a><p>Toovip 90 Pack Plain Brown Kraft Paper Bags with Handles Bulk, Multiple 3 Assorted Sizes Gift Bags for Favors Grocery Retail Party Birthday Shopping Business Goody Craft Merchandise Take Out Sacks</p><p>$26.99 ($0.30 / Count)</p><a href="https://www.amazon.com/dp/B0C13GRG4D?tag=eloabder-20&linkCode=osi&th=1&psc=1">View Product</a></div><div class="product"><a href="https://www.amazon.com/dp/B09Z2N3QKT?tag=eloabder-20&linkCode=osi&th=1&psc=1"><img src="https://m.media-amazon.com/images/I/416VQ3Ke3PL._SL500_.jpg" alt="Product Image"></a><p>Moretoes 40pcs Brown Paper Bags with Handles Assorted Size Gift Bags, Kraft Paper Bags, Paper Shopping Bags, Craft Bags, Merchandise Bags</p><p>$20.99</p><a href="https://www.amazon.com/dp/B09Z2N3QKT?tag=eloabder-20&linkCode=osi&th=1&psc=1">View Product</a></div><div class="product"><a href="https://www.amazon.com/dp/B0CHMTKBWS?tag=eloabder-20&linkCode=osi&th=1&psc=1"><img src="https://m.media-amazon.com/images/I/31QBYQW7LOL._SL500_.jpg" alt="Product Image"></a><p>Oikss 100 Pack 10x5x13 Plain Natural Brown Kraft Paper Bags with Handles Bulk for Birthday Party Favors Grocery Retail Shopping Business Goody Recycled Craft Gift Bags (Large Size, 100 Count)</p><p>$30.99</p><a href="https://www.amazon.com/dp/B0CHMTKBWS?tag=eloabder-20&linkCode=osi&th=1&psc=1">View Product</a></div><div class="product"><a href="https://www.amazon.com/dp/B0CRD6RXP3?tag=eloabder-20&linkCode=osi&th=1&psc=1"><img src="https://m.media-amazon.com/images/I/51lEnA2mgNL._SL500_.jpg" alt="Product Image"></a><p>XPCARE 100Pack Brown Paper Bags 8x4.5x10 Inch, Plain Medium Paper Bags with Handles Bulk, Kraft Paper Gift Bags, Retail Bags, Party Bags, Shopping Bags, Favor Bags</p><p>$19.99</p><a href="https://www.amazon.com/dp/B0CRD6RXP3?tag=eloabder-20&linkCode=osi&th=1&psc=1">View Product</a></div><div class="product"><a href="https://www.amazon.com/dp/B07V3J3Y5V?tag=eloabder-20&linkCode=osi&th=1&psc=1"><img src="https://m.media-amazon.com/images/I/41wn1f3QStL._SL500_.jpg" alt="Product Image"></a><p>bagmad 100 Pack 5.25x3.25x8 inch Brown Small Paper Bags with Handles Bulk, Gift Paper Bags, Kraft Birthday Party Favors Grocery Retail Shopping Craft Bags Takeouts Business (Plain Natural 100pcs)</p><p>$20.99 ($0.21 / Count)</p><a href="https://www.amazon.com/dp/B07V3J3Y5V?tag=eloabder-20&linkCode=osi&th=1&psc=1">View Product</a></div><div class="product"><a href="https://www.amazon.com/dp/B09HBN5248?tag=eloabder-20&linkCode=osi&th=1&psc=1"><img src="https://m.media-amazon.com/images/I/41iWymlepRL._SL500_.jpg" alt="Product Image"></a><p>Oikss 100 Pack 5.25x3.25x8.25 Inch Small Plain Natural Paper Kraft Gift Bags with Handles Bulk for Birthday Party Favors Grocery Retail Shopping Business Goody Craft Bags Cub (Brown 100 Count)</p><p>$20.99 ($0.21 / Count)</p><a href="https://www.amazon.com/dp/B09HBN5248?tag=eloabder-20&linkCode=osi&th=1&psc=1">View Product</a></div>
<div class="product"><a href="https://www.amazon.com/dp/B09C1YL7RQ?tag=eloabder-20&linkCode=osi&th=1&psc=1"><img src="https://m.media-amazon.com/images/I/615lFU8obCL._SL500_.jpg" alt="Product Image"></a><p>1000+ pcs Pony Beads, Multi-Colored Bracelet Beads for Hair Braids, Crafts, Plastic Beads (Medium Pack, Classic)…</p><p>$6.99 ($0.01 / Count)</p><a href="https://www.amazon.com/dp/B09C1YL7RQ?tag=eloabder-20&linkCode=osi&th=1&psc=1">View Product</a></div>
<div class="product"><a href="https://www.amazon.com/dp/B0C1RC5Y7F?tag=eloabder-20&linkCode=osi&th=1&psc=1"><img src="https://m.media-amazon.com/images/I/41Sf-YEnE+L._SL500_.jpg" alt="Product Image"></a><p>PerkHomy Brown Kraft Paper Roll 17.5" x 1,200" (100') for Gift Wrapping Bulletin Board Kids Craft Art Bouquet Flower Packing Moving Shipping Floor Covering Table 70GSM 50LB (Brown, 17.5" x 100')</p><p>$5.98</p><a href="https://www.amazon.com/dp/B0C1RC5Y7F?tag=eloabder-20&linkCode=osi&th=1&psc=1">View Product</a></div>
<div class="product"><a href="https://www.amazon.com/dp/B0044SA67G?tag=eloabder-20&linkCode=osi&th=1&psc=1"><img src="https://m.media-amazon.com/images/I/51UEqn6-w3L._SL500_.jpg" alt="Product Image"></a><p>Hygloss Products - 77640 Colorful Blank Books – Books for Journaling, Sketching, Writing & More – Great for Arts & Crafts - 10 Assorted Bright, Fun Colors - Pocket-Size - 4.25 x 5.5 Inches - 10 Pack</p><p>$8.18 ($0.82 / Count)</p><a href="https://www.amazon.com/dp/B0044SA67G?tag=eloabder-20&linkCode=osi&th=1&psc=1">View Product</a></div><div class="product"><a href="https://www.amazon.com/dp/B09WQCHK3M?tag=eloabder-20&linkCode=osi&th=1&psc=1"><img src="https://m.media-amazon.com/images/I/61JMYPiYGRL._SL500_.jpg" alt="Product Image"></a><p>Aigybobo Origami Paper Set, 308PCS Kids Craft Paper Kit with Instructional Book for Girls Age 6,7,8,9,10,11,12, Art Projects Supplies for School Class Craft Lessons- Christmas Gifts for Boys&Girls</p><p>$12.99</p><a href="https://www.amazon.com/dp/B09WQCHK3M?tag=eloabder-20&linkCode=osi&th=1&psc=1">View Product</a></div><div class="product"><a href="https://www.amazon.com/dp/B00I7E56NC?tag=eloabder-20&linkCode=osi&th=1&psc=1"><img src="https://m.media-amazon.com/images/I/21cxSReF5yL._SL500_.jpg" alt="Product Image"></a><p>Hygloss Products White Blank Books – Great Books for Journaling, Sketching, Writing & More – Fun for Arts & Crafts - Pocket-size - 4.25 x 5.5 Inches - 10 Pack</p><p>$13.00</p><a href="https://www.amazon.com/dp/B00I7E56NC?tag=eloabder-20&linkCode=osi&th=1&psc=1">View Product</a></div><div class="product"><a href="https://www.amazon.com/dp/B07YGRCXVT?tag=eloabder-20&linkCode=osi&th=1&psc=1"><img src="https://m.media-amazon.com/images/I/51Oxy0SqbES._SL500_.jpg" alt="Product Image"></a><p>Origami Paper | 350 Origami Paper Kit | Set Includes - 300 Sheets 20 Colors 6x6 | 50 Traditional Japanese Patterns | Origami Book 25 Easy Colored Projects | Kids Crafts | Christmas Gifts for boys 8-12</p><p>$17.99</p><a href="https://www.amazon.com/dp/B07YGRCXVT?tag=eloabder-20&linkCode=osi&th=1&psc=1">View Product</a></div><div class="product"><a href="https://www.amazon.com/dp/B07VDCVN3T?tag=eloabder-20&linkCode=osi&th=1&psc=1"><img src="https://m.media-amazon.com/images/I/516u8vopNML._SL500_.jpg" alt="Product Image"></a><p>Gamenote Colorful Origami Kit for Kids 54 Projects 120 Double Sided Origami Paper 12 Sheets Practice Papers Instructional Origami Book Origami Gift for 4+ Girls Boys Adult Beginners Training Craft</p><p>$11.99</p><a href="https://www.amazon.com/dp/B07VDCVN3T?tag=eloabder-20&linkCode=osi&th=1&psc=1">View Product</a></div>



<div class="product"><a href="https://www.amazon.com/dp/B01GCLS32M?tag=eloabder-20&linkCode=osi&th=1&psc=1"><img src="https://m.media-amazon.com/images/I/51xf1ALKGyL._SL500_.jpg" alt="Product Image"></a><p>42pcs Felt Fabric Sheet 4"x4" Assorted Color DIY Craft Squares Nonwoven 1mm Thick</p><p>$6.68</p><a href="https://www.amazon.com/dp/B01GCLS32M?tag=eloabder-20&linkCode=osi&th=1&psc=1">View Product</a></div><div class="product"><a href="https://www.amazon.com/dp/B0CY56NFL7?tag=eloabder-20&linkCode=osi&th=1&psc=1"><img src="https://m.media-amazon.com/images/I/51jZtTDxNCL._SL500_.jpg" alt="Product Image"></a><p>XSEINO 12 Rolls 8"x35"(20.5x90cm) 1.4mm Thick Soft Felt Fabric Sheet 12 Assorted Colors Felt Pack for DIY Craft Sewing Squares Nonwoven Patchwork</p><p>$11.99</p><a href="https://www.amazon.com/dp/B0CY56NFL7?tag=eloabder-20&linkCode=osi&th=1&psc=1">View Product</a></div><div class="product"><a href="https://www.amazon.com/dp/B07VHMT14L?tag=eloabder-20&linkCode=osi&th=1&psc=1"><img src="https://m.media-amazon.com/images/I/61DSrnEAvjL._SL500_.jpg" alt="Product Image"></a><p>150Pcs 4" x 4" (10cm x 10cm) Cotton Craft Fabric Bundle Squares,Squares Sheets Patchwork,Pre-Cut Quilt Squares,DIY Sewing Quarters Bundle,Quilting Fabric Bundles</p><p>$9.99</p><a href="https://www.amazon.com/dp/B07VHMT14L?tag=eloabder-20&linkCode=osi&th=1&psc=1">View Product</a></div><div class="product"><a href="https://www.amazon.com/dp/B08GJHYMGN?tag=eloabder-20&linkCode=osi&th=1&psc=1"><img src="https://m.media-amazon.com/images/I/51wD1FT1eeL._SL500_.jpg" alt="Product Image"></a><p>50pcs 8 x 8 inches Multicolor Cotton Fabric Bundle Squares for Quilting Sewing, Precut Fabric Squares for Craft Patchwork</p><p>$13.77</p><a href="https://www.amazon.com/dp/B08GJHYMGN?tag=eloabder-20&linkCode=osi&th=1&psc=1">View Product</a></div><div class="product"><a href="https://www.amazon.com/dp/B0C6K98T96?tag=eloabder-20&linkCode=osi&th=1&psc=1"><img src="https://m.media-amazon.com/images/I/51M-+hitpAL._SL500_.jpg" alt="Product Image"></a><p>42pcs 6 x 6 inches Felt Fabric Sheets - Fabrics DIY Craftwork Sewing Patchwork, Felt Crafts Assorted Colour Polyester Felt Sheet for Art and Craft</p><p>$4.99</p><a href="https://www.amazon.com/dp/B0C6K98T96?tag=eloabder-20&linkCode=osi&th=1&psc=1">View Product</a></div><div class="product"><a href="https://www.amazon.com/dp/B0C9BYD9ND?tag=eloabder-20&linkCode=osi&th=1&psc=1"><img src="https://m.media-amazon.com/images/I/418r7XqmEKL._SL500_.jpg" alt="Product Image"></a><p>40Pcs Felt Fabric Sheets - 4x4 inch DIY Craft Felt, 1mm Thick Non-Woven Patchwork Material for School Projects & Decoration - 40 Assorted Colors (10 x 10cm)</p><p>$4.99</p><a href="https://www.amazon.com/dp/B0C9BYD9ND?tag=eloabder-20&linkCode=osi&th=1&psc=1">View Product</a></div><div class="product"><a href="https://www.amazon.com/dp/B0BWRN4RHP?tag=eloabder-20&linkCode=osi&th=1&psc=1"><img src="https://m.media-amazon.com/images/I/51HHQcV3njL._SL500_.jpg" alt="Product Image"></a><p>Large Stiff Felt Sheets Bundle: LOTOFUN 10pcs 8x35Inch Assorted Rainbow Color Felts Sheet for Kids Crafts Squares Nonwoven Patchwork DIY Sewing</p><p>$11.99</p><a href="https://www.amazon.com/dp/B0BWRN4RHP?tag=eloabder-20&linkCode=osi&th=1&psc=1">View Product</a></div>
<div class="product"><a href="https://www.amazon.com/dp/B003U6QIUC?tag=eloabder-20&linkCode=osi&th=1&psc=1"><img src="https://m.media-amazon.com/images/I/51PyPJgIPlL._SL500_.jpg" alt="Product Image"></a><p>School Smart 85836 Maribu Feathers - 1/2 Ounce - Set of 150 - Assorted Colors</p><p>$3.52</p><a href="https://www.amazon.com/dp/B003U6QIUC?tag=eloabder-20&linkCode=osi&th=1&psc=1">View Product</a></div>
<div class="product"><a href="https://www.amazon.com/dp/B089DPDYKV?tag=eloabder-20&linkCode=osi&th=1&psc=1"><img src="https://m.media-amazon.com/images/I/51L58by1dXL._SL500_.jpg" alt="Product Image"></a><p>Better Office Products 100 Pack EVA Foam Sheets, 5.5 x 8.5 Inch, Assorted Colors (20 Colors), 2mm Thick, for Arts and Crafts, 100 Sheets</p><p>$13.99 ($0.14 / Count)</p><a href="https://www.amazon.com/dp/B089DPDYKV?tag=eloabder-20&linkCode=osi&th=1&psc=1">View Product</a></div><div class="product"><a href="https://www.amazon.com/dp/B08YXYN327?tag=eloabder-20&linkCode=osi&th=1&psc=1"><img src="https://m.media-amazon.com/images/I/41VfV+-ZFTL._SL500_.jpg" alt="Product Image"></a><p>EVA Foam Cosplay - 2mm (1mm to 10mm) - Black or White - 14" x 39" Sheet - Ultra High Density Craft Foam 85 kg/m3 - by The Foamory</p><p>$14.99</p><a href="https://www.amazon.com/dp/B08YXYN327?tag=eloabder-20&linkCode=osi&th=1&psc=1">View Product</a></div><div class="product"><a href="https://www.amazon.com/dp/B0CMTJDYRN?tag=eloabder-20&linkCode=osi&th=1&psc=1"><img src="https://m.media-amazon.com/images/I/310JuSzt+mL._SL500_.jpg" alt="Product Image"></a><p>Do²ping White Foam Sheets Crafts, 8.5x5.5 Inch Eva Craft Foam Paper for Crafts Project Classroom Scrapbook DIY Cosplay (White-10 Sheets)</p><p>$4.89 ($0.49 / Count)</p><a href="https://www.amazon.com/dp/B0CMTJDYRN?tag=eloabder-20&linkCode=osi&th=1&psc=1">View Product</a></div><div class="product"><a href="https://www.amazon.com/dp/B0C8B6N9TG?tag=eloabder-20&linkCode=osi&th=1&psc=1"><img src="https://m.media-amazon.com/images/I/51j0TiXHCTL._SL500_.jpg" alt="Product Image"></a><p>120 Pack EVA Foam Sheets, 8 x 6 Inch, 1mm Thick, Assorted 15 Colors Craft Foam Paper for School Supply and DIY Handcraft Projects</p><p>$15.99 ($0.13 / Count)</p><a href="https://www.amazon.com/dp/B0C8B6N9TG?tag=eloabder-20&linkCode=osi&th=1&psc=1">View Product</a></div>
<div class="product"><a href="https://www.amazon.com/dp/B01EK7LGH4?tag=eloabder-20&linkCode=osi&th=1&psc=1"><img src="https://m.media-amazon.com/images/I/41Xx+D+j6XL._SL500_.jpg" alt="Product Image"></a><p>Aleene's 3 Pack, 8 oz Tacky Glue, 8 FL OZ, Original Version 3 Count</p><p>$11.17 ($0.47 / Fl Oz)</p><a href="https://www.amazon.com/dp/B01EK7LGH4?tag=eloabder-20&linkCode=osi&th=1&psc=1">View Product</a></div><div class="product"><a href="https://www.amazon.com/dp/B0D59G56SG?tag=eloabder-20&linkCode=osi&th=1&psc=1"><img src="https://m.media-amazon.com/images/I/41BsDwUSwdL._SL500_.jpg" alt="Product Image"></a><p>4oz Craft Glue & Precision Tips, Strong Tacky Glue, Craft Glue Bottles with Fine Tip, Craft Glue Dry Clear, Fabric Glue Permanent for Paper Crafting Scrapbooking/Card Making/Etc</p><p>$8.58</p><a href="https://www.amazon.com/dp/B0D59G56SG?tag=eloabder-20&linkCode=osi&th=1&psc=1">View Product</a></div><div class="product"><a href="https://www.amazon.com/dp/B004DNX6EW?tag=eloabder-20&linkCode=osi&th=1&psc=1"><img src="https://m.media-amazon.com/images/I/51RkAeJv5hL._SL500_.jpg" alt="Product Image"></a><p>ELMERS CraftBond Extra Strength Glue Sticks, 6 Grams, 4 Count</p><p>$9.89 ($2.47 / Count)</p><a href="https://www.amazon.com/dp/B004DNX6EW?tag=eloabder-20&linkCode=osi&th=1&psc=1">View Product</a></div>
<div class="product"><a href="https://www.amazon.com/dp/B01ELWWX98?tag=eloabder-20&linkCode=osi&th=1&psc=1"><img src="https://m.media-amazon.com/images/I/51g67GhksOL._SL500_.jpg" alt="Product Image"></a><p>Maybe Swearing Will Help Adult Coloring Book Set - for Adults Relaxation with Markers in a Case - Motivational Swear Word Anxiety Relief - Color Cuss & Laugh Your Way to Less Stress</p><p>$24.99</p><a href="https://www.amazon.com/dp/B01ELWWX98?tag=eloabder-20&linkCode=osi&th=1&psc=1">View Product</a></div><div class="product"><a href="https://www.amazon.com/dp/B09X1YX59W?tag=eloabder-20&linkCode=osi&th=1&psc=1"><img src="https://m.media-amazon.com/images/I/61Cr68venIL._SL500_.jpg" alt="Product Image"></a><p>Hula Home Stained Glass Mandala Art Kit - DIY Window Clings with Markers, 10 Suncatchers - Perfect Hobby for Adults, Kids, Teens & Seniors - Ideal Gift for Beginners, Women & Elderly</p><p>$15.99</p><a href="https://www.amazon.com/dp/B09X1YX59W?tag=eloabder-20&linkCode=osi&th=1&psc=1">View Product</a></div><div class="product"><a href="https://www.amazon.com/dp/B0CGD74KX7?tag=eloabder-20&linkCode=osi&th=1&psc=1"><img src="https://m.media-amazon.com/images/I/51rNpMlv3wL._SL500_.jpg" alt="Product Image"></a><p>Shimmer Markers Outline Double Line: 12 Colors Metallic Glitter Pens Set Sparkle Kid Age 4 8 10 14 16 Year Old Gift Doodle Drawing Supplies Art Craft Teen Girl Cute Stuff Mother's Day Basket Ideas</p><p>$9.99</p><a href="https://www.amazon.com/dp/B0CGD74KX7?tag=eloabder-20&linkCode=osi&th=1&psc=1">View Product</a></div>

<div class="product"><a href="https://www.amazon.com/dp/B08395C5GC?tag=eloabder-20&linkCode=osi&th=1&psc=1"><img src="https://m.media-amazon.com/images/I/61OgJOjMgQL._SL500_.jpg" alt="Product Image"></a><p>hapray Origami Kit 144 sheets Origami Paper for Kids 72 Patterns with Craft Guiding Book</p><p>$13.97</p><a href="https://www.amazon.com/dp/B08395C5GC?tag=eloabder-20&linkCode=osi&th=1&psc=1">View Product</a></div><div class="product"><a href="https://www.amazon.com/dp/B098WP659T?tag=eloabder-20&linkCode=osi&th=1&psc=1"><img src="https://m.media-amazon.com/images/I/61D4gTo+S1L._SL500_.jpg" alt="Product Image"></a><p>pigipigi Craft Origami Paper for Kids - 208 Sheets Vivid Colorful Folding Papers 54 Patterns Art Projects Kit for 5 6 7 8 9 10 11 12 Years Old Girl Boy Teen Birthday Gift Preschool Educational Toy</p><p>$11.99</p><a href="https://www.amazon.com/dp/B098WP659T?tag=eloabder-20&linkCode=osi&th=1&psc=1">View Product</a></div>
<div class="product"><a href="https://www.amazon.com/dp/B08TWGWRG4?tag=eloabder-20&linkCode=osi&th=1&psc=1"><img src="https://m.media-amazon.com/images/I/51KMwCTx2eL._SL500_.jpg" alt="Product Image"></a><p>Homum 200pcs Premium Gift Tags with 200 Root Natural Jute Twine, Double-Sided Available Kraft Paper Price Tags, Craft Tags Labels Jewelry Tags with String for Wedding Christmas Day Thanksgiving</p><p>$5.99</p><a href="https://www.amazon.com/dp/B08TWGWRG4?tag=eloabder-20&linkCode=osi&th=1&psc=1">View Product</a></div><div class="product"><a href="https://www.amazon.com/dp/B0BNG993ZV?tag=eloabder-20&linkCode=osi&th=1&psc=1"><img src="https://m.media-amazon.com/images/I/51xRPDQUVHL._SL500_.jpg" alt="Product Image"></a><p>200 Pack 2.2 Inch Wood Tags with Hole and Twine, Clipped Corner Rectangle Wooden Gifts Tag for Crafts Unfinished Labels (1.2x2.2 in)</p><p>$9.99 ($0.05 / Count)</p><a href="https://www.amazon.com/dp/B0BNG993ZV?tag=eloabder-20&linkCode=osi&th=1&psc=1">View Product</a></div><div class="product"><a href="https://www.amazon.com/dp/B07N1T58K9?tag=eloabder-20&linkCode=osi&th=1&psc=1"><img src="https://m.media-amazon.com/images/I/41dUfeOE8BL._SL500_.jpg" alt="Product Image"></a><p>2.5" x 3" Vintage Frame Brown Kraft Present Tag Sticker / 250 Present Labels/Canning Packaging Organization Label/Made in The USA</p><p>$15.99</p><a href="https://www.amazon.com/dp/B07N1T58K9?tag=eloabder-20&linkCode=osi&th=1&psc=1">View Product</a></div>
<div class="product"><a href="https://www.amazon.com/dp/B08Y8YRXVQ?tag=eloabder-20&linkCode=osi&th=1&psc=1"><img src="https://m.media-amazon.com/images/I/51DyT7Dd1BL._SL500_.jpg" alt="Product Image"></a><p>72 Pieces Craft Magnets Glass Ceramic Ferrite Magnet with Adhesive Backing and Transparent Clear Glass Cabochons for DIY Craft Fridge Refrigerator Magnets Pendants(Round,1 Inch)</p><p>$12.99 ($0.18 / Count)</p><a href="https://www.amazon.com/dp/B08Y8YRXVQ?tag=eloabder-20&linkCode=osi&th=1&psc=1">View Product</a></div><div class="product"><a href="https://www.amazon.com/dp/B07XDC7FP9?tag=eloabder-20&linkCode=osi&th=1&psc=1"><img src="https://m.media-amazon.com/images/I/41JKgogWT9L._SL500_.jpg" alt="Product Image"></a><p>Magnetic Dots - Self Adhesive Magnet Dots (0.8" x 0.8") - Classroom Must Have Peel & Stick Magnetic Circles - Flexible Sticky Magnets - Sheets is Alternative, Stickers, Strip, Magnetic Tape (120 Pcs)</p><p>$17.99</p><a href="https://www.amazon.com/dp/B07XDC7FP9?tag=eloabder-20&linkCode=osi&th=1&psc=1">View Product</a></div><div class="product"><a href="https://www.amazon.com/dp/B0CSS92G7H?tag=eloabder-20&linkCode=osi&th=1&psc=1"><img src="https://m.media-amazon.com/images/I/51HRyW91ivL._SL500_.jpg" alt="Product Image"></a><p>116pcs Craft Magnets Glass Ceramic Ferrite Magnet with Adhesive Backing and Clear Glass Cabochons for DIY Craft Fridge Refrigerator Magnets (Round,1 Inch,58 Sets)</p><p>$11.96</p><a href="https://www.amazon.com/dp/B0CSS92G7H?tag=eloabder-20&linkCode=osi&th=1&psc=1">View Product</a></div><div class="product"><a href="https://www.amazon.com/dp/B09WCXS3NV?tag=eloabder-20&linkCode=osi&th=1&psc=1"><img src="https://m.media-amazon.com/images/I/51jUQGCcMPL._SL500_.jpg" alt="Product Image"></a><p>DIYMAG Magnetic Adhesive Sheets, |4" x 6"|, 10 Pack Cuttable, Flexible magnet sheets with adhesive for Crafts, Photos, Easy Peel and Stick</p><p>$5.99 ($0.60 / Count)</p><a href="https://www.amazon.com/dp/B09WCXS3NV?tag=eloabder-20&linkCode=osi&th=1&psc=1">View Product</a></div><div class="product"><a href="https://www.amazon.com/dp/B08MVRBN2C?tag=eloabder-20&linkCode=osi&th=1&psc=1"><img src="https://m.media-amazon.com/images/I/51YQW8Hbf3S._SL500_.jpg" alt="Product Image"></a><p>Round Magnets with Adhesive Backing, 120 Pieces Magnet Circles (Diameter 0.8’” x 0.08”) on 4 Tape Sheets, with 3M Strong Adhesive Backing. Perfect for DIY, Art Projects, whiteboards & Fridge</p><p>$10.95</p><a href="https://www.amazon.com/dp/B08MVRBN2C?tag=eloabder-20&linkCode=osi&th=1&psc=1">View Product</a></div><div class="product"><a href="https://www.amazon.com/dp/B0CJHYN7K2?tag=eloabder-20&linkCode=osi&th=1&psc=1"><img src="https://m.media-amazon.com/images/I/51ZowdEZwbL._SL500_.jpg" alt="Product Image"></a><p>124pcs Craft Magnets Glass w Adhesive Backing and Transparent Clear Glass Cabochons DIY Craft Fridge Magnets Sticker for Refrigerator(62 Sets,1 Inch)</p><p>$13.99 ($0.23 / Count)</p><a href="https://www.amazon.com/dp/B0CJHYN7K2?tag=eloabder-20&linkCode=osi&th=1&psc=1">View Product</a></div><div class="product"><a href="https://www.amazon.com/dp/B09BBHBZMG?tag=eloabder-20&linkCode=osi&th=1&psc=1"><img src="https://m.media-amazon.com/images/I/51kT5DaZIPL._SL500_.jpg" alt="Product Image"></a><p>Mr. Pen- Adhesive Magnetic Sheets, 4" x 6", 10 Pack, with Adhesive Backing, Flexible Picture Magnets, Cuttable Magnetic Sheets.</p><p>$5.85</p><a href="https://www.amazon.com/dp/B09BBHBZMG?tag=eloabder-20&linkCode=osi&th=1&psc=1">View Product</a></div><div class="product"><a href="https://www.amazon.com/dp/B07V4STWPV?tag=eloabder-20&linkCode=osi&th=1&psc=1"><img src="https://m.media-amazon.com/images/I/51g56RBuH8L._SL500_.jpg" alt="Product Image"></a><p>Magnetic Sheets with Adhesive Backing - Each 4" x 6" - Flexible Magnetic Paper with Strong Self Adhesive - Sticky Magnet Sheets for Photo and Picture Magnets, Stickers and Other Craft Magnets</p><p>$5.99 ($0.60 / Count)</p><a href="https://www.amazon.com/dp/B07V4STWPV?tag=eloabder-20&linkCode=osi&th=1&psc=1">View Product</a></div>
<div class="product"><a href="https://www.amazon.com/dp/B09VCYS41G?tag=eloabder-20&linkCode=osi&th=1&psc=1"><img src="https://m.media-amazon.com/images/I/61bdWXYPddL._SL500_.jpg" alt="Product Image"></a><p>Betem 24 Colors Dual Tip Acrylic Paint Pens Markers, Premium Acrylic Paint Pens for Wood, Canvas, Stone, Rock Painting, Glass, Ceramic Surfaces, DIY Crafts Making Art Supplies</p><p>$11.99</p><a href="https://www.amazon.com/dp/B09VCYS41G?tag=eloabder-20&linkCode=osi&th=1&psc=1">View Product</a></div><div class="product"><a href="https://www.amazon.com/dp/B0BN7WJFPR?tag=eloabder-20&linkCode=osi&th=1&psc=1"><img src="https://m.media-amazon.com/images/I/51vvJ6c6MPL._SL500_.jpg" alt="Product Image"></a><p>24 Colors Acrylic Paint Pens, Dual Tip Acrylic Paint Markers with Brush Tip and Fine Tip, Acrylic Pens for Rock Painting, Wood, Canvas, Stone, Glass, Ceramic,DIY Crafts Making Art Supplies</p><p>$9.99</p><a href="https://www.amazon.com/dp/B0BN7WJFPR?tag=eloabder-20&linkCode=osi&th=1&psc=1">View Product</a></div><div class="product"><a href="https://www.amazon.com/dp/B0CX1BD86P?tag=eloabder-20&linkCode=osi&th=1&psc=1"><img src="https://m.media-amazon.com/images/I/51w2YBDoYfL._SL500_.jpg" alt="Product Image"></a><p>TBC The Best Crafts 24 Colors Dual Tip Acrylic Paint Markers,Waterproof, Non-Toxic, odorless, Suitable for Paper, Pottery, Stones, Backpacks, Glass</p><p>$9.99</p><a href="https://www.amazon.com/dp/B0CX1BD86P?tag=eloabder-20&linkCode=osi&th=1&psc=1">View Product</a></div><div class="product"><a href="https://www.amazon.com/dp/B09SWJRSSX?tag=eloabder-20&linkCode=osi&th=1&psc=1"><img src="https://m.media-amazon.com/images/I/61OthBr2r9L._SL500_.jpg" alt="Product Image"></a><p>Acrylic Paint Pens Paint Markers Set of 18: Fine Point for Rock Painting Glass Wood Ceramic Fabric Metal Canvas Easter Eggs Pumpkin Kit, Drawing Art Crafts for Adults Scrapbooking Supplies</p><p>$10.99</p><a href="https://www.amazon.com/dp/B09SWJRSSX?tag=eloabder-20&linkCode=osi&th=1&psc=1">View Product</a></div><div class="product"><a href="https://www.amazon.com/dp/B09H2JRV1Y?tag=eloabder-20&linkCode=osi&th=1&psc=1"><img src="https://m.media-amazon.com/images/I/511FMxcdCzL._SL500_.jpg" alt="Product Image"></a><p>IVSUN 24 Colors Premium Extra Fine Point Acrylic Paint Marker Pens for Wood, Canvas, Stone, Rock Painting, Glass, Ceramic Surfaces, DIY Crafts Making Art Supplies (24PCS (0.7mm))</p><p>$8.99</p><a href="https://www.amazon.com/dp/B09H2JRV1Y?tag=eloabder-20&linkCode=osi&th=1&psc=1">View Product</a></div><div class="product"><a href="https://www.amazon.com/dp/B0BN8CW9ZY?tag=eloabder-20&linkCode=osi&th=1&psc=1"><img src="https://m.media-amazon.com/images/I/51n2byYcjqL._SL500_.jpg" alt="Product Image"></a><p>Acrylic Paint Pens Markers, 24 Colors Dual Tip Acrylic Paint Pens for Rock Painting, Wood, Canvas, Stone, Glass, Ceramic Surfaces, DIY Crafts Making Art Supplies (Round Tip and Fine Tip)</p><p>$9.99</p><a href="https://www.amazon.com/dp/B0BN8CW9ZY?tag=eloabder-20&linkCode=osi&th=1&psc=1">View Product</a></div><div class="product"><a href="https://www.amazon.com/dp/B07DB1TVND?tag=eloabder-20&linkCode=osi&th=1&psc=1"><img src="https://m.media-amazon.com/images/I/51KvMUBvqRL._SL500_.jpg" alt="Product Image"></a><p>JR.WHITE Acrylic Paint Pens Paint Markers for Rock Painting, Canvas, Wood, Glass, Fabric, Metal, Plastic, Arts Crafts Easter Eggs, Pumpkin, Scrapbooking Supplies, Graffiti Markers for Adults Kids</p><p>$11.19 ($0.93 / Count )</p><a href="https://www.amazon.com/dp/B07DB1TVND?tag=eloabder-20&linkCode=osi&th=1&psc=1">View Product</a></div><div class="product"><a href="https://www.amazon.com/dp/B07M6Y4FXZ?tag=eloabder-20&linkCode=osi&th=1&psc=1"><img src="https://m.media-amazon.com/images/I/61wQ1qJutWL._SL500_.jpg" alt="Product Image"></a><p>AROIC Paint Pens Paint Markers, 16 colors Oil-Based Waterproof Paint Marker Pen Set On Rock, Wood, Fabric, Metal, Plastic, Glass, Canvas, Mugs, Waterproof, DIY Craft and More</p><p>$11.99</p><a href="https://www.amazon.com/dp/B07M6Y4FXZ?tag=eloabder-20&linkCode=osi&th=1&psc=1">View Product</a></div>

<div class="product"><a href="https://www.amazon.com/dp/B0BQTYYVZH?tag=eloabder-20&linkCode=osi&th=1&psc=1"><img src="https://m.media-amazon.com/images/I/31i9+BVpDCL._SL500_.jpg" alt="Product Image"></a><p>Vanhench Brown Wrapping Paper, Craft Paper, Kraft Paper 17.5"x 1200"(100'), Gift Wrapping Bulletin Board Arts & Crafts, Bouquet Flower Table Covering Poster Packing Shipping Moving Supplies 65GSM 45LB</p><p>$5.98</p><a href="https://www.amazon.com/dp/B0BQTYYVZH?tag=eloabder-20&linkCode=osi&th=1&psc=1">View Product</a></div><div class="product"><a href="https://www.amazon.com/dp/B0CQZ1TYX9?tag=eloabder-20&linkCode=osi&th=1&psc=1"><img src="https://m.media-amazon.com/images/I/41RknmvlWSL._SL500_.jpg" alt="Product Image"></a><p>PerkHomy 36" x 2,400" (200') Brown Kraft Paper Roll for Gift Wrapping Bulletin Board Bouquet Flower Kids Wall Art Craft Packing Moving Shipping Parcel Postal Floor Covering Table Runner 70GSM 50LB</p><p>$30.99 ($0.05 / Sq Ft)</p><a href="https://www.amazon.com/dp/B0CQZ1TYX9?tag=eloabder-20&linkCode=osi&th=1&psc=1">View Product</a></div><div class="product"><a href="https://www.amazon.com/dp/B0C743LQ3M?tag=eloabder-20&linkCode=osi&th=1&psc=1"><img src="https://m.media-amazon.com/images/I/21HvZSNwJML._SL500_.jpg" alt="Product Image"></a><p>White Wrapping Paper Craft Paper Kraft Paper Roll 15" x 450", Bulletin Board Paper Roll, Arts & Crafts, Gift Wrapping Moving Packing Painting Drawing Paint Easel Poster Chart Paper, Kids Art Supplies</p><p>$4.99 ($0.11 / Sq Ft)</p><a href="https://www.amazon.com/dp/B0C743LQ3M?tag=eloabder-20&linkCode=osi&th=1&psc=1">View Product</a></div><div class="product"><a href="https://www.amazon.com/dp/B0D14FL3DF?tag=eloabder-20&linkCode=osi&th=1&psc=1"><img src="https://m.media-amazon.com/images/I/31IQZPHBHfL._SL500_.jpg" alt="Product Image"></a><p>SMART&CASUAL 15" x 450" (37.5') Kraft Paper Roll for Art Craft Supplies Gift Wrapping Moving Packing Kids Painting Drawing Paint Easel Poster Chart Paper (White, 15"W x 450"L (37.5'))</p><p>$4.98</p><a href="https://www.amazon.com/dp/B0D14FL3DF?tag=eloabder-20&linkCode=osi&th=1&psc=1">View Product</a></div><div class="product"><a href="https://www.amazon.com/dp/B0CX5D7W62?tag=eloabder-20&linkCode=osi&th=1&psc=1"><img src="https://m.media-amazon.com/images/I/31+skUeyllL._SL500_.jpg" alt="Product Image"></a><p>SMART&CASUAL 17.8"×1,200"(100') Brown Kraft Wrapping Paper for Craft Gift Bulletin Board Bouquet Flower Table Covering Packing Shipping Moving 70GSM 50LB</p><p>$7.98</p><a href="https://www.amazon.com/dp/B0CX5D7W62?tag=eloabder-20&linkCode=osi&th=1&psc=1">View Product</a></div><div class="product"><a href="https://www.amazon.com/dp/B0C2P7FGFM?tag=eloabder-20&linkCode=osi&th=1&psc=1"><img src="https://m.media-amazon.com/images/I/31Mnush+a-L._SL500_.jpg" alt="Product Image"></a><p>Brown Packing Paper 15"×450"(38'), Brown Paper Roll, Art Craft Paper, Kraft Paper Roll for Moving Boxes Supplies, Gift Wrapping Bouquet Flower Paper, Poster Bulletin Board Paper, Arts and Crafts</p><p>$4.99</p><a href="https://www.amazon.com/dp/B0C2P7FGFM?tag=eloabder-20&linkCode=osi&th=1&psc=1">View Product</a></div><div class="product"><a href="https://www.amazon.com/dp/B0BNCBSZRR?tag=eloabder-20&linkCode=osi&th=1&psc=1"><img src="https://m.media-amazon.com/images/I/31NTgModxdL._SL500_.jpg" alt="Product Image"></a><p>Kraft Paper Sheets - 15 x 15 in. - 240 Sheets of Brown Wrapping Paper – Heavy Duty Craft Paper for Shipping - Light Brown Construction Paper - 80 GSM - 375 Square feet</p><p>$23.89 ($0.10 / Count)</p><a href="https://www.amazon.com/dp/B0BNCBSZRR?tag=eloabder-20&linkCode=osi&th=1&psc=1">View Product</a></div><div class="product"><a href="https://www.amazon.com/dp/B09J9ZGX8S?tag=eloabder-20&linkCode=osi&th=1&psc=1"><img src="https://m.media-amazon.com/images/I/31R819QZXxL._SL500_.jpg" alt="Product Image"></a><p>IDL Packaging 36" x 2160" (180 ft) Brown Kraft Paper Roll, 30 lbs - Quality Paper for Packing, Moving, Shipping, Crafts - 100% Recyclable Natural Kraft Wrapping Paper</p><p>$33.95 ($0.06 / Sq Ft)</p><a href="https://www.amazon.com/dp/B09J9ZGX8S?tag=eloabder-20&linkCode=osi&th=1&psc=1">View Product</a></div>
<div class="product"><a href="https://www.amazon.com/dp/B0BR9M5GT6?tag=eloabder-20&linkCode=osi&th=1&psc=1"><img src="https://m.media-amazon.com/images/I/61jKQSVpNKL._SL500_.jpg" alt="Product Image"></a><p>Drawdart 47 Pack Acrylic Paint Set, 36 Colors Art Painting Supplies for Canvas Wood Fabric Ceramic Crafts, Non Toxic & Rich Pigments for Artists & Hobby Painters, 2 fl oz / 60 ml Bottles</p><p>$24.99 ($0.35 / Fl Oz)</p><a href="https://www.amazon.com/dp/B0BR9M5GT6?tag=eloabder-20&linkCode=osi&th=1&psc=1">View Product</a></div><div class="product"><a href="https://www.amazon.com/dp/B006AT7P6M?tag=eloabder-20&linkCode=osi&th=1&psc=1"><img src="https://m.media-amazon.com/images/I/415ZwGErxOL._SL500_.jpg" alt="Product Image"></a><p>Apple Barrel Acrylic Paint in Assorted Colors (2 oz), 20501, Bright Red</p><p>$0.58 ($0.29 / Fl Oz)</p><a href="https://www.amazon.com/dp/B006AT7P6M?tag=eloabder-20&linkCode=osi&th=1&psc=1">View Product</a></div><div class="product"><a href="https://www.amazon.com/dp/B0BNV7BMN2?tag=eloabder-20&linkCode=osi&th=1&psc=1"><img src="https://m.media-amazon.com/images/I/51K4iYzckvL._SL500_.jpg" alt="Product Image"></a><p>Fantastory Acrylic Paint Set, 24 Classic Colors(2oz), Professional Craft Paint Kit,Canvas/Rock/Stone/Ceramic/Model/Wood Painting with 12 Brushes</p><p>$25.99 ($0.36 / Fl Oz)</p><a href="https://www.amazon.com/dp/B0BNV7BMN2?tag=eloabder-20&linkCode=osi&th=1&psc=1">View Product</a></div><div class="product"><a href="https://www.amazon.com/dp/B0728B4CLJ?tag=eloabder-20&linkCode=osi&th=1&psc=1"><img src="https://m.media-amazon.com/images/I/41aBzZtF9-L._SL500_.jpg" alt="Product Image"></a><p>FolkArt Acrylic Paint in Assorted Colors (2 oz), , Mossy Meadow</p><p>$1.17 ($0.58 / Fl Oz)</p><a href="https://www.amazon.com/dp/B0728B4CLJ?tag=eloabder-20&linkCode=osi&th=1&psc=1">View Product</a></div><div class="product"><a href="https://www.amazon.com/dp/B0BY3G2CXG?tag=eloabder-20&linkCode=osi&th=1&psc=1"><img src="https://m.media-amazon.com/images/I/51Cn6kY12wL._SL500_.jpg" alt="Product Image"></a><p>36 Assorted Acrylic Paint Set by Craft Smart - Non-Toxic Paint for Drawing, Painting, Art & Crafts Supplies - 1 Pack</p><p>$28.98</p><a href="https://www.amazon.com/dp/B0BY3G2CXG?tag=eloabder-20&linkCode=osi&th=1&psc=1">View Product</a></div>

<div class="product"><a href="https://www.amazon.com/dp/B08722TFPH?tag=eloabder-20&linkCode=osi&th=1&psc=1"><img src="https://m.media-amazon.com/images/I/51DqPIU5lcL._SL500_.jpg" alt="Product Image"></a><p>LIUYAXI 20 Colors 100 Yard Satin Ribbon Fabric Ribbon Silk Ribbon Assorted Colors Rolls, 2/5" Wide 5 Yard/Roll, Ribbons Perfect for Gift Wrapping,Crafts, Hair Bows, Wedding Party Decoration and More</p><p>$7.99 ($0.03 / Foot)</p><a href="https://www.amazon.com/dp/B08722TFPH?tag=eloabder-20&linkCode=osi&th=1&psc=1">View Product</a></div><div class="product"><a href="https://www.amazon.com/dp/B08M3BDRX3?tag=eloabder-20&linkCode=osi&th=1&psc=1"><img src="https://m.media-amazon.com/images/I/51qwMfv7kXL._SL500_.jpg" alt="Product Image"></a><p>Winlyn 36 Colors 900 Yards Fabric Ribbons Satin Ribbons Metallic Glitter Ribbons Rolls Craft Ribbons Embellish Decorative Ribbons 2/5" Wide for Floral Bouquet Gifts Crafts Bows Party Wedding</p><p>$13.99 ($0.01 / Foot)</p><a href="https://www.amazon.com/dp/B08M3BDRX3?tag=eloabder-20&linkCode=osi&th=1&psc=1">View Product</a></div><div class="product"><a href="https://www.amazon.com/dp/B08NXF43DB?tag=eloabder-20&linkCode=osi&th=1&psc=1"><img src="https://m.media-amazon.com/images/I/51fTtUVKi5L._SL500_.jpg" alt="Product Image"></a><p>MEEDEE Rainbow Ribbon Solid Color Assortment 10 Colors Double Face Satin Ribbon for Gift Wrapping Happy Birthday Party Decorations, 3/8" X 5 Yard Each Total 50 Yds Per Package</p><p>$7.99 ($0.05 / Foot)</p><a href="https://www.amazon.com/dp/B08NXF43DB?tag=eloabder-20&linkCode=osi&th=1&psc=1">View Product</a></div><div class="product"><a href="https://www.amazon.com/dp/B01N8W0Z45?tag=eloabder-20&linkCode=osi&th=1&psc=1"><img src="https://m.media-amazon.com/images/I/61OkEfd-1BL._SL500_.jpg" alt="Product Image"></a><p>QingHan Grosgrain Ribbons for Crafts Gifts Wrapping 3/8" Boutique Polka Dot Fabric Ribbon 40yd (20 x 2yd)</p><p>$5.99 ($0.05 / Foot)</p><a href="https://www.amazon.com/dp/B01N8W0Z45?tag=eloabder-20&linkCode=osi&th=1&psc=1">View Product</a></div><div class="product"><a href="https://www.amazon.com/dp/B0CS5G5PCX?tag=eloabder-20&linkCode=osi&th=1&psc=1"><img src="https://m.media-amazon.com/images/I/51xzSU+d8QL._SL500_.jpg" alt="Product Image"></a><p>Ribbli Rainbow Satin Ribbon 3/8 Inch x 12 Rolls Total 60 Yards- Colorful Ribbon for Gift Wrapping Craft Party Decoration Baby Shower Wedding</p><p>$7.99 ($0.04 / Foot)</p><a href="https://www.amazon.com/dp/B0CS5G5PCX?tag=eloabder-20&linkCode=osi&th=1&psc=1">View Product</a></div><div class="product"><a href="https://www.amazon.com/dp/B009V35YVC?tag=eloabder-20&linkCode=osi&th=1&psc=1"><img src="https://m.media-amazon.com/images/I/41OYxs2N6GL._SL500_.jpg" alt="Product Image"></a><p>LaRibbons 10 Color 50Yards Solid Satin Ribbon,3/8" X 5 Yard/Roll Colorful Double Face Rainbow Ribbon for Crafts,Flower Bouquet,Gift Wrapping,Hair Bows,Birthday,Wedding Party Decoration</p><p>$4.99</p><a href="https://www.amazon.com/dp/B009V35YVC?tag=eloabder-20&linkCode=osi&th=1&psc=1">View Product</a></div><div class="product"><a href="https://www.amazon.com/dp/B07BDG8KXB?tag=eloabder-20&linkCode=osi&th=1&psc=1"><img src="https://m.media-amazon.com/images/I/61zpTp+xLjL._SL500_.jpg" alt="Product Image"></a><p>Supla 16 Colors 400 Yard Fabric Ribbon Silk Satin Roll Satin Ribbon Rolls in 2/5" Wide, 25 Yard/roll,16 Rolls,Satin Ribbon Fabric Ribbon Embellish Ribbon Ribbon for Bows Crafts Gifts Party Wedding</p><p>$8.99 ($0.01 / Foot)</p><a href="https://www.amazon.com/dp/B07BDG8KXB?tag=eloabder-20&linkCode=osi&th=1&psc=1">View Product</a></div><div class="product"><a href="https://www.amazon.com/dp/B0CRD7S24X?tag=eloabder-20&linkCode=osi&th=1&psc=1"><img src="https://m.media-amazon.com/images/I/51Xe-SI-ZHL._SL500_.jpg" alt="Product Image"></a><p>LIUYAXI 100 Yards Solid Grosgrain Ribbon, 3/8" X 5 Yard/Roll, 20 Colors Rainbow Multicolor Fabric Ribbons Roll Perfect for Crafts Gifts Wrapping Flower Bouquet Hair Bows & Other Projects</p><p>$7.99 ($0.03 / Foot)</p><a href="https://www.amazon.com/dp/B0CRD7S24X?tag=eloabder-20&linkCode=osi&th=1&psc=1">View Product</a></div>


<div class="product"><a href="https://www.amazon.com/dp/B08MZ6MQZM?tag=eloabder-20&linkCode=osi&th=1&psc=1"><img src="https://m.media-amazon.com/images/I/51rVPzuNy4L._SL500_.jpg" alt="Product Image"></a><p>Basic Shapes 1: Circles, Triangles, Squares, Ovals, 676 Pieces US Made Card Stock Punch Out Geometric Shapes in 3 Sizes and 4 PRIMARY Colors for Math, Pattern Play and DIY Crafting</p><p>$11.99</p><a href="https://www.amazon.com/dp/B08MZ6MQZM?tag=eloabder-20&linkCode=osi&th=1&psc=1">View Product</a></div><div class="product"><a href="https://www.amazon.com/dp/B072JW6NQT?tag=eloabder-20&linkCode=osi&th=1&psc=1"><img src="https://m.media-amazon.com/images/I/61uY6781clL._SL500_.jpg" alt="Product Image"></a><p>260 Pieces Colorful Glitter Foam Stickers Self Adhesive Stars Mini Heart Shapes Glitter Stickers, Kid's Arts Craft Supplies Greeting Cards Home Decoration Stars&Heart Shapes</p><p>$6.74 ($0.03 / Count)</p><a href="https://www.amazon.com/dp/B072JW6NQT?tag=eloabder-20&linkCode=osi&th=1&psc=1">View Product</a></div>


<div class="product"><a href="https://www.amazon.com/dp/B07KD1WKXY?tag=eloabder-20&linkCode=osi&th=1&psc=1"><img src="https://m.media-amazon.com/images/I/51y9zQOd9XL._SL500_.jpg" alt="Product Image"></a><p>(109 Yards/1.5mm/35 Colors Optional) Cotton Baker Twine DIY Craft Macramé Natural Cotton Rope Craft Making Knitting String Rope DIY Wedding Decor Supply Christmas Wrapping(deep green)</p><p>$4.98 ($0.02 / Foot)</p><a href="https://www.amazon.com/dp/B07KD1WKXY?tag=eloabder-20&linkCode=osi&th=1&psc=1">View Product</a></div><div class="product"><a href="https://www.amazon.com/dp/B0C7G868WP?tag=eloabder-20&linkCode=osi&th=1&psc=1"><img src="https://m.media-amazon.com/images/I/51YFxbYrxGL._SL500_.jpg" alt="Product Image"></a><p>Ohtomber Bracelet String Elastic Cord - 2 Rolls 1MM Stretchy String for Bracelet Making, Rainbow Elastic Bracelets String Thread for Clay Beads, Bracelets, Jewelry Making, Necklaces, Sewing and Crafts</p><p>$5.99 ($0.01 / Foot)</p><a href="https://www.amazon.com/dp/B0C7G868WP?tag=eloabder-20&linkCode=osi&th=1&psc=1">View Product</a></div>
<div class="product"><a href="https://www.amazon.com/dp/B0CHTZD63Q?tag=eloabder-20&linkCode=osi&th=1&psc=1"><img src="https://m.media-amazon.com/images/I/511hgeOlnkL._SL500_.jpg" alt="Product Image"></a><p>Secopad Scrapbook Tape, 4 Pack Double Sided Tape Roller for Crafts, Sticky Glue Tape Runner Scrapbooking Supplies Journaling School Office for Kids and Adults, 0.3IN x 26FT</p><p>$6.63 ($1.66 / Count)</p><a href="https://www.amazon.com/dp/B0CHTZD63Q?tag=eloabder-20&linkCode=osi&th=1&psc=1">View Product</a></div><div class="product"><a href="https://www.amazon.com/dp/B0BKZ2WVFY?tag=eloabder-20&linkCode=osi&th=1&psc=1"><img src="https://m.media-amazon.com/images/I/519ga5fVbbL._SL500_.jpg" alt="Product Image"></a><p>Guirnd 12PCS Colored Masking Tape, Kids Art Supplies Colored Tape, DIY Craft Tape, Colored Tape Rolls, Colored Painters Tape 1.7cm x 12m (2/3In x 13Yards)</p><p>$5.99 ($0.50 / Count)</p><a href="https://www.amazon.com/dp/B0BKZ2WVFY?tag=eloabder-20&linkCode=osi&th=1&psc=1">View Product</a></div><div class="product"><a href="https://www.amazon.com/dp/B0B1ZYCJPG?tag=eloabder-20&linkCode=osi&th=1&psc=1"><img src="https://m.media-amazon.com/images/I/51zcGqodSPL._SL500_.jpg" alt="Product Image"></a><p>Simetufy 5400 Pcs 1 Inch Tissue Paper Squares, 36 Assorted Colored Tissue Paper for Crafts, Art Rainbow Tissue Paper Bulk for Art Projects, Collage, Suncatchers, Scrapbooking - Non Bleeding</p><p>$7.49</p><a href="https://www.amazon.com/dp/B0B1ZYCJPG?tag=eloabder-20&linkCode=osi&th=1&psc=1">View Product</a></div>

<div class="product"><a href="https://www.amazon.com/dp/B07RZFHS87?tag=eloabder-20&linkCode=osi&th=1&psc=1"><img src="https://m.media-amazon.com/images/I/418QZBtYWTL._SL500_.jpg" alt="Product Image"></a><p>Lazydrop Double-Sided Tape for Arts, Crafts, Photography, Scrapbooking, Tear-by-Hand, Paper Backing (6 Rolls) (Width: 6mm/ 9mm/ 12mm/ 15mm)</p><p>$7.99 ($0.01 / Foot)</p><a href="https://www.amazon.com/dp/B07RZFHS87?tag=eloabder-20&linkCode=osi&th=1&psc=1">View Product</a></div><div class="product"><a href="https://www.amazon.com/dp/B0BPS4V3TG?tag=eloabder-20&linkCode=osi&th=1&psc=1"><img src="https://m.media-amazon.com/images/I/41fTeS+RuRL._SL500_.jpg" alt="Product Image"></a><p>Double Sided Tape for Crafts, Double-Sided Tape for Arts, Scrapbook Supplies, Photography, Gifts Box, Scrapbooking, Card Making, Paper Backing, Tear-by-Hand, 6 Roll Heavy Duty Multi-Size Adhesive Tape</p><p>$6.29 ($0.02 / Foot)</p><a href="https://www.amazon.com/dp/B0BPS4V3TG?tag=eloabder-20&linkCode=osi&th=1&psc=1">View Product</a></div><div class="product"><a href="https://www.amazon.com/dp/B098FCBMQV?tag=eloabder-20&linkCode=osi&th=1&psc=1"><img src="https://m.media-amazon.com/images/I/41E1XYg1+gL._SL500_.jpg" alt="Product Image"></a><p>Craftzilla Colored Masking Tape – 7 Roll Multi Pack – 210 Feet x 1 Inch of Colorful Craft Tape – Vibrant Rainbow Masking Tape –Colored Tape Rolls for Arts & Crafts, Labeling and Color-Coding</p><p>$12.95 ($0.01 / Foot)</p><a href="https://www.amazon.com/dp/B098FCBMQV?tag=eloabder-20&linkCode=osi&th=1&psc=1">View Product</a></div><div class="product"><a href="https://www.amazon.com/dp/B0CBRTT4SY?tag=eloabder-20&linkCode=osi&th=1&psc=1"><img src="https://m.media-amazon.com/images/I/41Ne5OTMBHL._SL500_.jpg" alt="Product Image"></a><p>XEHAHOSH 3 Rolls Double Sided Tape for Crafts, Arts, Scrapbooking, Photography, Paper Backing, Tear-by-Hand. 0.6in by 43-FT</p><p>$5.29</p><a href="https://www.amazon.com/dp/B0CBRTT4SY?tag=eloabder-20&linkCode=osi&th=1&psc=1">View Product</a></div><div class="product"><a href="https://www.amazon.com/dp/B08ZJB4XBX?tag=eloabder-20&linkCode=osi&th=1&psc=1"><img src="https://m.media-amazon.com/images/I/41FzzlZNG0L._SL500_.jpg" alt="Product Image"></a><p>8 Rolls Colored Masking Tape Rainbow Colors Painters Tape Colorful Craft Art Paper Tape for Kids Labeling Arts Crafts DIY Decorative Coding Decoration Teaching Supplies, 0.6 Inch x 16 Yard, 8 Colors</p><p>$6.99 ($0.87 / Count)</p><a href="https://www.amazon.com/dp/B08ZJB4XBX?tag=eloabder-20&linkCode=osi&th=1&psc=1">View Product</a></div><div class="product"><a href="https://www.amazon.com/dp/B09GDZH5PV?tag=eloabder-20&linkCode=osi&th=1&psc=1"><img src="https://m.media-amazon.com/images/I/41cZAy06SiL._SL500_.jpg" alt="Product Image"></a><p>DGTANGYIN 1/4" 2 Rolls Double Sided Adhesive Sticky Tape for Arts, DIY, Crafts, Photography, Scrapbooking, Card Making, Gift Wrapping, Office School Stationery Supplies, Home Supplies(Width: 6mm)</p><p>$3.99 ($0.00 / Foot)</p><a href="https://www.amazon.com/dp/B09GDZH5PV?tag=eloabder-20&linkCode=osi&th=1&psc=1">View Product</a></div>
<div class="product"><a href="https://www.amazon.com/dp/B09XR1XBWG?tag=eloabder-20&linkCode=osi&th=1&psc=1"><img src="https://m.media-amazon.com/images/I/31h+RS-Nv6L._SL500_.jpg" alt="Product Image"></a><p>10PCS 7mil Blank Mylar Stencil Sheets,12X12 inch Milky Translucent PET Blank Stencils Sheets,Template Material for Cutting Machines, Laser Cutting, Food-Safe Craft Plastic</p><p>$8.99</p><a href="https://www.amazon.com/dp/B09XR1XBWG?tag=eloabder-20&linkCode=osi&th=1&psc=1">View Product</a></div>

<div class="product"><a href="https://www.amazon.com/dp/B09TSLYX33?tag=eloabder-20&linkCode=osi&th=1&psc=1"><img src="https://m.media-amazon.com/images/I/41xNrpMfOLL._SL500_.jpg" alt="Product Image"></a><p>18 Gauge Aluminum Craft Wire, 165 Feet 1mm Bendable Metal Wire for Jewelry Making, Sculpting, Floral Making, Wreath Making, Crafting, Wire Wrapping, Christmas Ornaments (Silver)</p><p>$6.99</p><a href="https://www.amazon.com/dp/B09TSLYX33?tag=eloabder-20&linkCode=osi&th=1&psc=1">View Product</a></div><div class="product"><a href="https://www.amazon.com/dp/B002HRAEOG?tag=eloabder-20&linkCode=osi&th=1&psc=1"><img src="https://m.media-amazon.com/images/I/41HimGENjYL._SL500_.jpg" alt="Product Image"></a><p>FloraCraft 26 Gauge Floral Wire 270 Feet Bright Silver</p><p>$4.29</p><a href="https://www.amazon.com/dp/B002HRAEOG?tag=eloabder-20&linkCode=osi&th=1&psc=1">View Product</a></div><div class="product"><a href="https://www.amazon.com/dp/B06ZXY1PXB?tag=eloabder-20&linkCode=osi&th=1&psc=1"><img src="https://m.media-amazon.com/images/I/41Nh+1dv7FL._SL500_.jpg" alt="Product Image"></a><p>Mandala Crafts Anodized Aluminum Wire for Sculpting, Armature, Jewelry Making, Gem Metal Wrap, Garden, Colored and Soft, 1 Roll(14 Gauge, Silver)</p><p>$10.19 ($0.17 / Foot)</p><a href="https://www.amazon.com/dp/B06ZXY1PXB?tag=eloabder-20&linkCode=osi&th=1&psc=1">View Product</a></div><div class="product"><a href="https://www.amazon.com/dp/B07ZYNTH7D?tag=eloabder-20&linkCode=osi&th=1&psc=1"><img src="https://m.media-amazon.com/images/I/51ku4vQDwXL._SL500_.jpg" alt="Product Image"></a><p>12 Gauge Aluminum Wire 100 Feet, Anezus Metal Armature Wire Bendable Sculpting Wire for Crafts Wreath Making Jewelry Making Beading Floral (Silver, 2mm)</p><p>$12.99 ($0.13 / Foot)</p><a href="https://www.amazon.com/dp/B07ZYNTH7D?tag=eloabder-20&linkCode=osi&th=1&psc=1">View Product</a></div><div class="product"><a href="https://www.amazon.com/dp/B07CQL7Y5B?tag=eloabder-20&linkCode=osi&th=1&psc=1"><img src="https://m.media-amazon.com/images/I/51mHjBYsT0L._SL500_.jpg" alt="Product Image"></a><p>TecUnite Aluminum Craft Wire for Sculpting Armature Bendable Craft Wire for DIY Jewelry Making (1 Roll,Silver,10 M X 3 mm)</p><p>$8.99 ($0.27 / Foot)</p><a href="https://www.amazon.com/dp/B07CQL7Y5B?tag=eloabder-20&linkCode=osi&th=1&psc=1">View Product</a></div><div class="product"><a href="https://www.amazon.com/dp/B095Y844QP?tag=eloabder-20&linkCode=osi&th=1&psc=1"><img src="https://m.media-amazon.com/images/I/51w+5umyhOS._SL500_.jpg" alt="Product Image"></a><p>Tenn Well 12 Gauge Aluminum Wire, 100 Feet 2mm Bendable Metal Craft Wire for Sculpting, Armature, Jewelry Making, Floral Making, Doll Making, Modelling, Crafting, Bonsai Training</p><p>$11.99 ($0.12 / Foot)</p><a href="https://www.amazon.com/dp/B095Y844QP?tag=eloabder-20&linkCode=osi&th=1&psc=1">View Product</a></div>
<div class="product"><a href="https://www.amazon.com/dp/B0CYPH4FLQ?tag=eloabder-20&linkCode=osi&th=1&psc=1"><img src="https://m.media-amazon.com/images/I/41u786i6oZL._SL500_.jpg" alt="Product Image"></a><p>DIYDEC 24 Pack Basswood Sheets 4 x 6 x 1/16 Inch Thin Plywood Wood Sheets Unfinished Wood Squares Boards Balsa Wood Sheets for Crafts Architectural Models Laser Cutting Wood Burning and Drawing</p><p>$6.99</p><a href="https://www.amazon.com/dp/B0CYPH4FLQ?tag=eloabder-20&linkCode=osi&th=1&psc=1">View Product</a></div><div class="product"><a href="https://www.amazon.com/dp/B082HR4RV3?tag=eloabder-20&linkCode=osi&th=1&psc=1"><img src="https://m.media-amazon.com/images/I/51kfms0w39L._SL500_.jpg" alt="Product Image"></a><p>5ARTH Natural Wood Slices - 30 Pcs 3.5-4 inches Craft Unfinished Wood kit Predrilled with Hole Wooden Circles for Arts Wood Slices Christmas Ornaments DIY Crafts</p><p>$21.99</p><a href="https://www.amazon.com/dp/B082HR4RV3?tag=eloabder-20&linkCode=osi&th=1&psc=1">View Product</a></div>
<div class="product"><a href="https://www.amazon.com/dp/B089T7PX27?tag=eloabder-20&linkCode=osi&th=1&psc=1"><img src="https://m.media-amazon.com/images/I/41aDJyks7kL._SL500_.jpg" alt="Product Image"></a><p>Crayola Air Dry Clay (5lbs), Natural White Modeling Clay for Kids, Sculpting Material, Bulk Craft Supplies for School Classrooms [Amazon Exclusive]</p><p>$17.41</p><a href="https://www.amazon.com/dp/B089T7PX27?tag=eloabder-20&linkCode=osi&th=1&psc=1">View Product</a></div><div class="product"><a href="https://www.amazon.com/dp/B0BDM5WLQX?tag=eloabder-20&linkCode=osi&th=1&psc=1"><img src="https://m.media-amazon.com/images/I/41oBPm5+PkL._SL500_.jpg" alt="Product Image"></a><p>ifergoo White Air Dry Clay, Modeling Clay for School Art & Craft Project. Refill White Clay for Kids Age 3-12, Boys and Girls Gift</p><p>$6.99 ($1.65 / Ounce)</p><a href="https://www.amazon.com/dp/B0BDM5WLQX?tag=eloabder-20&linkCode=osi&th=1&psc=1">View Product</a></div><div class="product"><a href="https://www.amazon.com/dp/B0B8TLRRKM?tag=eloabder-20&linkCode=osi&th=1&psc=1"><img src="https://m.media-amazon.com/images/I/418ijOdZBzL._SL500_.jpg" alt="Product Image"></a><p>Pepy Premium European Air Dry Modeling Clay White 2.2 lb Bar, Easy to Use Air-Hardening Clay for Classroom and Montessori Sculpting and Crafts Projects</p><p>$9.97 ($0.28 / Ounce)</p><a href="https://www.amazon.com/dp/B0B8TLRRKM?tag=eloabder-20&linkCode=osi&th=1&psc=1">View Product</a></div>

<div class="product"><a href="https://www.amazon.com/dp/B083TT4XVN?tag=eloabder-20&linkCode=osi&th=1&psc=1"><img src="https://m.media-amazon.com/images/I/41QMxzlQglL._SL500_.jpg" alt="Product Image"></a><p>6" Jumbo Wood Craft Sticks - Pack of 1,000</p><p>$15.21 ($0.02 / Count)</p><a href="https://www.amazon.com/dp/B083TT4XVN?tag=eloabder-20&linkCode=osi&th=1&psc=1">View Product</a></div><div class="product"><a href="https://www.amazon.com/dp/B0B9RRJ2BG?tag=eloabder-20&linkCode=osi&th=1&psc=1"><img src="https://m.media-amazon.com/images/I/31gmdN8H+PL._SL500_.jpg" alt="Product Image"></a><p>Perfect Stix Wooden Poplar Wood Craft Sticks. Jumbo Size, 6 x 3/4, Wood, Natural Poplar Wood, 500Ct. Multipurpose Craft, Popsicles, Waxing, Arts and Crafts.</p><p>$9.68</p><a href="https://www.amazon.com/dp/B0B9RRJ2BG?tag=eloabder-20&linkCode=osi&th=1&psc=1">View Product</a></div><div class="product"><a href="https://www.amazon.com/dp/B08R31MRJ9?tag=eloabder-20&linkCode=osi&th=1&psc=1"><img src="https://m.media-amazon.com/images/I/51fYWGLzOGL._SL500_.jpg" alt="Product Image"></a><p>Pandaspa 200 Pieces Jumbo Craft Sticks, Premium Natural Wood for Building, Mixing, and Creating Craft Projects, Size 6 x 3/4</p><p>$9.95</p><a href="https://www.amazon.com/dp/B08R31MRJ9?tag=eloabder-20&linkCode=osi&th=1&psc=1">View Product</a></div><div class="product"><a href="https://www.amazon.com/dp/B081R25K4S?tag=eloabder-20&linkCode=osi&th=1&psc=1"><img src="https://m.media-amazon.com/images/I/41vxFW4BIvL._SL500_.jpg" alt="Product Image"></a><p>Perfect Stix - PS-114st-1,000 4.5" Craft Sticks/ Ice Cream Sticks/ Natural Wood - Box of 1,000ct</p><p>$13.99</p><a href="https://www.amazon.com/dp/B081R25K4S?tag=eloabder-20&linkCode=osi&th=1&psc=1">View Product</a></div><div class="product"><a href="https://www.amazon.com/dp/B08NY4HWVH?tag=eloabder-20&linkCode=osi&th=1&psc=1"><img src="https://m.media-amazon.com/images/I/41qHSFWo+AL._SL500_.jpg" alt="Product Image"></a><p>Fansunta 100pcs 15.7x0.35 Inch Strong Natural Bamboo Sticks, Wooden Craft Sticks, Extra Long Sticks, Wood Strips for Craft Projects</p><p>$11.99</p><a href="https://www.amazon.com/dp/B08NY4HWVH?tag=eloabder-20&linkCode=osi&th=1&psc=1">View Product</a></div>
<div class="product"><a href="https://www.amazon.com/dp/B0CY84GCRZ?tag=eloabder-20&linkCode=osi&th=1&psc=1"><img src="https://m.media-amazon.com/images/I/315gdwLiZfL._SL500_.jpg" alt="Product Image"></a><p>14 Rolls Double Sided Tape for Crafts Scrapbooking Multi-Purpose and Multi-Size Tape for Arts, Photography, Gift Boxes, Card Making, Paper Backing, Office Supplies(3mm/5mm/8mm/10mm/12mm/15mm/18mm)</p><p>$4.99 ($0.36 / Count)</p><a href="https://www.amazon.com/dp/B0CY84GCRZ?tag=eloabder-20&linkCode=osi&th=1&psc=1">View Product</a></div>

<div class="product"><a href="https://www.amazon.com/dp/B0D14HHL9F?tag=eloabder-20&linkCode=osi&th=1&psc=1"><img src="https://m.media-amazon.com/images/I/31pj+acWaSL._SL500_.jpg" alt="Product Image"></a><p>Weeding Tools for Vinyl,Vinyl Weeding Tools for Permanent Vinyl/HTV Vinyl/Holographic Vinyl,Craft Vinyl Weeding Tools Kit with Hook and Pick with Tweezers</p><p>$4.99</p><a href="https://www.amazon.com/dp/B0D14HHL9F?tag=eloabder-20&linkCode=osi&th=1&psc=1">View Product</a></div>
<div class="product"><a href="https://www.amazon.com/dp/B06XDJJ6D1?tag=eloabder-20&linkCode=osi&th=1&psc=1"><img src="https://m.media-amazon.com/images/I/516tOQjdgIL._SL500_.jpg" alt="Product Image"></a><p>Color Swell Bulk Crayon Packs - 36 Boxes of 24 Vibrant Colored Durable Bulk Crayons of Teacher Quality for Classroom and Home</p><p>$36.99</p><a href="https://www.amazon.com/dp/B06XDJJ6D1?tag=eloabder-20&linkCode=osi&th=1&psc=1">View Product</a></div><div class="product"><a href="https://www.amazon.com/dp/B0D2W1SJHC?tag=eloabder-20&linkCode=osi&th=1&psc=1"><img src="https://m.media-amazon.com/images/I/51Of59YBGeL._SL500_.jpg" alt="Product Image"></a><p>Shuttle Art Crayons Bulk Set - 40 Boxes of 24 Assorted Colors, 960 Count Durable & Non-Toxic Teacher-Quality Crayons, School Supplies bulk in Crayons For Family Class Party Favors</p><p>$36.99</p><a href="https://www.amazon.com/dp/B0D2W1SJHC?tag=eloabder-20&linkCode=osi&th=1&psc=1">View Product</a></div><div class="product"><a href="https://www.amazon.com/dp/B013I7IQTS?tag=eloabder-20&linkCode=osi&th=1&psc=1"><img src="https://m.media-amazon.com/images/I/51eRV44y2SL._SL500_.jpg" alt="Product Image"></a><p>Crayola Crayons, 8 Count (Case of 48)</p><p>$43.03</p><a href="https://www.amazon.com/dp/B013I7IQTS?tag=eloabder-20&linkCode=osi&th=1&psc=1">View Product</a></div><div class="product"><a href="https://www.amazon.com/dp/B07F98CYQ2?tag=eloabder-20&linkCode=osi&th=1&psc=1"><img src="https://m.media-amazon.com/images/I/51pOC5gmdFL._SL500_.jpg" alt="Product Image"></a><p>Craytastic! 52 Sets of 4-Packs in Cello (208 Count total bulk Crayons) - Large Box of Crayons Bulk For School Teachers, Restaurants, Party Favors, Crayon Packs, Non-Toxic Crayons</p><p>$13.79</p><a href="https://www.amazon.com/dp/B07F98CYQ2?tag=eloabder-20&linkCode=osi&th=1&psc=1">View Product</a></div><div class="product"><a href="https://www.amazon.com/dp/B01HZMQA0Y?tag=eloabder-20&linkCode=osi&th=1&psc=1"><img src="https://m.media-amazon.com/images/I/51GSg7CA-YL._SL500_.jpg" alt="Product Image"></a><p>Colorations Regular Size Triangular Crayon Class Pack, 16 Colors, 13 of Each, Set of 208, Easy to Hold & Grip, Toddler Crayons, Non Toxic Crayons, Kids Crayons, Bulk School Supplies, Triangle Crayons</p><p>$42.98 ($0.21 / Count)</p><a href="https://www.amazon.com/dp/B01HZMQA0Y?tag=eloabder-20&linkCode=osi&th=1&psc=1">View Product</a></div>
<div class="product"><a href="https://www.amazon.com/dp/B07JPL5NYX?tag=eloabder-20&linkCode=osi&th=1&psc=1"><img src="https://m.media-amazon.com/images/I/31B4rKplkML._SL500_.jpg" alt="Product Image"></a><p>Similane 6 Pieces Aida Cloth 14 Count Cross Stitch Fabric, White, 12 by 18-Inch</p><p>$7.99 ($1.33 / Count)</p><a href="https://www.amazon.com/dp/B07JPL5NYX?tag=eloabder-20&linkCode=osi&th=1&psc=1">View Product</a></div><div class="product"><a href="https://www.amazon.com/dp/B0BRK6L377?tag=eloabder-20&linkCode=osi&th=1&psc=1"><img src="https://m.media-amazon.com/images/I/31xWAZsouYL._SL500_.jpg" alt="Product Image"></a><p>Caydo 6 Pieces Aida Cloth 14 Count White Cross Stitch Fabric for Craft Embroidery, Handmade Needlework, DIY Handicrafts, 12 by 18-Inch</p><p>$7.98</p><a href="https://www.amazon.com/dp/B0BRK6L377?tag=eloabder-20&linkCode=osi&th=1&psc=1">View Product</a></div><div class="product"><a href="https://www.amazon.com/dp/B08BN8LNS1?tag=eloabder-20&linkCode=osi&th=1&psc=1"><img src="https://m.media-amazon.com/images/I/51RTXXBsvhL._SL500_.jpg" alt="Product Image"></a><p>Cross Stitch Aida Fabric 14 Count, 59 by 39 Inch Large Size, Classic Reserve Cross Stitch Aida Cloth for Home DIY Embroidery Decoration</p><p>$13.97</p><a href="https://www.amazon.com/dp/B08BN8LNS1?tag=eloabder-20&linkCode=osi&th=1&psc=1">View Product</a></div><div class="product"><a href="https://www.amazon.com/dp/B09LC7RLFC?tag=eloabder-20&linkCode=osi&th=1&psc=1"><img src="https://m.media-amazon.com/images/I/51OyNFAB2HL._SL500_.jpg" alt="Product Image"></a><p>Aida Cloth 14 Count Cross Stitch Fabric,19×28inch (14CT, Off White)</p><p>$12.99</p><a href="https://www.amazon.com/dp/B09LC7RLFC?tag=eloabder-20&linkCode=osi&th=1&psc=1">View Product</a></div><div class="product"><a href="https://www.amazon.com/dp/B08BHLPZB1?tag=eloabder-20&linkCode=osi&th=1&psc=1"><img src="https://m.media-amazon.com/images/I/51ujyg-qk5L._SL500_.jpg" alt="Product Image"></a><p>59 by 39-Inch Cross Stitch Fabric, 14 Count Big Size Classic Reserve Aida Cloth,White</p><p>$13.97</p><a href="https://www.amazon.com/dp/B08BHLPZB1?tag=eloabder-20&linkCode=osi&th=1&psc=1">View Product</a></div><div class="product"><a href="https://www.amazon.com/dp/B089N8H68K?tag=eloabder-20&linkCode=osi&th=1&psc=1"><img src="https://m.media-amazon.com/images/I/61UXobKcmpL._SL500_.jpg" alt="Product Image"></a><p>Caydo 8 Pieces Aida Cloth 8 Color 14 Count Classic Reserve Cross Stitch Fabric, 12 by 18-Inch</p><p>$15.99</p><a href="https://www.amazon.com/dp/B089N8H68K?tag=eloabder-20&linkCode=osi&th=1&psc=1">View Product</a></div><div class="product"><a href="https://www.amazon.com/dp/B0B647GLFL?tag=eloabder-20&linkCode=osi&th=1&psc=1"><img src="https://m.media-amazon.com/images/I/51TmM7qAMBL._SL500_.jpg" alt="Product Image"></a><p>14CT Easy Count Thread Grid Aida Cloth Embroidery Cross Stitch Fabric, Green Grid, W29" x L39"</p><p>$16.50</p><a href="https://www.amazon.com/dp/B0B647GLFL?tag=eloabder-20&linkCode=osi&th=1&psc=1">View Product</a></div>


<div class="product"><a href="https://www.amazon.com/dp/B0D3HPD7WP?tag=eloabder-20&linkCode=osi&th=1&psc=1"><img src="https://m.media-amazon.com/images/I/31KSmmAWUWL._SL500_.jpg" alt="Product Image"></a><p>50 Sheets Grey Cardstock Paper, Colored Printer Paper 8.5 x 11, Thick Construction Paper for Cards Making, Scrapbook，Office Printing, Invitations, Certificates，DIY Crafting 92 lb/250gsm</p><p>$9.99</p><a href="https://www.amazon.com/dp/B0D3HPD7WP?tag=eloabder-20&linkCode=osi&th=1&psc=1">View Product</a></div>
<div class="product"><a href="https://www.amazon.com/dp/B076CP6F36?tag=eloabder-20&linkCode=osi&th=1&psc=1"><img src="https://m.media-amazon.com/images/I/51rfEIvgI+L._SL500_.jpg" alt="Product Image"></a><p>Apple Barrel, Vibrant Spectrum Collection Acrylic Craft Paint, PROMOABIII, 2 fl oz each, 16 assorted matte colors, 16 count</p><p>$15.97 ($0.50 / Fl Oz)</p><a href="https://www.amazon.com/dp/B076CP6F36?tag=eloabder-20&linkCode=osi&th=1&psc=1">View Product</a></div><div class="product"><a href="https://www.amazon.com/dp/B0BKFLSYQF?tag=eloabder-20&linkCode=osi&th=1&psc=1"><img src="https://m.media-amazon.com/images/I/51a0PmPRknL._SL500_.jpg" alt="Product Image"></a><p>72 Pack Acrylic Paint Set, Shuttle Art 60 Colors Acrylic Paint Including Extra White Black & 12 Brushes, 2oz/60ml, Rich Pigmented, Water Proof, Ideal for Artists, Beginners on Canvas Rock Wood Ceramic</p><p>$45.99 ($23.00 / Fl Oz)</p><a href="https://www.amazon.com/dp/B0BKFLSYQF?tag=eloabder-20&linkCode=osi&th=1&psc=1">View Product</a></div><div class="product"><a href="https://www.amazon.com/dp/B08CB3JH79?tag=eloabder-20&linkCode=osi&th=1&psc=1"><img src="https://m.media-amazon.com/images/I/51OUZsFdnTL._SL500_.jpg" alt="Product Image"></a><p>Acrylic Paint Set of 36 Colors 2fl oz 60ml Bottles,Non Toxic 36 Colors Acrylic Paint No Fading Rich Pigment for Kids Adults Artists Canvas Crafts Wood Painting</p><p>$32.99 ($0.46 / Fl Oz)</p><a href="https://www.amazon.com/dp/B08CB3JH79?tag=eloabder-20&linkCode=osi&th=1&psc=1">View Product</a></div><div class="product"><a href="https://www.amazon.com/dp/B0018NBVKQ?tag=eloabder-20&linkCode=osi&th=1&psc=1"><img src="https://m.media-amazon.com/images/I/31YlSvZMTCL._SL500_.jpg" alt="Product Image"></a><p>Apple Barrel Acrylic Paint in Assorted Colors (8 Ounce), 20403 White</p><p>$2.67 ($0.33 / Fl Oz)</p><a href="https://www.amazon.com/dp/B0018NBVKQ?tag=eloabder-20&linkCode=osi&th=1&psc=1">View Product</a></div><div class="product"><a href="https://www.amazon.com/dp/B077WSBLZ1?tag=eloabder-20&linkCode=osi&th=1&psc=1"><img src="https://m.media-amazon.com/images/I/51KPkXpLn1L._SL500_.jpg" alt="Product Image"></a><p>Shuttle Art Acrylic Paint Set, 30 x12ml Tubes Artist Quality Non Toxic Rich Pigments Colors Great for Kids Adults Professional Painting on Rocks Canvas Wood Clay Fabric Ceramic Crafts</p><p>$12.99 ($1.08 / Fl Oz)</p><a href="https://www.amazon.com/dp/B077WSBLZ1?tag=eloabder-20&linkCode=osi&th=1&psc=1">View Product</a></div><div class="product"><a href="https://www.amazon.com/dp/B00889Z5Y6?tag=eloabder-20&linkCode=osi&th=1&psc=1"><img src="https://m.media-amazon.com/images/I/41MQjsyDbSL._SL500_.jpg" alt="Product Image"></a><p>Apple Barrel Acrylic Paint in Assorted Colors (2 oz), 20764, Apricot</p><p>$0.58 ($0.29 / Fl Oz)</p><a href="https://www.amazon.com/dp/B00889Z5Y6?tag=eloabder-20&linkCode=osi&th=1&psc=1">View Product</a></div><div class="product"><a href="https://www.amazon.com/dp/B09TWQD5ZL?tag=eloabder-20&linkCode=osi&th=1&psc=1"><img src="https://m.media-amazon.com/images/I/41B0L003QXL._SL500_.jpg" alt="Product Image"></a><p>Artkey Acrylic Paint Set - 24 colors 2 oz/59 ml Acrylic Paints Professional Artists Painting Kit for Canvases Fabric Rock Leather Easter Egg Wood Ceramic Glass Art Craft Painting</p><p>$19.99 ($0.42 / Fl Oz)</p><a href="https://www.amazon.com/dp/B09TWQD5ZL?tag=eloabder-20&linkCode=osi&th=1&psc=1">View Product</a></div><div class="product"><a href="https://www.amazon.com/dp/B07Z93LQDB?tag=eloabder-20&linkCode=osi&th=1&psc=1"><img src="https://m.media-amazon.com/images/I/51veoN6zK0L._SL500_.jpg" alt="Product Image"></a><p>Shuttle Art Acrylic Paint Set, 36 Colors Acrylic Paint with Brushes & Palette, 2oz Bottles, Rich Pigments Non-toxic Paint for Artists Kids & Adults, Art Supplies for Canvas Rock Ceramic Wood Painting</p><p>$27.99</p><a href="https://www.amazon.com/dp/B07Z93LQDB?tag=eloabder-20&linkCode=osi&th=1&psc=1">View Product</a></div><div class="product"><a href="https://www.amazon.com/dp/B002665SYY?tag=eloabder-20&linkCode=osi&th=1&psc=1"><img src="https://m.media-amazon.com/images/I/31sJJeWK6OS._SL500_.jpg" alt="Product Image"></a><p>Liquitex BASICS Acrylic Paint, 250ml (8.5-oz) Tube, Titanium White</p><p>$9.99 ($1.18 / Fl Oz)</p><a href="https://www.amazon.com/dp/B002665SYY?tag=eloabder-20&linkCode=osi&th=1&psc=1">View Product</a></div>
<div class="product"><a href="https://www.amazon.com/dp/B0CC98XLGL?tag=eloabder-20&linkCode=osi&th=1&psc=1"><img src="https://m.media-amazon.com/images/I/51ZLw+nThiL._SL500_.jpg" alt="Product Image"></a><p>HUIRUSO 4 Pack Double Sided Tape Roller, Scrapbook Supplies, Glue Tape Roller for Crafts, Double-Sided Adhesive Tape Runner for Scrapbooking, School Office Journaling Supplies (0.31 in X 26.25 ft)</p><p>$6.99 ($1.75 / Count)</p><a href="https://www.amazon.com/dp/B0CC98XLGL?tag=eloabder-20&linkCode=osi&th=1&psc=1">View Product</a></div><div class="product"><a href="https://www.amazon.com/dp/B007XAAE6K?tag=eloabder-20&linkCode=osi&th=1&psc=1"><img src="https://m.media-amazon.com/images/I/414qxYVR0wL._SL500_.jpg" alt="Product Image"></a><p>Scotch Double Sided Tape Runner, 1-Pack, 0.27 in x 26 ft., Perfect for Holiday Crafts, Gifts, and More</p><p>$4.47</p><a href="https://www.amazon.com/dp/B007XAAE6K?tag=eloabder-20&linkCode=osi&th=1&psc=1">View Product</a></div><div class="product"><a href="https://www.amazon.com/dp/B0BZVGPFSK?tag=eloabder-20&linkCode=osi&th=1&psc=1"><img src="https://m.media-amazon.com/images/I/51-ue9+7JkL._SL500_.jpg" alt="Product Image"></a><p>Birllaid Double Sided Tape for Walls, Picture Hanging Strips Removable Mounting Dots Adhesive Heavy Duty, Removable for Art Craft, Decoration, Party Supplies, Multipurpose</p><p>$11.99</p><a href="https://www.amazon.com/dp/B0BZVGPFSK?tag=eloabder-20&linkCode=osi&th=1&psc=1">View Product</a></div><div class="product"><a href="https://www.amazon.com/dp/B0CGVN9SL1?tag=eloabder-20&linkCode=osi&th=1&psc=1"><img src="https://m.media-amazon.com/images/I/41Hy+i4CnoL._SL500_.jpg" alt="Product Image"></a><p>30Ft x 1 Inch Hook and Loop Strips with Adhesive,Double Rolls of Heavy Duty Self Adhesive Tape with Backing, Nylon Self Adhesive Tape for Home Office School and Crafting,White</p><p>$9.99</p><a href="https://www.amazon.com/dp/B0CGVN9SL1?tag=eloabder-20&linkCode=osi&th=1&psc=1">View Product</a></div><div class="product"><a href="https://www.amazon.com/dp/B07Y3VDPLF?tag=eloabder-20&linkCode=osi&th=1&psc=1"><img src="https://m.media-amazon.com/images/I/41cyKQ2OMuL._SL500_.jpg" alt="Product Image"></a><p>Melsan 1x4 inch Hook and Loop Strips with Adhesive - 15 Sets, Strong Back Adhesive Fasten Mounting Tape for Home or Office Use - Instead of Holes and Screws, Black</p><p>$7.82</p><a href="https://www.amazon.com/dp/B07Y3VDPLF?tag=eloabder-20&linkCode=osi&th=1&psc=1">View Product</a></div><div class="product"><a href="https://www.amazon.com/dp/B07V57VJT5?tag=eloabder-20&linkCode=osi&th=1&psc=1"><img src="https://m.media-amazon.com/images/I/514JO3bvl3L._SL500_.jpg" alt="Product Image"></a><p>XFasten Adhesive Roller for Scrapbooking, 8mm x 30ft 4-Pack Double Sided Glue Tape Roller, Scrapbook Supplies for Adults, Photo Tape for Scrapbooking</p><p>$9.99 ($2.50 / Count)</p><a href="https://www.amazon.com/dp/B07V57VJT5?tag=eloabder-20&linkCode=osi&th=1&psc=1">View Product</a></div><div class="product"><a href="https://www.amazon.com/dp/B07JLTGQHX?tag=eloabder-20&linkCode=osi&th=1&psc=1"><img src="https://m.media-amazon.com/images/I/51Eqfo7kUZL._SL500_.jpg" alt="Product Image"></a><p>UPINS 120 Pack Double Sided Foam Tape Square Self-Adhesive Foam Tape Black Strong Tape Pads for DIY Art Crafts Supplies</p><p>$9.99 ($0.08 / Count)</p><a href="https://www.amazon.com/dp/B07JLTGQHX?tag=eloabder-20&linkCode=osi&th=1&psc=1">View Product</a></div><div class="product"><a href="https://www.amazon.com/dp/B005FM6XF4?tag=eloabder-20&linkCode=osi&th=1&psc=1"><img src="https://m.media-amazon.com/images/I/51-vp1WJ89L._SL500_.jpg" alt="Product Image"></a><p>AdTech 5603 Permanent Crafter's Tape, 0.31" x 315", Pack of 4</p><p>$7.84 ($0.07 / Foot)</p><a href="https://www.amazon.com/dp/B005FM6XF4?tag=eloabder-20&linkCode=osi&th=1&psc=1">View Product</a></div><div class="product"><a href="https://www.amazon.com/dp/B0CJF1FLFJ?tag=eloabder-20&linkCode=osi&th=1&psc=1"><img src="https://m.media-amazon.com/images/I/51dig1RqzdL._SL500_.jpg" alt="Product Image"></a><p>UPINS 150Pack Double Sided Foam Tape Strong Sticky Double Sided Foam Pads for Crafts Self-Adhesive Mounting Foam Tape Heavy Duty for Home Wall Decor 40 * 40 * 2mm</p><p>$8.99 ($0.06 / Count)</p><a href="https://www.amazon.com/dp/B0CJF1FLFJ?tag=eloabder-20&linkCode=osi&th=1&psc=1">View Product</a></div><div class="product"><a href="https://www.amazon.com/dp/B0D4YWRGCL?tag=eloabder-20&linkCode=osi&th=1&psc=1"><img src="https://m.media-amazon.com/images/I/41EqJ553-KL._SL500_.jpg" alt="Product Image"></a><p>Amanbo Glue Tape for Scrapbooking, 6 Pack Scrapbook Tape, Double Sided Tape Roller for Crafts, Total 120 Ft x 0.24 in Tape Runner, Craft Supplies for Scrapbooking, Gift Wrapping and Photo Tape</p><p>$6.99</p><a href="https://www.amazon.com/dp/B0D4YWRGCL?tag=eloabder-20&linkCode=osi&th=1&psc=1">View Product</a></div>
<div class="product"><a href="https://www.amazon.com/dp/B0CC5HPPTN?tag=eloabder-20&linkCode=osi&th=1&psc=1"><img src="https://m.media-amazon.com/images/I/519M81S201L._SL500_.jpg" alt="Product Image"></a><p>Airbrush Paint - 30 Colors with 3 Thinner, Ready to Spray Airbrush Paint Set, Water-Based Acrylic Air brush Paints for Metal, Plastic Models, Canvas, Wood, 20ml/Bottle</p><p>$32.99 ($1.48 / Fl Oz)</p><a href="https://www.amazon.com/dp/B0CC5HPPTN?tag=eloabder-20&linkCode=osi&th=1&psc=1">View Product</a></div>
<div class="product"><a href="https://www.amazon.com/dp/B0CXPSGK36?tag=eloabder-20&linkCode=osi&th=1&psc=1"><img src="https://m.media-amazon.com/images/I/51dd2dYOtrL._SL500_.jpg" alt="Product Image"></a><p>Letter Stickers 30 Sheets 1500 PCS Large Alphabet Sticker 2 Inch Vinyl Self Adhesive Stick on Stickers for Water Bottles Cup Mailbox Number Address Craft Scrapbooking Bulletin Board Decor Multicolor</p><p>$9.99</p><a href="https://www.amazon.com/dp/B0CXPSGK36?tag=eloabder-20&linkCode=osi&th=1&psc=1">View Product</a></div><div class="product"><a href="https://www.amazon.com/dp/B07NNYFMGY?tag=eloabder-20&linkCode=osi&th=1&psc=1"><img src="https://m.media-amazon.com/images/I/51yDnU+gEXL._SL500_.jpg" alt="Product Image"></a><p>20 Sheets Alphabet Letter Stickers 10 Colors Self Adhesive Sticker Colorful PU Material Convex Feeling (Colored Letter Stickers 1)</p><p>$6.99 ($0.35 / Count)</p><a href="https://www.amazon.com/dp/B07NNYFMGY?tag=eloabder-20&linkCode=osi&th=1&psc=1">View Product</a></div>

<div class="product"><a href="https://www.amazon.com/dp/B01DDN8854?tag=eloabder-20&linkCode=osi&th=1&psc=1"><img src="https://m.media-amazon.com/images/I/61dPubDZBSL._SL500_.jpg" alt="Product Image"></a><p>Hugs 'n Kisses HNKHABY13 Applique Paper (20 Pack)</p><p>$19.72 ($0.99 / Count)</p><a href="https://www.amazon.com/dp/B01DDN8854?tag=eloabder-20&linkCode=osi&th=1&psc=1">View Product</a></div>
<div class="product"><a href="https://www.amazon.com/dp/B09KPNFJW1?tag=eloabder-20&linkCode=osi&th=1&psc=1"><img src="https://m.media-amazon.com/images/I/41abn5fELmL._SL500_.jpg" alt="Product Image"></a><p>UniPleased Disposable Aprons (50 Count), Plastic apron for Painting Party, Cooking, Housework, Picnic etc.</p><p>$5.69</p><a href="https://www.amazon.com/dp/B09KPNFJW1?tag=eloabder-20&linkCode=osi&th=1&psc=1">View Product</a></div>
<div class="product"><a href="https://www.amazon.com/dp/B087M21MM2?tag=eloabder-20&linkCode=osi&th=1&psc=1"><img src="https://m.media-amazon.com/images/I/41Xf-jehhLL._SL500_.jpg" alt="Product Image"></a><p>GOTIDEAL Stretched Canvas, Multi Pack 4x4, 5x7, 8x10,9x12, 11x14 Set of 10, Primed White - 100% Cotton Artist Canvas Boards for Painting, Acrylic Pouring, Oil Paint Dry & Wet Art Media</p><p>$24.99</p><a href="https://www.amazon.com/dp/B087M21MM2?tag=eloabder-20&linkCode=osi&th=1&psc=1">View Product</a></div><div class="product"><a href="https://www.amazon.com/dp/B00OQJYISG?tag=eloabder-20&linkCode=osi&th=1&psc=1"><img src="https://m.media-amazon.com/images/I/31fEDLPkkcL._SL500_.jpg" alt="Product Image"></a><p>6 Count 12” x 16” Super Value Canvas by Artist's Loft Necessities - Acid Free Cotton Canvas for Paint, Acrylic, & Oils - 1 Pack</p><p>$19.99</p><a href="https://www.amazon.com/dp/B00OQJYISG?tag=eloabder-20&linkCode=osi&th=1&psc=1">View Product</a></div><div class="product"><a href="https://www.amazon.com/dp/B09CDKB9HY?tag=eloabder-20&linkCode=osi&th=1&psc=1"><img src="https://m.media-amazon.com/images/I/51+p5xnClGL._SL500_.jpg" alt="Product Image"></a><p>DPDIAN Canvas Boards for Painting 40 Pack, 8 inch x 10 inch Super Value Pack, Artist Canvas Panels for Oil & Acrylic Painting</p><p>$29.99</p><a href="https://www.amazon.com/dp/B09CDKB9HY?tag=eloabder-20&linkCode=osi&th=1&psc=1">View Product</a></div><div class="product"><a href="https://www.amazon.com/dp/B0CFBGP29G?tag=eloabder-20&linkCode=osi&th=1&psc=1"><img src="https://m.media-amazon.com/images/I/3147Az5plbL._SL500_.jpg" alt="Product Image"></a><p>ArtSkills Stretched Canvases for Painting, 12x16 Canvas Painting Supplies for Artists, Blank Canvas Pack, 2-Pack</p><p>$16.99</p><a href="https://www.amazon.com/dp/B0CFBGP29G?tag=eloabder-20&linkCode=osi&th=1&psc=1">View Product</a></div><div class="product"><a href="https://www.amazon.com/dp/B07BNGQ1SS?tag=eloabder-20&linkCode=osi&th=1&psc=1"><img src="https://m.media-amazon.com/images/I/410ZVtygUwS._SL500_.jpg" alt="Product Image"></a><p>PHOENIX Stretched Canvas for Painting 8x10 Inch/10 Value Pack, 8 Oz Triple Primed 5/8 Inch Profile 100% Cotton White Blank Canvas, Artist Framed Canvas for Oil Acrylic & Pouring Art</p><p>$22.99</p><a href="https://www.amazon.com/dp/B07BNGQ1SS?tag=eloabder-20&linkCode=osi&th=1&psc=1">View Product</a></div><div class="product"><a href="https://www.amazon.com/dp/B0922JP1H4?tag=eloabder-20&linkCode=osi&th=1&psc=1"><img src="https://m.media-amazon.com/images/I/41BmiEND1KL._SL500_.jpg" alt="Product Image"></a><p>GOTIDEAL Canvases for Painting, 18 Pack Canvas Boards Multipack 4x4, 5x7, 8x10, 9x12,11x14,Primed White Blank Artist Canvas Variety Pack for Acrylic Paint, Oil Paint, Watercolor, Gouache</p><p>$19.99</p><a href="https://www.amazon.com/dp/B0922JP1H4?tag=eloabder-20&linkCode=osi&th=1&psc=1">View Product</a></div>


<div class="product"><a href="https://www.amazon.com/dp/B0872VFHBH?tag=eloabder-20&linkCode=osi&th=1&psc=1"><img src="https://m.media-amazon.com/images/I/51k3bekQheS._SL500_.jpg" alt="Product Image"></a><p>Bachmore Drawing Pad 9X12 Inch (110lb/180g), 60 Sheets, Top Spiral Bound Multi-Media for Artist Pro & Amateurs | Acrylic Art, Ink, Paint, Oil Pastels,Watercolor Mixed Media Sketch</p><p>$11.99</p><a href="https://www.amazon.com/dp/B0872VFHBH?tag=eloabder-20&linkCode=osi&th=1&psc=1">View Product</a></div><div class="product"><a href="https://www.amazon.com/dp/B0027A75A4?tag=eloabder-20&linkCode=osi&th=1&psc=1"><img src="https://m.media-amazon.com/images/I/51dyOxxcgYL._SL500_.jpg" alt="Product Image"></a><p>Strathmore 200 Series Sketch Pad, 9x12 inch, 100 Sheets, Tape Bound - Artist Sketchbook for Drawing, Illustration, Art Class Students</p><p>$6.99 ($0.07 / Count)</p><a href="https://www.amazon.com/dp/B0027A75A4?tag=eloabder-20&linkCode=osi&th=1&psc=1">View Product</a></div><div class="product"><a href="https://www.amazon.com/dp/B0BV13YQKX?tag=eloabder-20&linkCode=osi&th=1&psc=1"><img src="https://m.media-amazon.com/images/I/41VYfMpvXUL._SL500_.jpg" alt="Product Image"></a><p>Canson Graduate Watercolor Pad, Foldover, 9x12 inch, 20 Sheets | Artist Paper for Adults and Students - Painting, Gouache, Mixed Media and Ink</p><p>$4.97 ($0.41 / Count)</p><a href="https://www.amazon.com/dp/B0BV13YQKX?tag=eloabder-20&linkCode=osi&th=1&psc=1">View Product</a></div><div class="product"><a href="https://www.amazon.com/dp/B0024KMQ6K?tag=eloabder-20&linkCode=osi&th=1&psc=1"><img src="https://m.media-amazon.com/images/I/51sYdvPPUCL._SL500_.jpg" alt="Product Image"></a><p>Strathmore 400 Series Pastel Pad, Assorted Colors, 9"x12" Glue Bound, 24 Sheets</p><p>$9.11</p><a href="https://www.amazon.com/dp/B0024KMQ6K?tag=eloabder-20&linkCode=osi&th=1&psc=1">View Product</a></div><div class="product"><a href="https://www.amazon.com/dp/B00246O6PI?tag=eloabder-20&linkCode=osi&th=1&psc=1"><img src="https://m.media-amazon.com/images/I/517TUmckOIL._SL500_.jpg" alt="Product Image"></a><p>Strathmore 300 Series Drawing Paper Pad, Top Wire Bound, 11x14 inches, 50 Sheets (70lb/114g) - Artist Paper for Adults and Students - Charcoal, Colored Pencil, Ink, Pastel, Marker</p><p>$13.33</p><a href="https://www.amazon.com/dp/B00246O6PI?tag=eloabder-20&linkCode=osi&th=1&psc=1">View Product</a></div>
<div class="product"><a href="https://www.amazon.com/dp/B08ZMH7LJY?tag=eloabder-20&linkCode=osi&th=1&psc=1"><img src="https://m.media-amazon.com/images/I/51mJIsLJA-S._SL500_.jpg" alt="Product Image"></a><p>PANDAFLY Professional Drawing Sketching Pencil Set - 12 Pieces Graphite Pencils(14B - 2H), Ideal for Drawing Art, Sketching, Shading, Artist Pencils for Beginners & Pro Artists</p><p>$5.11</p><a href="https://www.amazon.com/dp/B08ZMH7LJY?tag=eloabder-20&linkCode=osi&th=1&psc=1">View Product</a></div><div class="product"><a href="https://www.amazon.com/dp/B088K1G5NL?tag=eloabder-20&linkCode=osi&th=1&psc=1"><img src="https://m.media-amazon.com/images/I/51F2bOMZWnL._SL500_.jpg" alt="Product Image"></a><p>MARKART Professional Drawing Sketching Pencil Set - 14 Pieces,Graphite,(12B - 4H), Ideal for Drawing Art, Sketching, Shading, Artist Pencils for Beginners & Pro Artists</p><p>$5.24</p><a href="https://www.amazon.com/dp/B088K1G5NL?tag=eloabder-20&linkCode=osi&th=1&psc=1">View Product</a></div><div class="product"><a href="https://www.amazon.com/dp/B08FHMRW4L?tag=eloabder-20&linkCode=osi&th=1&psc=1"><img src="https://m.media-amazon.com/images/I/51Pmn5gjyzL._SL500_.jpg" alt="Product Image"></a><p>Mr. Pen- Sketch Pencils for Drawing, 14 Pack, Drawing Pencils, Art Pencils, Graphite Pencils, Graphite Pencils for Drawing, Art Pencils for Drawing and Shading</p><p>$5.95</p><a href="https://www.amazon.com/dp/B08FHMRW4L?tag=eloabder-20&linkCode=osi&th=1&psc=1">View Product</a></div><div class="product"><a href="https://www.amazon.com/dp/B0BNQ58DC4?tag=eloabder-20&linkCode=osi&th=1&psc=1"><img src="https://m.media-amazon.com/images/I/51e-gQtCcCL._SL500_.jpg" alt="Product Image"></a><p>MARTCOLOR Drawing Sketching Pencils Set, 12 Pack Graphite Pencils(14B - 2H), Ideal for Drawing Art, Sketching, Shading, Artist Pencils for Beginners & Pro Artists</p><p>$5.99</p><a href="https://www.amazon.com/dp/B0BNQ58DC4?tag=eloabder-20&linkCode=osi&th=1&psc=1">View Product</a></div>

<div class="product"><a href="https://www.amazon.com/dp/B0851M3749?tag=eloabder-20&linkCode=osi&th=1&psc=1"><img src="https://m.media-amazon.com/images/I/41KKSGSDl5L._SL500_.jpg" alt="Product Image"></a><p>N NOROCME 12 PCS Blending Stumps and Tortillions Paper Art Blenders with Sandpaper Pencil Sharpener Pointer for Student Artist Charcoal Sketch Drawing Tools</p><p>$4.99</p><a href="https://www.amazon.com/dp/B0851M3749?tag=eloabder-20&linkCode=osi&th=1&psc=1">View Product</a></div><div class="product"><a href="https://www.amazon.com/dp/B09J3HKN8F?tag=eloabder-20&linkCode=osi&th=1&psc=1"><img src="https://m.media-amazon.com/images/I/51Qvx81eQLL._SL500_.jpg" alt="Product Image"></a><p>Eraser Pencils Set for Artists, Wooden Sketch Eraser Pen for Charcoal Drawings, Professional Highlight Painting Eraser for Sketching, Revise Erasing Details for Students Limner</p><p>$6.99</p><a href="https://www.amazon.com/dp/B09J3HKN8F?tag=eloabder-20&linkCode=osi&th=1&psc=1">View Product</a></div>
<div class="product"><a href="https://www.amazon.com/dp/B09WCQ89T8?tag=eloabder-20&linkCode=osi&th=1&psc=1"><img src="https://m.media-amazon.com/images/I/41gZz0qgBFL._SL500_.jpg" alt="Product Image"></a><p>Bernat BABY BLANKET BB Blue Dreams Yarn - 1 Pack of 10.5oz/300g - Polyester - #6 Super Bulky - 220 Yards - Knitting/Crochet</p><p>$6.97</p><a href="https://www.amazon.com/dp/B09WCQ89T8?tag=eloabder-20&linkCode=osi&th=1&psc=1">View Product</a></div><div class="product"><a href="https://www.amazon.com/dp/B07V5JVNFD?tag=eloabder-20&linkCode=osi&th=1&psc=1"><img src="https://m.media-amazon.com/images/I/41IS+HdtiOL._SL500_.jpg" alt="Product Image"></a><p>Lion Brand Yarn Basic Stitch Anti-Pilling Knitting Yarn, Yarn for Crocheting, 1-Pack, Baby Blue</p><p>$8.40 ($0.02 / Foot)</p><a href="https://www.amazon.com/dp/B07V5JVNFD?tag=eloabder-20&linkCode=osi&th=1&psc=1">View Product</a></div><div class="product"><a href="https://www.amazon.com/dp/B01M0AJID2?tag=eloabder-20&linkCode=osi&th=1&psc=1"><img src="https://m.media-amazon.com/images/I/41yVau0AUpL._SL500_.jpg" alt="Product Image"></a><p>Lion Brand Yarn (1 Skein) Lion Brand Yarn Babysoft Baby Yarn Yarn, Little Boy Blue Multicolor</p><p>$7.19 ($0.01 / Foot)</p><a href="https://www.amazon.com/dp/B01M0AJID2?tag=eloabder-20&linkCode=osi&th=1&psc=1">View Product</a></div><div class="product"><a href="https://www.amazon.com/dp/B09W1KHF42?tag=eloabder-20&linkCode=osi&th=1&psc=1"><img src="https://m.media-amazon.com/images/I/41maDlrio5L._SL500_.jpg" alt="Product Image"></a><p>Red Heart Super Saver Light Blue Yarn - 3 Pack of 198g/7oz - Acrylic - 4 Medium (Worsted) - 364 Yards - Knitting/Crochet</p><p>$13.29 ($4.43 / Count)</p><a href="https://www.amazon.com/dp/B09W1KHF42?tag=eloabder-20&linkCode=osi&th=1&psc=1">View Product</a></div><div class="product"><a href="https://www.amazon.com/dp/B08LKVZ3CX?tag=eloabder-20&linkCode=osi&th=1&psc=1"><img src="https://m.media-amazon.com/images/I/41GLizNx8UL._SL500_.jpg" alt="Product Image"></a><p>Bernat Baby Blanket Baby Blue Yarn - 3 Pack of 100g/3.5oz - Polyester - 6 Super Bulky - 72 Yards - Knitting/Crochet</p><p>$21.81</p><a href="https://www.amazon.com/dp/B08LKVZ3CX?tag=eloabder-20&linkCode=osi&th=1&psc=1">View Product</a></div><div class="product"><a href="https://www.amazon.com/dp/B0CHJ95WHJ?tag=eloabder-20&linkCode=osi&th=1&psc=1"><img src="https://m.media-amazon.com/images/I/314E1EQdihL._SL500_.jpg" alt="Product Image"></a><p>NORCIA Soft Velvet Yarn Chenille Yarn for Crocheting Baby Blanket Yarn for Knitting Amigurumi Yarn Fancy Yarn for Crochet Weaving Craft (Baby Blue, 1 Skein)</p><p>$9.99</p><a href="https://www.amazon.com/dp/B0CHJ95WHJ?tag=eloabder-20&linkCode=osi&th=1&psc=1">View Product</a></div>
<div class="product"><a href="https://www.amazon.com/dp/B0779F2TXJ?tag=eloabder-20&linkCode=osi&th=1&psc=1"><img src="https://m.media-amazon.com/images/I/31kqZr8DJzL._SL500_.jpg" alt="Product Image"></a><p>OPENDGO Feather Ballpoint Pen ，Black Ink Vintage Feather Quill Refined Plated Rod Quill Ballpoint Pen For School Writing ▏Wedding Gift Signature Pen (Black)</p><p>$6.97</p><a href="https://www.amazon.com/dp/B0779F2TXJ?tag=eloabder-20&linkCode=osi&th=1&psc=1">View Product</a></div><div class="product"><a href="https://www.amazon.com/dp/B0CQF3BJ3S?tag=eloabder-20&linkCode=osi&th=1&psc=1"><img src="https://m.media-amazon.com/images/I/41gs6AOiP6L._SL500_.jpg" alt="Product Image"></a><p>3 in 1 Retractable Ballpoint Pen with Light and Stylus, Nice Pens for Journaling Writing in The Dark - White/Red Light Tip- 0.7mm Black Ink</p><p>$12.99</p><a href="https://www.amazon.com/dp/B0CQF3BJ3S?tag=eloabder-20&linkCode=osi&th=1&psc=1">View Product</a></div><div class="product"><a href="https://www.amazon.com/dp/B08BBZ3B8G?tag=eloabder-20&linkCode=osi&th=1&psc=1"><img src="https://m.media-amazon.com/images/I/41cMHyw60wL._SL500_.jpg" alt="Product Image"></a><p>Mr. Pen- Pens, Black Pens, 12 Pack, Fast Dry, No Smear Pens, Bible Pens, Pens for Journaling, Pens No Bleed Through, Pens Fine Point, Journal Pens, Fine Tip, Planner Pens, Ball Point Journal Pens</p><p>$9.99</p><a href="https://www.amazon.com/dp/B08BBZ3B8G?tag=eloabder-20&linkCode=osi&th=1&psc=1">View Product</a></div><div class="product"><a href="https://www.amazon.com/dp/B0D4YWWGX6?tag=eloabder-20&linkCode=osi&th=1&psc=1"><img src="https://m.media-amazon.com/images/I/31xHBCCzJqL._SL500_.jpg" alt="Product Image"></a><p>PATIKIL 21cm/8" Feather Ballpoint Pen, 1Pcs Ink Vintage Quill Pen Refined Plated Dip Pen for Calligraphy Writing Signature Wedding Gift, Yellow</p><p>$7.49</p><a href="https://www.amazon.com/dp/B0D4YWWGX6?tag=eloabder-20&linkCode=osi&th=1&psc=1">View Product</a></div>

<div class="product"><a href="https://www.amazon.com/dp/B001TLDEVQ?tag=eloabder-20&linkCode=osi&th=1&psc=1"><img src="https://m.media-amazon.com/images/I/41jYF39F6lL._SL500_.jpg" alt="Product Image"></a><p>Beadalon SuppleMax Illusion Beading Cord, 0.40 mm / 0.016 in, Clear Monofilament, 50 m / 164 ft</p><p>$4.74</p><a href="https://www.amazon.com/dp/B001TLDEVQ?tag=eloabder-20&linkCode=osi&th=1&psc=1">View Product</a></div><div class="product"><a href="https://www.amazon.com/dp/B0D2HVFZ7Q?tag=eloabder-20&linkCode=osi&th=1&psc=1"><img src="https://m.media-amazon.com/images/I/41R66LMYz7L._SL500_.jpg" alt="Product Image"></a><p>Zxiixz 116Yards 0.5mm Bracelet String, Waxed String Cord for Bracelet Making, Beading Thread for Bracelet Beads, Friendship Bracelet String for Bracelet Making, Waxed Polyester Cord for Jewelry Making</p><p>$6.99</p><a href="https://www.amazon.com/dp/B0D2HVFZ7Q?tag=eloabder-20&linkCode=osi&th=1&psc=1">View Product</a></div><div class="product"><a href="https://www.amazon.com/dp/B07BNF8KH5?tag=eloabder-20&linkCode=osi&th=1&psc=1"><img src="https://m.media-amazon.com/images/I/51jVByheyVL._SL500_.jpg" alt="Product Image"></a><p>PH PandaHall 100 Yards 1mm Waxed Cotton Cord Thread Beading String for Bracelet Necklace Making Crafting Beading Macrame Vase Decor, Burlywood</p><p>$7.19 ($0.02 / Foot)</p><a href="https://www.amazon.com/dp/B07BNF8KH5?tag=eloabder-20&linkCode=osi&th=1&psc=1">View Product</a></div><div class="product"><a href="https://www.amazon.com/dp/B07HBPGXJG?tag=eloabder-20&linkCode=osi&th=1&psc=1"><img src="https://m.media-amazon.com/images/I/41xi8gO6kDL._SL500_.jpg" alt="Product Image"></a><p>Paxcoo 0.8mm Elastic String, Stretchy Bracelet String Crystal String Bead Cord for Bracelet, Beading and Jewelry Making (120m)</p><p>$6.99 ($0.02 / Foot)</p><a href="https://www.amazon.com/dp/B07HBPGXJG?tag=eloabder-20&linkCode=osi&th=1&psc=1">View Product</a></div><div class="product"><a href="https://www.amazon.com/dp/B0CNPST7D9?tag=eloabder-20&linkCode=osi&th=1&psc=1"><img src="https://m.media-amazon.com/images/I/41A9VISFC4L._SL500_.jpg" alt="Product Image"></a><p>Kblick Black Nylon String Cord - 1MM 100 Yards Black Twine, Bracelet String for Bracelet Making, Braided Ornament Lanyard Sting, Jewelry Thread Clay Bead String for Crafts, Macrame Satin Cord</p><p>$5.99 ($0.02 / Foot)</p><a href="https://www.amazon.com/dp/B0CNPST7D9?tag=eloabder-20&linkCode=osi&th=1&psc=1">View Product</a></div><div class="product"><a href="https://www.amazon.com/dp/B08GC3JF9X?tag=eloabder-20&linkCode=osi&th=1&psc=1"><img src="https://m.media-amazon.com/images/I/41FQZYhvQpL._SL500_.jpg" alt="Product Image"></a><p>Cheriswelry 100M 0.8mm Nylon Beading Cord Black Chinese Knotting Rattail Macrame Thread String Roll for Jewelry Making Kumihimo Wrapping Supplies DIY Crafts</p><p>$6.99 ($0.02 / Fl Oz)</p><a href="https://www.amazon.com/dp/B08GC3JF9X?tag=eloabder-20&linkCode=osi&th=1&psc=1">View Product</a></div><div class="product"><a href="https://www.amazon.com/dp/B0B3V9RWQC?tag=eloabder-20&linkCode=osi&th=1&psc=1"><img src="https://m.media-amazon.com/images/I/41F-OP+yCxL._SL500_.jpg" alt="Product Image"></a><p>Griffin Silk Bead Cord Perlseide – Black Color – Size 3 (0.50mm) – 2 Meters per Card – Stainless Steel Needle Attached – for Knotting Pearls, Gemstones, Crystals and Beads</p><p>$4.99 ($0.76 / Foot)</p><a href="https://www.amazon.com/dp/B0B3V9RWQC?tag=eloabder-20&linkCode=osi&th=1&psc=1">View Product</a></div><div class="product"><a href="https://www.amazon.com/dp/B08F49YVQP?tag=eloabder-20&linkCode=osi&th=1&psc=1"><img src="https://m.media-amazon.com/images/I/41yCMIpj0rS._SL500_.jpg" alt="Product Image"></a><p>1mm Stretchy Bracelet String, Sturdy Rainbow Elastic String Elastic Cord for Jewelry Making, Necklaces, Beading and Crafts</p><p>$6.99 ($0.04 / Foot)</p><a href="https://www.amazon.com/dp/B08F49YVQP?tag=eloabder-20&linkCode=osi&th=1&psc=1">View Product</a></div>

<div class="product"><a href="https://www.amazon.com/dp/B001GMUBJ6?tag=eloabder-20&linkCode=osi&th=1&psc=1"><img src="https://m.media-amazon.com/images/I/41V5qzn3H5L._SL500_.jpg" alt="Product Image"></a><p>The Beadsmith Fireline by Berkley – Micro-Fused Braided Thread – 6lb. Test, 006”/.15mm Diameter, 50 Yard Spool, Crystal Color – Super Strong Stringing Material for Jewelry Making and Bead Weaving</p><p>$12.59</p><a href="https://www.amazon.com/dp/B001GMUBJ6?tag=eloabder-20&linkCode=osi&th=1&psc=1">View Product</a></div><div class="product"><a href="https://www.amazon.com/dp/B001UAKK0Y?tag=eloabder-20&linkCode=osi&th=1&psc=1"><img src="https://m.media-amazon.com/images/I/41rY1D0wfuL._SL500_.jpg" alt="Product Image"></a><p>Beadalon Wildfire, 0.006 in, 0.15 mm, Break Strength 10 lb / 4.5 kg, Frost, 50 yd / 45 m</p><p>$8.85 ($0.06 / Foot)</p><a href="https://www.amazon.com/dp/B001UAKK0Y?tag=eloabder-20&linkCode=osi&th=1&psc=1">View Product</a></div><div class="product"><a href="https://www.amazon.com/dp/B095WY58F4?tag=eloabder-20&linkCode=osi&th=1&psc=1"><img src="https://m.media-amazon.com/images/I/41mXRfJqcjL._SL500_.jpg" alt="Product Image"></a><p>PH PandaHall 0.1mm Nylon Seed Bead Thread 100 Yards Black White Bracelet Cord Beading Thread Invisible Sewing Thread Nylon Braided Thread String for Leather Stitching Beading Jewelry Bracelets Making</p><p>$9.99 ($0.03 / Foot)</p><a href="https://www.amazon.com/dp/B095WY58F4?tag=eloabder-20&linkCode=osi&th=1&psc=1">View Product</a></div><div class="product"><a href="https://www.amazon.com/dp/B08RN2R2SZ?tag=eloabder-20&linkCode=osi&th=1&psc=1"><img src="https://m.media-amazon.com/images/I/41Tg2MMC++L._SL500_.jpg" alt="Product Image"></a><p>KO Nylon Beading Thread, White Color, Japanese Pre-Waxed 100% Nylon, 330TEX, Tangle Resistant Knotting Cords, 50m /55 yds Spool, Use for Seed Bead Projects, Loom Work & Bead Weaving</p><p>$7.06 ($0.04 / Foot)</p><a href="https://www.amazon.com/dp/B08RN2R2SZ?tag=eloabder-20&linkCode=osi&th=1&psc=1">View Product</a></div><div class="product"><a href="https://www.amazon.com/dp/B09J89ST79?tag=eloabder-20&linkCode=osi&th=1&psc=1"><img src="https://m.media-amazon.com/images/I/41hLuuOZeXL._SL500_.jpg" alt="Product Image"></a><p>2 Roll Polyester Thread, Heavy Duty Thread, 1500Yard/Reel 210D/3 nylon thread for sewing, Sewing Thread for Upholstery, Outdoor Market, Drapery, Leather, Beading, Crafts</p><p>$7.99 ($0.00 / Foot)</p><a href="https://www.amazon.com/dp/B09J89ST79?tag=eloabder-20&linkCode=osi&th=1&psc=1">View Product</a></div><div class="product"><a href="https://www.amazon.com/dp/B0C6MSY7QQ?tag=eloabder-20&linkCode=osi&th=1&psc=1"><img src="https://m.media-amazon.com/images/I/31Bn-MyA62L._SL500_.jpg" alt="Product Image"></a><p>PH PandaHall 0.1mm Nylon String 100 Yards Beading Thread White Nylon Seed Bead Thread Bracelet Beading Thread Sewing String for Leather Stitching Beading Jewelry Bracelets Making</p><p>$7.99 ($0.03 / Foot)</p><a href="https://www.amazon.com/dp/B0C6MSY7QQ?tag=eloabder-20&linkCode=osi&th=1&psc=1">View Product</a></div>

<div class="product"><a href="https://www.amazon.com/dp/B07NMNDT1W?tag=eloabder-20&linkCode=osi&th=1&psc=1"><img src="https://m.media-amazon.com/images/I/41-zwQIcVcL._SL500_.jpg" alt="Product Image"></a><p>Howemon White Beeswax Pellets 2LB 100% Pure and Natural Triple Filtered for Skin, Face, Body and Hair Care DIY Creams, Lotions, Lip Balm and Soap Making Supplies</p><p>$13.99 ($0.44 / Fl Oz)</p><a href="https://www.amazon.com/dp/B07NMNDT1W?tag=eloabder-20&linkCode=osi&th=1&psc=1">View Product</a></div><div class="product"><a href="https://www.amazon.com/dp/B00B3U0FW4?tag=eloabder-20&linkCode=osi&th=1&psc=1"><img src="https://m.media-amazon.com/images/I/51rWFCST+TL._SL500_.jpg" alt="Product Image"></a><p>Beesworks Yellow Beeswax Pellets (1 lb) | 100% Pure, Cosmetic Grade, Triple-Filtered Beeswax for DIY Skin care, Lip Balm, Lotion, and Candle Making</p><p>$13.99 ($0.87 / Ounce)</p><a href="https://www.amazon.com/dp/B00B3U0FW4?tag=eloabder-20&linkCode=osi&th=1&psc=1">View Product</a></div><div class="product"><a href="https://www.amazon.com/dp/B01LWX2IO1?tag=eloabder-20&linkCode=osi&th=1&psc=1"><img src="https://m.media-amazon.com/images/I/41MlNqhDyCL._SL500_.jpg" alt="Product Image"></a><p>Beesworks Yellow Beeswax Bars (6 oz) | 100% Pure, Cosmetic Grade, Triple-Filtered Beeswax for DIY Skin Care, Lip Balm, Lotion and Candle Making (1 oz Bars - Pack of 6)</p><p>$6.99</p><a href="https://www.amazon.com/dp/B01LWX2IO1?tag=eloabder-20&linkCode=osi&th=1&psc=1">View Product</a></div><div class="product"><a href="https://www.amazon.com/dp/B0BV77F19N?tag=eloabder-20&linkCode=osi&th=1&psc=1"><img src="https://m.media-amazon.com/images/I/41xzHaO1-EL._SL500_.jpg" alt="Product Image"></a><p>Beeswax Pellets 10LB Cosmetic Beeswax Triple Filtered Beeswax Pastilles for Candle Making Great for DIY Projects Creams Lotions Lip Balm and Soap Making Supplies(10LB)</p><p>$32.99</p><a href="https://www.amazon.com/dp/B0BV77F19N?tag=eloabder-20&linkCode=osi&th=1&psc=1">View Product</a></div><div class="product"><a href="https://www.amazon.com/dp/B0C9QSG3CY?tag=eloabder-20&linkCode=osi&th=1&psc=1"><img src="https://m.media-amazon.com/images/I/414XQcU6SRL._SL500_.jpg" alt="Product Image"></a><p>YASNAY White Beeswax Pellets 2LB, 100% Organic Beeswax, Beeswax for Candle Making, Body, Skin Care DIY, Lip Balm and Soap Making Supplies</p><p>$11.99</p><a href="https://www.amazon.com/dp/B0C9QSG3CY?tag=eloabder-20&linkCode=osi&th=1&psc=1">View Product</a></div><div class="product"><a href="https://www.amazon.com/dp/B097HTC4WN?tag=eloabder-20&linkCode=osi&th=1&psc=1"><img src="https://m.media-amazon.com/images/I/51pwMM7C6-L._SL500_.jpg" alt="Product Image"></a><p>Eco Lux 8 Yellow Beeswax Blocks 100% Pure Natural Organic Bees Wax 6.5oz</p><p>$8.49 ($1.35 / Ounce)</p><a href="https://www.amazon.com/dp/B097HTC4WN?tag=eloabder-20&linkCode=osi&th=1&psc=1">View Product</a></div><div class="product"><a href="https://www.amazon.com/dp/B00HDHQQCE?tag=eloabder-20&linkCode=osi&th=1&psc=1"><img src="https://m.media-amazon.com/images/I/41vF-7MwNhL._SL500_.jpg" alt="Product Image"></a><p>Murray's 100% Pure Beeswax 4 oz</p><p>$5.98 ($1.50 / Ounce)</p><a href="https://www.amazon.com/dp/B00HDHQQCE?tag=eloabder-20&linkCode=osi&th=1&psc=1">View Product</a></div><div class="product"><a href="https://www.amazon.com/dp/B09YM8JTLM?tag=eloabder-20&linkCode=osi&th=1&psc=1"><img src="https://m.media-amazon.com/images/I/41cjNuBnFEL._SL500_.jpg" alt="Product Image"></a><p>TRINIDa Beeswax Pellets 2LB(32 oz), 100% Organic Yellow Bees Wax for DIY Candles, Beeswax for Candle Making, Skin, Body, Face, and Hair Care, Lotions, DIY Creams, Lip Balm and Soap Making Supplies</p><p>$11.99</p><a href="https://www.amazon.com/dp/B09YM8JTLM?tag=eloabder-20&linkCode=osi&th=1&psc=1">View Product</a></div><div class="product"><a href="https://www.amazon.com/dp/B00F3CNMV4?tag=eloabder-20&linkCode=osi&th=1&psc=1"><img src="https://m.media-amazon.com/images/I/31pjrRAEa4L._SL500_.jpg" alt="Product Image"></a><p>Stakich Yellow Beeswax Block - Natural, Triple Filtered - 1 Pound, Honey Scent</p><p>$13.95 ($0.87 / Ounce)</p><a href="https://www.amazon.com/dp/B00F3CNMV4?tag=eloabder-20&linkCode=osi&th=1&psc=1">View Product</a></div><div class="product"><a href="https://www.amazon.com/dp/B0BXFZBZS9?tag=eloabder-20&linkCode=osi&th=1&psc=1"><img src="https://m.media-amazon.com/images/I/4178i9IB9KL._SL500_.jpg" alt="Product Image"></a><p>5LB Beeswax Pellets Beeswax for Candle Making Organic Beeswax Pellets for Skin Beeswax Beads Beeswax Bulk Beeswax for Lotion Making Organic for DIY and Craft Project</p><p>$22.99</p><a href="https://www.amazon.com/dp/B0BXFZBZS9?tag=eloabder-20&linkCode=osi&th=1&psc=1">View Product</a></div>
<div class="product"><a href="https://www.amazon.com/dp/B0052F1BVK?tag=eloabder-20&linkCode=osi&th=1&psc=1"><img src="https://m.media-amazon.com/images/I/41zE9eiGoLL._SL500_.jpg" alt="Product Image"></a><p>ACC Staples Large Binder Clips, 2" Width, 1" Capacity, Black, 12/Pk</p><p>$6.30</p><a href="https://www.amazon.com/dp/B0052F1BVK?tag=eloabder-20&linkCode=osi&th=1&psc=1">View Product</a></div><div class="product"><a href="https://www.amazon.com/dp/B07MLFR771?tag=eloabder-20&linkCode=osi&th=1&psc=1"><img src="https://m.media-amazon.com/images/I/51N2wxA7N0L._SL500_.jpg" alt="Product Image"></a><p>CooBigo 50 Pack Binder Ring, Metal Book Ring Paper Ring Holder 5/8-Inch Loose Leaf Binder Ring Clip for Index Card, Flash Card Ring, Card Calendar, Keychain Key Ring - Bronze</p><p>$6.99</p><a href="https://www.amazon.com/dp/B07MLFR771?tag=eloabder-20&linkCode=osi&th=1&psc=1">View Product</a></div><div class="product"><a href="https://www.amazon.com/dp/B01563NHGY?tag=eloabder-20&linkCode=osi&th=1&psc=1"><img src="https://m.media-amazon.com/images/I/41gj+0ZftqL._SL500_.jpg" alt="Product Image"></a><p>vanki Pack of 40 Cute Lovely Smiling Face Spring-Loaded File Organizer Paper Holder Metal Binder Clips, Assorted Color</p><p>$8.99</p><a href="https://www.amazon.com/dp/B01563NHGY?tag=eloabder-20&linkCode=osi&th=1&psc=1">View Product</a></div><div class="product"><a href="https://www.amazon.com/dp/B000GOUDSO?tag=eloabder-20&linkCode=osi&th=1&psc=1"><img src="https://m.media-amazon.com/images/I/41ZANISHgML._SL500_.jpg" alt="Product Image"></a><p>Small Binder Clips .75" 8/Pkg-Assorted Colors</p><p>$4.46</p><a href="https://www.amazon.com/dp/B000GOUDSO?tag=eloabder-20&linkCode=osi&th=1&psc=1">View Product</a></div>
<div class="product"><a href="https://www.amazon.com/dp/B07PRPX4VR?tag=eloabder-20&linkCode=osi&th=1&psc=1"><img src="https://m.media-amazon.com/images/I/41IMH12fdPL._SL500_.jpg" alt="Product Image"></a><p>Durable Sheet Lifters, Durable Easy Flow, 11" x 3", Lifts Sheets Over Rings and Protects Sheets from Tearing, Fit Standard 3-Ring Binders, Black (20 Pack)</p><p>$14.99</p><a href="https://www.amazon.com/dp/B07PRPX4VR?tag=eloabder-20&linkCode=osi&th=1&psc=1">View Product</a></div><div class="product"><a href="https://www.amazon.com/dp/B0CM8QJHFW?tag=eloabder-20&linkCode=osi&th=1&psc=1"><img src="https://m.media-amazon.com/images/I/31cJGS74oCL._SL500_.jpg" alt="Product Image"></a><p>Wantane D-Shaped Tape Storage Ring Tape Storage Ring 4" D-Shaped Washi Tape Storage Ring for DIY Decoration and Storage（Nickel）-2PCS</p><p>$7.99</p><a href="https://www.amazon.com/dp/B0CM8QJHFW?tag=eloabder-20&linkCode=osi&th=1&psc=1">View Product</a></div>
<div class="product"><a href="https://www.amazon.com/dp/B00006IAS3?tag=eloabder-20&linkCode=osi&th=1&psc=1"><img src="https://m.media-amazon.com/images/I/317DvSXhT1L._SL500_.jpg" alt="Product Image"></a><p>GBC Binding System, Manual, Desktop Binding Punch, 6 Sheet Punch Capacity, ProClick P50 (2515650)</p><p>$123.89</p><a href="https://www.amazon.com/dp/B00006IAS3?tag=eloabder-20&linkCode=osi&th=1&psc=1">View Product</a></div><div class="product"><a href="https://www.amazon.com/dp/B004BP81KQ?tag=eloabder-20&linkCode=osi&th=1&psc=1"><img src="https://m.media-amazon.com/images/I/51SqfeZ12KL._SL500_.jpg" alt="Product Image"></a><p>We R Memory Keepers Cinch Book Binding Wire (1-Inch, Silver (2 Pack))</p><p>$5.99</p><a href="https://www.amazon.com/dp/B004BP81KQ?tag=eloabder-20&linkCode=osi&th=1&psc=1">View Product</a></div>

<div class="product"><a href="https://www.amazon.com/dp/B0007ZJ8TM?tag=eloabder-20&linkCode=osi&th=1&psc=1"><img src="https://m.media-amazon.com/images/I/41i49sz3UAL._SL500_.jpg" alt="Product Image"></a><p>Speedball Super Black India Ink, 2-Ounce</p><p>$9.99 ($9.99 / Count)</p><a href="https://www.amazon.com/dp/B0007ZJ8TM?tag=eloabder-20&linkCode=osi&th=1&psc=1">View Product</a></div><div class="product"><a href="https://www.amazon.com/dp/B0026I10AI?tag=eloabder-20&linkCode=osi&th=1&psc=1"><img src="https://m.media-amazon.com/images/I/31vklP4uBsL._SL500_.jpg" alt="Product Image"></a><p>Dr. Ph. Martin's Bombay India (7BY) Ink Bottle, 1.0 oz, Black</p><p>$6.99</p><a href="https://www.amazon.com/dp/B0026I10AI?tag=eloabder-20&linkCode=osi&th=1&psc=1">View Product</a></div><div class="product"><a href="https://www.amazon.com/dp/B000KNP96C?tag=eloabder-20&linkCode=osi&th=1&psc=1"><img src="https://m.media-amazon.com/images/I/51e9srYtG0L._SL500_.jpg" alt="Product Image"></a><p>Winsor & Newton Drawing Ink, 14ml Bottle, Black Indian</p><p>$10.99</p><a href="https://www.amazon.com/dp/B000KNP96C?tag=eloabder-20&linkCode=osi&th=1&psc=1">View Product</a></div><div class="product"><a href="https://www.amazon.com/dp/B07BQG5QF4?tag=eloabder-20&linkCode=osi&th=1&psc=1"><img src="https://m.media-amazon.com/images/I/41nEMDYZaiL._SL500_.jpg" alt="Product Image"></a><p>Speedball Super Black India Ink, 16-Ounce</p><p>$19.99</p><a href="https://www.amazon.com/dp/B07BQG5QF4?tag=eloabder-20&linkCode=osi&th=1&psc=1">View Product</a></div><div class="product"><a href="https://www.amazon.com/dp/B001038NLY?tag=eloabder-20&linkCode=osi&th=1&psc=1"><img src="https://m.media-amazon.com/images/I/418i4sxJJ0L._SL500_.jpg" alt="Product Image"></a><p>Speedball Fabric Screen Printing Ink, 8-Ounce, Black for T-Shirt and Silkscreen Printmaking</p><p>$12.99 ($1.62 / Fl Oz)</p><a href="https://www.amazon.com/dp/B001038NLY?tag=eloabder-20&linkCode=osi&th=1&psc=1">View Product</a></div><div class="product"><a href="https://www.amazon.com/dp/B00161OPSA?tag=eloabder-20&linkCode=osi&th=1&psc=1"><img src="https://m.media-amazon.com/images/I/41C32y3CJAL._SL500_.jpg" alt="Product Image"></a><p>Tsukineko VersaFine inkpad, Full-Size, Onyx Black</p><p>$4.99 ($4.99 / Count)</p><a href="https://www.amazon.com/dp/B00161OPSA?tag=eloabder-20&linkCode=osi&th=1&psc=1">View Product</a></div>
<div class="product"><a href="https://www.amazon.com/dp/B07Q4TJCDJ?tag=eloabder-20&linkCode=osi&th=1&psc=1"><img src="https://m.media-amazon.com/images/I/315HYvYg-BL._SL500_.jpg" alt="Product Image"></a><p>Primbeeks 300pcs Blank Business Cards, Premium Blank White Cards, 3.5" x 2.2" Small Blank Cards, Blank Cardstock Cards, Small Note Cards, white blank cards, white business cards, kraft paper cards</p><p>$7.99</p><a href="https://www.amazon.com/dp/B07Q4TJCDJ?tag=eloabder-20&linkCode=osi&th=1&psc=1">View Product</a></div><div class="product"><a href="https://www.amazon.com/dp/B0CRGHFLT8?tag=eloabder-20&linkCode=osi&th=1&psc=1"><img src="https://m.media-amazon.com/images/I/41S1NLpb8hL._SL500_.jpg" alt="Product Image"></a><p>Watercolor Cards and Envelopes Set - 50 Folded 5x7 Inch Blank Heavyweight Paper Cards (140lb/300gsm) with Matching Envelopes for DIY Greeting Cards, Festivals, and Events</p><p>$17.99 ($0.36 / Count)</p><a href="https://www.amazon.com/dp/B0CRGHFLT8?tag=eloabder-20&linkCode=osi&th=1&psc=1">View Product</a></div><div class="product"><a href="https://www.amazon.com/dp/B08MX4TZ3H?tag=eloabder-20&linkCode=osi&th=1&psc=1"><img src="https://m.media-amazon.com/images/I/41D2u4vdLQL._SL500_.jpg" alt="Product Image"></a><p>50 Pack Blank Kraft Cards Cardstock Thick Paper Brown Greeting Cards for DIY Gift Card Menus, Baby Shower and Wedding Invitations (Multicolored, 5x7IN)</p><p>$8.99</p><a href="https://www.amazon.com/dp/B08MX4TZ3H?tag=eloabder-20&linkCode=osi&th=1&psc=1">View Product</a></div><div class="product"><a href="https://www.amazon.com/dp/B08BDGGVMK?tag=eloabder-20&linkCode=osi&th=1&psc=1"><img src="https://m.media-amazon.com/images/I/41W-dTUoBqL._SL500_.jpg" alt="Product Image"></a><p>100pcs 3.54"x2" Blank Kraft Paper Business Card, Words Message Notes paper Tags, Mini Craft Cardboard Festival gifts - 6 colors</p><p>$5.98</p><a href="https://www.amazon.com/dp/B08BDGGVMK?tag=eloabder-20&linkCode=osi&th=1&psc=1">View Product</a></div><div class="product"><a href="https://www.amazon.com/dp/B08BFDJJ78?tag=eloabder-20&linkCode=osi&th=1&psc=1"><img src="https://m.media-amazon.com/images/I/61LZ1Csb+dL._SL500_.jpg" alt="Product Image"></a><p>Nettbe 100pcs 3.54"x2" Blank Kraft Paper Business Card, Words Message Notes paper Tags, Mini Craft Cardboard Festival gifts</p><p>$5.99</p><a href="https://www.amazon.com/dp/B08BFDJJ78?tag=eloabder-20&linkCode=osi&th=1&psc=1">View Product</a></div><div class="product"><a href="https://www.amazon.com/dp/B07Q8YBJM3?tag=eloabder-20&linkCode=osi&th=1&psc=1"><img src="https://m.media-amazon.com/images/I/31w6U4cCqEL._SL500_.jpg" alt="Product Image"></a><p>Primbeeks 228pcs Blank Business Cards, Premium Blank White Cards, 3.5" x 2.2" Small Blank Cards, Blank Cardstock Cards, Small Note Cards, white blank cards, white business cards, kraft paper cards</p><p>$5.99</p><a href="https://www.amazon.com/dp/B07Q8YBJM3?tag=eloabder-20&linkCode=osi&th=1&psc=1">View Product</a></div><div class="product"><a href="https://www.amazon.com/dp/B08X4Z9TGN?tag=eloabder-20&linkCode=osi&th=1&psc=1"><img src="https://m.media-amazon.com/images/I/41Jqhe35tDL._SL500_.jpg" alt="Product Image"></a><p>321Done Blank Rustic Cards, Made in USA - 4x6 Thick, Heavy Cardstock - Make Invites, Greeting, Note, Thank You Cards - Plain Kraft for Writing, Stamping, Printing, Art - No Envelopes - Set of 50</p><p>$14.99</p><a href="https://www.amazon.com/dp/B08X4Z9TGN?tag=eloabder-20&linkCode=osi&th=1&psc=1">View Product</a></div><div class="product"><a href="https://www.amazon.com/dp/B0D2KDWBNM?tag=eloabder-20&linkCode=osi&th=1&psc=1"><img src="https://m.media-amazon.com/images/I/31dAhnBJ7aL._SL500_.jpg" alt="Product Image"></a><p>4x6 Blank White Cardstock (Set of 100) - Card Stock for Printer Postcards, Photo Paper Invitations, Greeting, Note, Thank You, DIY Making, Index Cards - Plain for Writing, Stamping, Printing, Art</p><p>$8.99</p><a href="https://www.amazon.com/dp/B0D2KDWBNM?tag=eloabder-20&linkCode=osi&th=1&psc=1">View Product</a></div><div class="product"><a href="https://www.amazon.com/dp/B0BB858RYN?tag=eloabder-20&linkCode=osi&th=1&psc=1"><img src="https://m.media-amazon.com/images/I/317zmriPKNL._SL500_.jpg" alt="Product Image"></a><p>WANDERINGS Handmade White Deckle Edge Blank Greeting Cards- Folded to 5x7” - Pack of 25 - Writers, Artists, Crafters - Thank Yous, Invitations, Menus, Greeting Cards, Notes - Thick 150 GSM</p><p>$21.99 ($0.88 / Count)</p><a href="https://www.amazon.com/dp/B0BB858RYN?tag=eloabder-20&linkCode=osi&th=1&psc=1">View Product</a></div><div class="product"><a href="https://www.amazon.com/dp/B0BZPPXRZW?tag=eloabder-20&linkCode=osi&th=1&psc=1"><img src="https://m.media-amazon.com/images/I/21Da-WQhrpL._SL500_.jpg" alt="Product Image"></a><p>100 Pack Thick Paper Cardstock Blank Heavy Cards Stock for Invitations, Greeting Cards Making, Postcards, Photos, 250GSM Thick Paper (White, 2x3.5 inches)</p><p>$5.99</p><a href="https://www.amazon.com/dp/B0BZPPXRZW?tag=eloabder-20&linkCode=osi&th=1&psc=1">View Product</a></div>
<div class="product"><a href="https://www.amazon.com/dp/B0BZRDQKH6?tag=eloabder-20&linkCode=osi&th=1&psc=1"><img src="https://m.media-amazon.com/images/I/41GYYRiusgL._SL500_.jpg" alt="Product Image"></a><p>feela 8 Pack Unlined Kraft Paper Notebooks, Blank Journal Note Pad for Drawing Writing, Small Sketchbook Travel Journal Bulk for Women Kids Students Office School Supplies, A5, 60 Pages, 8.3” X 5.5”</p><p>$9.99</p><a href="https://www.amazon.com/dp/B0BZRDQKH6?tag=eloabder-20&linkCode=osi&th=1&psc=1">View Product</a></div><div class="product"><a href="https://www.amazon.com/dp/B0BXLB74KK?tag=eloabder-20&linkCode=osi&th=1&psc=1"><img src="https://m.media-amazon.com/images/I/313vYzg7HpL._SL500_.jpg" alt="Product Image"></a><p>ZZTX 4 Pack Blank Kraft Notebooks, Blank Paper Sketchbooks for Drawing Doodling Writing,Travel Journal Set, A5, 36 Pages, 8.3” X 5.5”</p><p>$5.99</p><a href="https://www.amazon.com/dp/B0BXLB74KK?tag=eloabder-20&linkCode=osi&th=1&psc=1">View Product</a></div><div class="product"><a href="https://www.amazon.com/dp/B0BW5TNPXJ?tag=eloabder-20&linkCode=osi&th=1&psc=1"><img src="https://m.media-amazon.com/images/I/31Wu8UP78iL._SL500_.jpg" alt="Product Image"></a><p>EOOUT Kraft Notebooks, Blank Page Journals in Bulk, 16pcs A5, 8.3 X 5.5 Inches, 60 Pages, 80gsm, Travel Journal Set, for Art Camp, Travelers, Students and Office Supplies Sketchbooks Bulk for Kids</p><p>$15.99</p><a href="https://www.amazon.com/dp/B0BW5TNPXJ?tag=eloabder-20&linkCode=osi&th=1&psc=1">View Product</a></div><div class="product"><a href="https://www.amazon.com/dp/B08P3F46SD?tag=eloabder-20&linkCode=osi&th=1&psc=1"><img src="https://m.media-amazon.com/images/I/41jeBDcZJ1L._SL500_.jpg" alt="Product Image"></a><p>Krafty Soft Cover Blank Notebook Journal, Spiral Sketchbook Pad, Drawing Book, 60 Sheets/140gsm (A4)/120 Pages</p><p>$7.99</p><a href="https://www.amazon.com/dp/B08P3F46SD?tag=eloabder-20&linkCode=osi&th=1&psc=1">View Product</a></div><div class="product"><a href="https://www.amazon.com/dp/B0CWNPMC4T?tag=eloabder-20&linkCode=osi&th=1&psc=1"><img src="https://m.media-amazon.com/images/I/31BZeVGe6TL._SL500_.jpg" alt="Product Image"></a><p>zmybcpack 5 Pack Blank Journal Notebooks, Blank Paper Sketchbook for Drawing Writing, Travel Journal Notebook Kraft Paper Notebook for Travelers, Students, Office, A5, 8.26” x 5.5”, 60 Pages/30 Sheets</p><p>$8.99</p><a href="https://www.amazon.com/dp/B0CWNPMC4T?tag=eloabder-20&linkCode=osi&th=1&psc=1">View Product</a></div><div class="product"><a href="https://www.amazon.com/dp/B07WHYP9WN?tag=eloabder-20&linkCode=osi&th=1&psc=1"><img src="https://m.media-amazon.com/images/I/41ZhyCux1yL._SL500_.jpg" alt="Product Image"></a><p>Thick Blank Journal Notebook with Unlined / Unruled / Plain Pages | Deluxe 120gsm Ink Resistant Paper for Writing, Sketch Book, 160 Pages | Hardcover Sketchbook with Pen Holder, Pocket, Ribbon (Black)</p><p>$14.99</p><a href="https://www.amazon.com/dp/B07WHYP9WN?tag=eloabder-20&linkCode=osi&th=1&psc=1">View Product</a></div>
<div class="product"><a href="https://www.amazon.com/dp/B07MT7HKZW?tag=eloabder-20&linkCode=osi&th=1&psc=1"><img src="https://m.media-amazon.com/images/I/413JwH5JREL._SL500_.jpg" alt="Product Image"></a><p>Spiral Sketch Book Large Notebook（Built-in Drawing Board） Kraft Cover Blank Sketch Pad Wirebound Sketching for Drawing Painting 8.5x11-Inch (2 Pack) 200 Sheets, 100 Sheets, 200Pages Each</p><p>$17.99 ($9.00 / Count)</p><a href="https://www.amazon.com/dp/B07MT7HKZW?tag=eloabder-20&linkCode=osi&th=1&psc=1">View Product</a></div><div class="product"><a href="https://www.amazon.com/dp/B0BDQ82WB9?tag=eloabder-20&linkCode=osi&th=1&psc=1"><img src="https://m.media-amazon.com/images/I/51FoWr3GPwL._SL500_.jpg" alt="Product Image"></a><p>feela 170 Pack Blank Kraft Notebooks, Unlined Sketchbook Mini Cute Note Pad for Drawing Writing, Journal Bulk For Kids Students Office School Supplies, A6, 48 Pages, 4.25” X 5.5”, Black and Brown</p><p>$51.99</p><a href="https://www.amazon.com/dp/B0BDQ82WB9?tag=eloabder-20&linkCode=osi&th=1&psc=1">View Product</a></div><div class="product"><a href="https://www.amazon.com/dp/B0B3WWHWT2?tag=eloabder-20&linkCode=osi&th=1&psc=1"><img src="https://m.media-amazon.com/images/I/31m0FzXtPxL._SL500_.jpg" alt="Product Image"></a><p>Tamaki 6 Pack Colorful Blank Books for kids to Write, Drawing, Cute Sketchbook for Kid, 6 Colors (4.25 x 5.5 Inches)</p><p>$6.99</p><a href="https://www.amazon.com/dp/B0B3WWHWT2?tag=eloabder-20&linkCode=osi&th=1&psc=1">View Product</a></div>
<div class="product"><a href="https://www.amazon.com/dp/B0BGH2P9M6?tag=eloabder-20&linkCode=osi&th=1&psc=1"><img src="https://m.media-amazon.com/images/I/41ozOaYoHEL._SL500_.jpg" alt="Product Image"></a><p>EOOUT 100pcs A5 Kraft Notebooks, Blank Page Journals in Bulk, Sketchbooks Bulk for Kids, 60 Pages, 80GSM, 8.3 X 5.5 Inch, Travel Journal Set, for Art Camp, Travelers, Students and Office Supplies</p><p>$51.99</p><a href="https://www.amazon.com/dp/B0BGH2P9M6?tag=eloabder-20&linkCode=osi&th=1&psc=1">View Product</a></div><div class="product"><a href="https://www.amazon.com/dp/B07MT99F94?tag=eloabder-20&linkCode=osi&th=1&psc=1"><img src="https://m.media-amazon.com/images/I/41Ug7gpSWDL._SL500_.jpg" alt="Product Image"></a><p>Spiral Sketch Book Large Notebook（Built-in Drawing Board） Kraft Cover Blank Sketch Pad Wirebound Sketching for Drawing Painting 8.5x11-Inch (1 Pack) 200 Pages, 100 Sheets</p><p>$9.99</p><a href="https://www.amazon.com/dp/B07MT99F94?tag=eloabder-20&linkCode=osi&th=1&psc=1">View Product</a></div><div class="product"><a href="https://www.amazon.com/dp/B07CM32KLM?tag=eloabder-20&linkCode=osi&th=1&psc=1"><img src="https://m.media-amazon.com/images/I/41ENhBLE9DL._SL500_.jpg" alt="Product Image"></a><p>Kraft Cover Drawing Notebook & Sketchbook – Set of 2 Blank Plain Sketch Books – 125g Thick Paper A5 Size, 150x210mm Paper Ideal for Drawing & Sketching- 128 sheets/256 pages – 180 Degree Opening, 2pcs</p><p>$20.99 ($0.08 / Count)</p><a href="https://www.amazon.com/dp/B07CM32KLM?tag=eloabder-20&linkCode=osi&th=1&psc=1">View Product</a></div><div class="product"><a href="https://www.amazon.com/dp/B08ZLMLF7C?tag=eloabder-20&linkCode=osi&th=1&psc=1"><img src="https://m.media-amazon.com/images/I/41X-5yj83vL._SL500_.jpg" alt="Product Image"></a><p>BEECHMORE BOOKS Sketch Book, A4 8.5 x 11.5 inch Blank Sketchbook for Drawing, Paint and Draw, 156 Pages Thick Paper 160gsm, Hardcover Leather Art Notebook, Boxed for Gifts (Chestnut Brown)</p><p>$21.20</p><a href="https://www.amazon.com/dp/B08ZLMLF7C?tag=eloabder-20&linkCode=osi&th=1&psc=1">View Product</a></div>
<div class="product"><a href="https://www.amazon.com/dp/B075M9MSFH?tag=eloabder-20&linkCode=osi&th=1&psc=1"><img src="https://m.media-amazon.com/images/I/51x+szTX6TL._SL500_.jpg" alt="Product Image"></a><p>Bianyo Bleedproof Marker Paper Pad, A4(8.27"X11.69"), 50 Sheets, 18 LB / 70 GSM, Glue-Bound, 100% Cotton, White, Ideal for Use with Markers and Ink Mediums</p><p>$9.99</p><a href="https://www.amazon.com/dp/B075M9MSFH?tag=eloabder-20&linkCode=osi&th=1&psc=1">View Product</a></div><div class="product"><a href="https://www.amazon.com/dp/B08FX5S2NL?tag=eloabder-20&linkCode=osi&th=1&psc=1"><img src="https://m.media-amazon.com/images/I/41CA0ZfazKL._SL500_.jpg" alt="Product Image"></a><p>Marker Paper Sketchbook, Bleedproof Art Marker Pad, (8.27 X 11.69) Inch, White, 40 Sheets</p><p>$6.99</p><a href="https://www.amazon.com/dp/B08FX5S2NL?tag=eloabder-20&linkCode=osi&th=1&psc=1">View Product</a></div><div class="product"><a href="https://www.amazon.com/dp/B0CJRBFSJ8?tag=eloabder-20&linkCode=osi&th=1&psc=1"><img src="https://m.media-amazon.com/images/I/51DLA8TpwEL._SL500_.jpg" alt="Product Image"></a><p>Shuttle Art Marker Pad, 8.3”x8.9” Portable Square Sketchbook, 80 Sheets Marker Drawing Paper, 120LB/200GSM Bleedproof Art Paper, Spiral-Bound, Great for Professional Artist to Draw, Paint & Sketch</p><p>$16.99</p><a href="https://www.amazon.com/dp/B0CJRBFSJ8?tag=eloabder-20&linkCode=osi&th=1&psc=1">View Product</a></div><div class="product"><a href="https://www.amazon.com/dp/B09N7VX5Z5?tag=eloabder-20&linkCode=osi&th=1&psc=1"><img src="https://m.media-amazon.com/images/I/51xCPs9HZyL._SL500_.jpg" alt="Product Image"></a><p>Marker Paper Sketchbook - Marker Sketchbook with Bleedproof Smooth Coated Art Paper, 120 GSM 80 LBS - Marker Pad for Alcohol Markers, Sketching, Drawing - 8.11 x 8.5 Inch | 50 Sheets, 2 Pack</p><p>$15.99 ($8.00 / Count)</p><a href="https://www.amazon.com/dp/B09N7VX5Z5?tag=eloabder-20&linkCode=osi&th=1&psc=1">View Product</a></div><div class="product"><a href="https://www.amazon.com/dp/B07CK94W9T?tag=eloabder-20&linkCode=osi&th=1&psc=1"><img src="https://m.media-amazon.com/images/I/41ocoSNDjdL._SL500_.jpg" alt="Product Image"></a><p>BOXUN Premium 50 Sheets Sketch Marker Paper Pad, Bleedproof Artist Drawing Paper, 8.27 x 11.69 Inch</p><p>$8.29 ($0.17 / Count)</p><a href="https://www.amazon.com/dp/B07CK94W9T?tag=eloabder-20&linkCode=osi&th=1&psc=1">View Product</a></div><div class="product"><a href="https://www.amazon.com/dp/B0CPXWD11W?tag=eloabder-20&linkCode=osi&th=1&psc=1"><img src="https://m.media-amazon.com/images/I/51ApKzpDVNL._SL500_.jpg" alt="Product Image"></a><p>FEITAKE Marker Paper Pad Sketchbook Bleedproof for Alcohol Markers 120lb/200gsm Double Sided Thick Art Drawing Papers 60pages (30Sheets) / A4(8.3"x11.7") Gift for Artists Students Kids</p><p>$13.99 ($0.47 / Count)</p><a href="https://www.amazon.com/dp/B0CPXWD11W?tag=eloabder-20&linkCode=osi&th=1&psc=1">View Product</a></div><div class="product"><a href="https://www.amazon.com/dp/B0025TWYW6?tag=eloabder-20&linkCode=osi&th=1&psc=1"><img src="https://m.media-amazon.com/images/I/51t6UkUHCvL._SL500_.jpg" alt="Product Image"></a><p>Bee Paper Bleedproof Marker Pack, 8-1/2-Inch by 11-Inch, 50 Sheets per Pack</p><p>$17.09 ($0.34 / Count)</p><a href="https://www.amazon.com/dp/B0025TWYW6?tag=eloabder-20&linkCode=osi&th=1&psc=1">View Product</a></div><div class="product"><a href="https://www.amazon.com/dp/B0CJRBYYQB?tag=eloabder-20&linkCode=osi&th=1&psc=1"><img src="https://m.media-amazon.com/images/I/41knBnjZ25L._SL500_.jpg" alt="Product Image"></a><p>Shuttle Art Marker Pad, 8.3”x7.67” Portable Square Sketchbook, 50 Sheets Marker Drawing Paper, 60LB/90GSM Smooth Surface Bleedproof Art Paper, Glue-Bound, Great for Beginners to Draw, Paint & Sketch</p><p>$8.99 ($0.18 / Count)</p><a href="https://www.amazon.com/dp/B0CJRBYYQB?tag=eloabder-20&linkCode=osi&th=1&psc=1">View Product</a></div>
<div class="product"><a href="https://www.amazon.com/dp/B00881IU8M?tag=eloabder-20&linkCode=osi&th=1&psc=1"><img src="https://m.media-amazon.com/images/I/41hbSgdLBtL._SL500_.jpg" alt="Product Image"></a><p>Speedball Fabric & Paper Block Printing Ink 6-Color Set, 1.25-Ounce x 6</p><p>$28.99 ($28.99 / Count)</p><a href="https://www.amazon.com/dp/B00881IU8M?tag=eloabder-20&linkCode=osi&th=1&psc=1">View Product</a></div><div class="product"><a href="https://www.amazon.com/dp/B000J09PFM?tag=eloabder-20&linkCode=osi&th=1&psc=1"><img src="https://m.media-amazon.com/images/I/51yPRc4nvoL._SL500_.jpg" alt="Product Image"></a><p>Speedball Water-Soluble Block Printing Ink Starter Set, 6 Bold Colors with Satin Finish, 1.25-Ounce Tubes</p><p>$29.99 ($4.00 / Fl Oz)</p><a href="https://www.amazon.com/dp/B000J09PFM?tag=eloabder-20&linkCode=osi&th=1&psc=1">View Product</a></div><div class="product"><a href="https://www.amazon.com/dp/B000BYT24U?tag=eloabder-20&linkCode=osi&th=1&psc=1"><img src="https://m.media-amazon.com/images/I/51pDlo+LlKL._SL500_.jpg" alt="Product Image"></a><p>Speedball Water-Soluble Block Printing Ink, 8-Ounce Jar, Black</p><p>$14.49</p><a href="https://www.amazon.com/dp/B000BYT24U?tag=eloabder-20&linkCode=osi&th=1&psc=1">View Product</a></div><div class="product"><a href="https://www.amazon.com/dp/B00C1JUJWW?tag=eloabder-20&linkCode=osi&th=1&psc=1"><img src="https://m.media-amazon.com/images/I/41zDtJ6f5hL._SL500_.jpg" alt="Product Image"></a><p>Speedball Fabric Block Printing Ink, 2.5-Ounce, Black</p><p>$9.99 ($4.00 / Fl Oz)</p><a href="https://www.amazon.com/dp/B00C1JUJWW?tag=eloabder-20&linkCode=osi&th=1&psc=1">View Product</a></div><div class="product"><a href="https://www.amazon.com/dp/B004PZ1ZJG?tag=eloabder-20&linkCode=osi&th=1&psc=1"><img src="https://m.media-amazon.com/images/I/41+GkhhpR5L._SL500_.jpg" alt="Product Image"></a><p>Speedball Water-Soluble Block Printing Ink Starter Set, 4-Color Set, 1.25-Ounce Tubes</p><p>$20.99</p><a href="https://www.amazon.com/dp/B004PZ1ZJG?tag=eloabder-20&linkCode=osi&th=1&psc=1">View Product</a></div><div class="product"><a href="https://www.amazon.com/dp/B0017CZF3C?tag=eloabder-20&linkCode=osi&th=1&psc=1"><img src="https://m.media-amazon.com/images/I/41S17SYPAZL._SL500_.jpg" alt="Product Image"></a><p>Speedball Water Soluble Block Printing Ink, Black, 2-1/2 Ounces - 380663</p><p>$9.99</p><a href="https://www.amazon.com/dp/B0017CZF3C?tag=eloabder-20&linkCode=osi&th=1&psc=1">View Product</a></div><div class="product"><a href="https://www.amazon.com/dp/B0BXNX8FSH?tag=eloabder-20&linkCode=osi&th=1&psc=1"><img src="https://m.media-amazon.com/images/I/51JGm1VxVOL._SL500_.jpg" alt="Product Image"></a><p>Falling in Art Water-Soluble Block Printing Ink, 6-Color Printmaking Ink Set for Linoleum Block, 3.5 floz</p><p>$28.99</p><a href="https://www.amazon.com/dp/B0BXNX8FSH?tag=eloabder-20&linkCode=osi&th=1&psc=1">View Product</a></div><div class="product"><a href="https://www.amazon.com/dp/B0027ACJBO?tag=eloabder-20&linkCode=osi&th=1&psc=1"><img src="https://m.media-amazon.com/images/I/41OzayB9ojL._SL500_.jpg" alt="Product Image"></a><p>Speedball 3476 Oil-Based Block Printing Ink Starter Set for Professional, Permanent Prints AP Certified – 1.25 FL OZ Tubes</p><p>$33.99</p><a href="https://www.amazon.com/dp/B0027ACJBO?tag=eloabder-20&linkCode=osi&th=1&psc=1">View Product</a></div>
<div class="product"><a href="https://www.amazon.com/dp/B0027AGDWK?tag=eloabder-20&linkCode=osi&th=1&psc=1"><img src="https://m.media-amazon.com/images/I/515LDer6GPL._SL500_.jpg" alt="Product Image"></a><p>Speedball Deluxe Block Printing Kit - Includes Inks, Brayer, Bench Hook, Lino Handle and Cutters, Speedy-Carve Block, Mounted Linoleum Block</p><p>$59.99</p><a href="https://www.amazon.com/dp/B0027AGDWK?tag=eloabder-20&linkCode=osi&th=1&psc=1">View Product</a></div><div class="product"><a href="https://www.amazon.com/dp/B07ZJBZN5S?tag=eloabder-20&linkCode=osi&th=1&psc=1"><img src="https://m.media-amazon.com/images/I/41UbN58y9uS._SL500_.jpg" alt="Product Image"></a><p>SGHUO 12pcs 4"x6" Pink Rubber Carving Blocks Linoleum Block Stamp Making Kit</p><p>$22.99 ($1.92 / Count)</p><a href="https://www.amazon.com/dp/B07ZJBZN5S?tag=eloabder-20&linkCode=osi&th=1&psc=1">View Product</a></div>
<div class="product"><a href="https://www.amazon.com/dp/B00L2DYUM8?tag=eloabder-20&linkCode=osi&th=1&psc=1"><img src="https://m.media-amazon.com/images/I/51l5FZ0+5AL._SL500_.jpg" alt="Product Image"></a><p>Strathmore 300 Series Printmaking Paper Pad, Glue Bound, 5x7 inches, 40 Sheets (120g) - Artist Paper for Adults and Students - Block Printing, Linocut, Screen Printing, White</p><p>$7.26</p><a href="https://www.amazon.com/dp/B00L2DYUM8?tag=eloabder-20&linkCode=osi&th=1&psc=1">View Product</a></div><div class="product"><a href="https://www.amazon.com/dp/B07BSYS5XC?tag=eloabder-20&linkCode=osi&th=1&psc=1"><img src="https://m.media-amazon.com/images/I/51Uwfq0jv+L._SL500_.jpg" alt="Product Image"></a><p>Ucreate Printmaking Paper, 9"x12", White, 100 Sheet, P9001</p><p>$9.79</p><a href="https://www.amazon.com/dp/B07BSYS5XC?tag=eloabder-20&linkCode=osi&th=1&psc=1">View Product</a></div><div class="product"><a href="https://www.amazon.com/dp/B00K5562WA?tag=eloabder-20&linkCode=osi&th=1&psc=1"><img src="https://m.media-amazon.com/images/I/51Dm+TeJGdL._SL500_.jpg" alt="Product Image"></a><p>Strathmore Printmaking Paper Pad 8"X10"-20 Sheets -62433800, White</p><p>$10.19</p><a href="https://www.amazon.com/dp/B00K5562WA?tag=eloabder-20&linkCode=osi&th=1&psc=1">View Product</a></div><div class="product"><a href="https://www.amazon.com/dp/B001DNH8I0?tag=eloabder-20&linkCode=osi&th=1&psc=1"><img src="https://m.media-amazon.com/images/I/51UzoKdUojL._SL500_.jpg" alt="Product Image"></a><p>Black Ink 9-Inch by 12-Inch Bleached Mulberry Block Printing Paper, 25-Pack</p><p>$19.35 ($0.77 / Count)</p><a href="https://www.amazon.com/dp/B001DNH8I0?tag=eloabder-20&linkCode=osi&th=1&psc=1">View Product</a></div><div class="product"><a href="https://www.amazon.com/dp/B00C6G6L5Y?tag=eloabder-20&linkCode=osi&th=1&psc=1"><img src="https://m.media-amazon.com/images/I/5103h0Rm8sL._SL500_.jpg" alt="Product Image"></a><p>Black Ink Thai Mulberry Block Printing Paper Packs small assorted colors</p><p>$21.99</p><a href="https://www.amazon.com/dp/B00C6G6L5Y?tag=eloabder-20&linkCode=osi&th=1&psc=1">View Product</a></div>
<div class="product"><a href="https://www.amazon.com/dp/B003IG27OK?tag=eloabder-20&linkCode=osi&th=1&psc=1"><img src="https://m.media-amazon.com/images/I/416NUaYo1DL._SL500_.jpg" alt="Product Image"></a><p>Speedball Block Printing Baren - Comfortable Wooden Handle, Made in the USA - 4 Inches</p><p>$29.49</p><a href="https://www.amazon.com/dp/B003IG27OK?tag=eloabder-20&linkCode=osi&th=1&psc=1">View Product</a></div>
<div class="product"><a href="https://www.amazon.com/dp/B0CMZYY8CJ?tag=eloabder-20&linkCode=osi&th=1&psc=1"><img src="https://m.media-amazon.com/images/I/41TifSIP7SL._SL500_.jpg" alt="Product Image"></a><p>Ecoofor Blotting Paper for Flower Press, 20 Sheets Highly Absorbent and Reusable Blotter Paper for Flower Press Paper Craft 9 x 9 inch</p><p>$9.99</p><a href="https://www.amazon.com/dp/B0CMZYY8CJ?tag=eloabder-20&linkCode=osi&th=1&psc=1">View Product</a></div><div class="product"><a href="https://www.amazon.com/dp/B0CYRT3RM4?tag=eloabder-20&linkCode=osi&th=1&psc=1"><img src="https://m.media-amazon.com/images/I/31+qvVq3giL._SL500_.jpg" alt="Product Image"></a><p>Hygge & Sage Premium Natural Fiber Blotting Paper for Flower Press Art; 20 Large Sheets for a Press up to 8x11 Inches; Absorbent, Versatile, and Acid-Free Reusable Blotter Paper for Flower Pressing</p><p>$9.50 ($0.48 / Count)</p><a href="https://www.amazon.com/dp/B0CYRT3RM4?tag=eloabder-20&linkCode=osi&th=1&psc=1">View Product</a></div><div class="product"><a href="https://www.amazon.com/dp/B0D41GDLHM?tag=eloabder-20&linkCode=osi&th=1&psc=1"><img src="https://m.media-amazon.com/images/I/41LIF5dHXaL._SL500_.jpg" alt="Product Image"></a><p>Aboofx 20 Sheets Blotting Paper for Flower Press, 15" x 10" Extra Large Highly Absorbent Blotter Paper for Flower Press Reusable Herbarium Paper Craft Blotter Paper Sheets</p><p>$19.99</p><a href="https://www.amazon.com/dp/B0D41GDLHM?tag=eloabder-20&linkCode=osi&th=1&psc=1">View Product</a></div><div class="product"><a href="https://www.amazon.com/dp/B0CQMMYSBR?tag=eloabder-20&linkCode=osi&th=1&psc=1"><img src="https://m.media-amazon.com/images/I/413SlUi6IDL._SL500_.jpg" alt="Product Image"></a><p>Wisreach Blotting Paper for Flower Press, 20 Sheets Flower Press Paper Highly Absorbent and Reusable Blotter Paper for Flower Art A4 Size 8.26 x 11.4 inch</p><p>$9.99</p><a href="https://www.amazon.com/dp/B0CQMMYSBR?tag=eloabder-20&linkCode=osi&th=1&psc=1">View Product</a></div><div class="product"><a href="https://www.amazon.com/dp/B093FQ22PG?tag=eloabder-20&linkCode=osi&th=1&psc=1"><img src="https://m.media-amazon.com/images/I/41B2jXhe+QL._SL500_.jpg" alt="Product Image"></a><p>Blotting Paper for Flower Press by Berstuk® • Large A4 Flower Press Paper • Highly Absorbent and Reusable Herbarium Paper • Pack of 10 Blotter Paper Sheets</p><p>$6.99 ($69.90 / 100 Sheets)</p><a href="https://www.amazon.com/dp/B093FQ22PG?tag=eloabder-20&linkCode=osi&th=1&psc=1">View Product</a></div><div class="product"><a href="https://www.amazon.com/dp/B0C6PW4VGB?tag=eloabder-20&linkCode=osi&th=1&psc=1"><img src="https://m.media-amazon.com/images/I/21C64VB3iVL._SL500_.jpg" alt="Product Image"></a><p>PATIKIL 16"x12" Flower Press Paper, 1 Set/30 Sheet Refill Lining Blotter Paper Absorbent Reusable Blotting Paper for DIY Art Handicraft Scrapbook</p><p>$11.19</p><a href="https://www.amazon.com/dp/B0C6PW4VGB?tag=eloabder-20&linkCode=osi&th=1&psc=1">View Product</a></div><div class="product"><a href="https://www.amazon.com/dp/B0C6PTK915?tag=eloabder-20&linkCode=osi&th=1&psc=1"><img src="https://m.media-amazon.com/images/I/21UviFCGjtL._SL500_.jpg" alt="Product Image"></a><p>PATIKIL 12"x8" Flower Press Paper, 2 Set/60 Sheet Refill Lining Blotter Paper Absorbent Reusable Blotting Paper for DIY Art Handicraft Scrapbook</p><p>$13.69</p><a href="https://www.amazon.com/dp/B0C6PTK915?tag=eloabder-20&linkCode=osi&th=1&psc=1">View Product</a></div><div class="product"><a href="https://www.amazon.com/dp/B0CDJZ4MD7?tag=eloabder-20&linkCode=osi&th=1&psc=1"><img src="https://m.media-amazon.com/images/I/41iwkW+QQOL._SL500_.jpg" alt="Product Image"></a><p>30 PCS Blotting Paper for Flower Press Large A4 Flower Press Paper Highly Absorbent and Reusable Blotter Paper Refill Lining Paper for Flower Press Art Craft Scrapbook Making, 11.8 x 7.9 Inches Blue</p><p>$9.99</p><a href="https://www.amazon.com/dp/B0CDJZ4MD7?tag=eloabder-20&linkCode=osi&th=1&psc=1">View Product</a></div>

<div class="product"><a href="https://www.amazon.com/dp/B0D2T4F1DZ?tag=eloabder-20&linkCode=osi&th=1&psc=1"><img src="https://m.media-amazon.com/images/I/41KNcatyBWL._SL500_.jpg" alt="Product Image"></a><p>10pcs Book Cloth,14”x10”,Fabric Surface and Paper Backed, book cloth for book binding,book binding fabric,5 Colors Bookbinding Cloth for DIY fabric book cover,bookbinding paper (Style B)</p><p>$9.99</p><a href="https://www.amazon.com/dp/B0D2T4F1DZ?tag=eloabder-20&linkCode=osi&th=1&psc=1">View Product</a></div><div class="product"><a href="https://www.amazon.com/dp/B0CMD2LWR8?tag=eloabder-20&linkCode=osi&th=1&psc=1"><img src="https://m.media-amazon.com/images/I/31QVUZVSB+L._SL500_.jpg" alt="Product Image"></a><p>Mozeat Lens 33 ft Bookbinding Tape Book Tape Repair Book Binding Tape Cloth Book Repair Kit 2 Inch Wide Book Spine Tape Cloth Bookbinding Repair Tape White Book Tape for Reinforcing Book Spine Tape</p><p>$7.99</p><a href="https://www.amazon.com/dp/B0CMD2LWR8?tag=eloabder-20&linkCode=osi&th=1&psc=1">View Product</a></div><div class="product"><a href="https://www.amazon.com/dp/B0D1KC168C?tag=eloabder-20&linkCode=osi&th=1&psc=1"><img src="https://m.media-amazon.com/images/I/31wWgk-1V4L._SL500_.jpg" alt="Product Image"></a><p>AKONEGE Book Cloth for Book Binding 35 x 16 Inch Fabric Surface and Paper Backed, Strong, Easy to Use, Fabric Materials Bookbinding Supplies Bookcloth for Scrapbooking Album DIY Crafts, Black</p><p>$9.99</p><a href="https://www.amazon.com/dp/B0D1KC168C?tag=eloabder-20&linkCode=osi&th=1&psc=1">View Product</a></div><div class="product"><a href="https://www.amazon.com/dp/B0BC48CCWW?tag=eloabder-20&linkCode=osi&th=1&psc=1"><img src="https://m.media-amazon.com/images/I/41vTc+L-XyL._SL500_.jpg" alt="Product Image"></a><p>Wooqu Book Cloth, Fabric Surface and Paper Backed, Easy to Use, Strong, 17x29”, for Book Binding, Dark Green</p><p>$13.99</p><a href="https://www.amazon.com/dp/B0BC48CCWW?tag=eloabder-20&linkCode=osi&th=1&psc=1">View Product</a></div><div class="product"><a href="https://www.amazon.com/dp/B00W3S7LU4?tag=eloabder-20&linkCode=osi&th=1&psc=1"><img src="https://m.media-amazon.com/images/I/41mUL1LmSHS._SL500_.jpg" alt="Product Image"></a><p>BookGuard 2 inch Premium Bookbinding Repair Cloth Tape, 15 Yard Roll Burgundy</p><p>$14.95</p><a href="https://www.amazon.com/dp/B00W3S7LU4?tag=eloabder-20&linkCode=osi&th=1&psc=1">View Product</a></div>

<div class="product"><a href="https://www.amazon.com/dp/B08217DGL7?tag=eloabder-20&linkCode=osi&th=1&psc=1"><img src="https://m.media-amazon.com/images/I/51Gy-qfph7L._SL500_.jpg" alt="Product Image"></a><p>24 Colors Waxed Thread, Leather Sewing Thread,Hand Stitching Thread for Hand Sewing Leather and Bookbinding, 13Yards Per Color</p><p>$11.99 ($0.01 / Foot)</p><a href="https://www.amazon.com/dp/B08217DGL7?tag=eloabder-20&linkCode=osi&th=1&psc=1">View Product</a></div><div class="product"><a href="https://www.amazon.com/dp/B08GCHJ3FP?tag=eloabder-20&linkCode=osi&th=1&psc=1"><img src="https://m.media-amazon.com/images/I/41TK-XNxTFL._SL500_.jpg" alt="Product Image"></a><p>FANDOL 100% Natural Linen Thread Waxed thread for Bookbingding, Leather Sewing, Beading or Macrame (Natural)</p><p>$14.98</p><a href="https://www.amazon.com/dp/B08GCHJ3FP?tag=eloabder-20&linkCode=osi&th=1&psc=1">View Product</a></div><div class="product"><a href="https://www.amazon.com/dp/B0025U108E?tag=eloabder-20&linkCode=osi&th=1&psc=1"><img src="https://m.media-amazon.com/images/I/4172yrURiVL._SL500_.jpg" alt="Product Image"></a><p>Books by Hand Linen Thread, Archival Quality Natural Unbleached and Unwaxed, 50 Yards 35/3 Gauge, Ideal for Bookbinding and Sewing Signatures</p><p>$9.47</p><a href="https://www.amazon.com/dp/B0025U108E?tag=eloabder-20&linkCode=osi&th=1&psc=1">View Product</a></div><div class="product"><a href="https://www.amazon.com/dp/B08S78KLRN?tag=eloabder-20&linkCode=osi&th=1&psc=1"><img src="https://m.media-amazon.com/images/I/413NGMtJdrL._SL500_.jpg" alt="Product Image"></a><p>Jupean Waxed Thread, 150m /164Yards Beige Leather Waxed Thread, Leather Sewing Thread, Hand Stitching Thread for Hand Sewing Leather, Bookbinding, and Beginners Leather Craft DIY</p><p>$6.49 ($0.01 / Foot)</p><a href="https://www.amazon.com/dp/B08S78KLRN?tag=eloabder-20&linkCode=osi&th=1&psc=1">View Product</a></div><div class="product"><a href="https://www.amazon.com/dp/B015D9E6UM?tag=eloabder-20&linkCode=osi&th=1&psc=1"><img src="https://m.media-amazon.com/images/I/51VnWPI+Q5L._SL500_.jpg" alt="Product Image"></a><p>Lineco, Natural Waxed Linen Thread 20 Yards, Books by Hand Natural, Black, Brown Color for Sewing, Bookbinding (3/Pkg)</p><p>$13.77</p><a href="https://www.amazon.com/dp/B015D9E6UM?tag=eloabder-20&linkCode=osi&th=1&psc=1">View Product</a></div>
<div class="product"><a href="https://www.amazon.com/dp/B0CMD53C1C?tag=eloabder-20&linkCode=osi&th=1&psc=1"><img src="https://m.media-amazon.com/images/I/31dU4wqS0rL._SL500_.jpg" alt="Product Image"></a><p>5-in-1 Bookbinding Kit,Book Cover Guide, Bookbinding Cover Tool, Stainless Steel Book Binding Kit, Bookbinding Ruler, Scrapbooking Tools for Making Book Cover Chipboard Covers Album Planner</p><p>$7.88</p><a href="https://www.amazon.com/dp/B0CMD53C1C?tag=eloabder-20&linkCode=osi&th=1&psc=1">View Product</a></div>
<div class="product"><a href="https://www.amazon.com/dp/B007TIEG6U?tag=eloabder-20&linkCode=osi&th=1&psc=1"><img src="https://m.media-amazon.com/images/I/31d6r6R5lGL._SL500_.jpg" alt="Product Image"></a><p>Handy Art Empty 2 ounce Marker Bottle, Dauber Tip and Cap, 12-Each (900-003) , White</p><p>$23.12 ($1.93 / Count)</p><a href="https://www.amazon.com/dp/B007TIEG6U?tag=eloabder-20&linkCode=osi&th=1&psc=1">View Product</a></div>
<div class="product"><a href="https://www.amazon.com/dp/B07YDNKSH6?tag=eloabder-20&linkCode=osi&th=1&psc=1"><img src="https://m.media-amazon.com/images/I/41JGrHa7mSL._SL500_.jpg" alt="Product Image"></a><p>4-Inch Rubber Brayer Roller for Printmaking, Great for Gluing Application Also. (Original Version)</p><p>$6.99</p><a href="https://www.amazon.com/dp/B07YDNKSH6?tag=eloabder-20&linkCode=osi&th=1&psc=1">View Product</a></div>
<div class="product"><a href="https://www.amazon.com/dp/B005U7BNPE?tag=eloabder-20&linkCode=osi&th=1&psc=1"><img src="https://m.media-amazon.com/images/I/418YfTClSxL._SL500_.jpg" alt="Product Image"></a><p>Apple Barrel Acrylic Paint in Assorted Colors (2 oz), 20513, Bright Yellow</p><p>$0.58 ($0.29 / Fl Oz)</p><a href="https://www.amazon.com/dp/B005U7BNPE?tag=eloabder-20&linkCode=osi&th=1&psc=1">View Product</a></div><div class="product"><a href="https://www.amazon.com/dp/B099DWCRZ5?tag=eloabder-20&linkCode=osi&th=1&psc=1"><img src="https://m.media-amazon.com/images/I/41rr5hT-8TL._SL500_.jpg" alt="Product Image"></a><p>milo Fluorescent Acrylic Paint Set of 6 Colors | 4 oz Bottles | Student Neon Colors Acrylics Painting Pack | Made in the USA | Non-Toxic Art & Craft Paints for Artists, Kids, & Hobby Painters</p><p>$22.90 ($0.95 / Fl Oz)</p><a href="https://www.amazon.com/dp/B099DWCRZ5?tag=eloabder-20&linkCode=osi&th=1&psc=1">View Product</a></div><div class="product"><a href="https://www.amazon.com/dp/B07ZPPPWPL?tag=eloabder-20&linkCode=osi&th=1&psc=1"><img src="https://m.media-amazon.com/images/I/51Vqk2rrZwL._SL500_.jpg" alt="Product Image"></a><p>Apple Barrel, Pastel Dreams & Vivid Wonders Collection Acrylic Craft Paint, PROMOTCK, 2 fl oz each, 18 assorted matte colors, 18 count</p><p>$22.66 ($0.63 / Fl Oz)</p><a href="https://www.amazon.com/dp/B07ZPPPWPL?tag=eloabder-20&linkCode=osi&th=1&psc=1">View Product</a></div><div class="product"><a href="https://www.amazon.com/dp/B0CKQR52XC?tag=eloabder-20&linkCode=osi&th=1&psc=1"><img src="https://m.media-amazon.com/images/I/51WTPlhN2WL._SL500_.jpg" alt="Product Image"></a><p>ARTME Glow in The Dark Paint, 10 Bright Colors 60ml/2oz Blacklight Paint Set, Neon Craft Paint, Acrylic Glow Fluorescent Paint Perfect for Art Painting, DIY projects, Halloween and Christmas</p><p>$23.99 ($1.20 / Fl Oz)</p><a href="https://www.amazon.com/dp/B0CKQR52XC?tag=eloabder-20&linkCode=osi&th=1&psc=1">View Product</a></div><div class="product"><a href="https://www.amazon.com/dp/B09XXHBL3Y?tag=eloabder-20&linkCode=osi&th=1&psc=1"><img src="https://m.media-amazon.com/images/I/51taBeDdeIL._SL500_.jpg" alt="Product Image"></a><p>Fantastory Glow in the Dark Acrylic Paint, 10 Extra Bright Colors, 30ml/1oz Waterproof Glow in Dark Paint,Indoor Outdoor Blacklight Paint for Kids,Adults, Rocks,Walls,Halloween,Craft &Fabric</p><p>$9.99 ($1.00 / Fl Oz)</p><a href="https://www.amazon.com/dp/B09XXHBL3Y?tag=eloabder-20&linkCode=osi&th=1&psc=1">View Product</a></div><div class="product"><a href="https://www.amazon.com/dp/B0BS3JM8ZR?tag=eloabder-20&linkCode=osi&th=1&psc=1"><img src="https://m.media-amazon.com/images/I/51S8FteGgPL._SL500_.jpg" alt="Product Image"></a><p>Acrylic Paint, Shuttle Art 24 Colors Acrylic Paint Bottle Set, 250ml/8.45oz Each, Rich Pigments, High Viscosity, Bulk Paint for Artists, Beginners and Kids Painting on Rocks Crafts Canvas Wood Ceramic</p><p>$49.99 ($0.25 / Fl Oz)</p><a href="https://www.amazon.com/dp/B0BS3JM8ZR?tag=eloabder-20&linkCode=osi&th=1&psc=1">View Product</a></div><div class="product"><a href="https://www.amazon.com/dp/B00CIW3EDI?tag=eloabder-20&linkCode=osi&th=1&psc=1"><img src="https://m.media-amazon.com/images/I/41PMnxyBo5L._SL500_.jpg" alt="Product Image"></a><p>FolkArt Multi-Surface Acrylic Paint in Assorted Colors (2 oz), 2896, Bright Pink</p><p>$1.47 ($0.74 / Fl Oz)</p><a href="https://www.amazon.com/dp/B00CIW3EDI?tag=eloabder-20&linkCode=osi&th=1&psc=1">View Product</a></div><div class="product"><a href="https://www.amazon.com/dp/B085ZB5ZK9?tag=eloabder-20&linkCode=osi&th=1&psc=1"><img src="https://m.media-amazon.com/images/I/51nmRq1eicL._SL500_.jpg" alt="Product Image"></a><p>FolkArt 4 Bottle Multi-Surface Acrylic Paint Set, 2oz, Neon Blacklight Colors</p><p>$8.12 ($1.02 / Fl Oz)</p><a href="https://www.amazon.com/dp/B085ZB5ZK9?tag=eloabder-20&linkCode=osi&th=1&psc=1">View Product</a></div><div class="product"><a href="https://www.amazon.com/dp/B08N585VN5?tag=eloabder-20&linkCode=osi&th=1&psc=1"><img src="https://m.media-amazon.com/images/I/51nwFBdxwVL._SL500_.jpg" alt="Product Image"></a><p>Acrylic Paint Set Value Pack of 12 Colors | Craft Painting Kit with 2 oz Squeeze Bottles for Beginners, Artists, Professionals | Non-Toxic Water Based Paints for Canvas, Paper, Wood | Bright Hues</p><p>$11.99 ($0.50 / Fl Oz)</p><a href="https://www.amazon.com/dp/B08N585VN5?tag=eloabder-20&linkCode=osi&th=1&psc=1">View Product</a></div>
<div class="product"><a href="https://www.amazon.com/dp/B0009RRT9Y?tag=eloabder-20&linkCode=osi&th=1&psc=1"><img src="https://m.media-amazon.com/images/I/51ZhyYPOB5L._SL500_.jpg" alt="Product Image"></a><p>General Pencil Company The Masters Brush Cleaner & Preserver 2.5 0z.</p><p>$12.00</p><a href="https://www.amazon.com/dp/B0009RRT9Y?tag=eloabder-20&linkCode=osi&th=1&psc=1">View Product</a></div><div class="product"><a href="https://www.amazon.com/dp/B00F38YVQS?tag=eloabder-20&linkCode=osi&th=1&psc=1"><img src="https://m.media-amazon.com/images/I/51yjmSTzzML._SL500_.jpg" alt="Product Image"></a><p>B & J Original Brush Cleaner - 2.5 Oz/12ct Display</p><p>$12.77</p><a href="https://www.amazon.com/dp/B00F38YVQS?tag=eloabder-20&linkCode=osi&th=1&psc=1">View Product</a></div><div class="product"><a href="https://www.amazon.com/dp/B004BN7QQ8?tag=eloabder-20&linkCode=osi&th=1&psc=1"><img src="https://m.media-amazon.com/images/I/31fEWB-h4VL._SL500_.jpg" alt="Product Image"></a><p>Winsor & Newton Brush Cleaner & Restorer, 16.0-oz Bottle</p><p>$21.87 ($1.37 / Fl Oz)</p><a href="https://www.amazon.com/dp/B004BN7QQ8?tag=eloabder-20&linkCode=osi&th=1&psc=1">View Product</a></div><div class="product"><a href="https://www.amazon.com/dp/B09NCHL2LM?tag=eloabder-20&linkCode=osi&th=1&psc=1"><img src="https://m.media-amazon.com/images/I/31UzwasdL6L._SL500_.jpg" alt="Product Image"></a><p>U.S. Art Supply Brush Cleaner and Restorer, 4 Ounce Bottle - Quickly Cleans Paint Brushes, Airbrushes, Art Tools - Cleaning Solution to Remove Dried On Acrylic, Oil and Water-Based Paint Colors</p><p>$8.99 ($2.25 / Fl Oz)</p><a href="https://www.amazon.com/dp/B09NCHL2LM?tag=eloabder-20&linkCode=osi&th=1&psc=1">View Product</a></div><div class="product"><a href="https://www.amazon.com/dp/B09J8L55SK?tag=eloabder-20&linkCode=osi&th=1&psc=1"><img src="https://m.media-amazon.com/images/I/41qgWS2nSsL._SL500_.jpg" alt="Product Image"></a><p>Green Piece® Paint Brush Cleaner and Restorer for Art Paint Brushes - 100% Natural - Non-Toxic - Wet or Dry Paint - No Chemicals - Oil or Acrylic Paints, Wood and Metal - Amazing Power - 18 Oz</p><p>$19.88</p><a href="https://www.amazon.com/dp/B09J8L55SK?tag=eloabder-20&linkCode=osi&th=1&psc=1">View Product</a></div><div class="product"><a href="https://www.amazon.com/dp/B0027A79I2?tag=eloabder-20&linkCode=osi&th=1&psc=1"><img src="https://m.media-amazon.com/images/I/31J6S+mCjuL._SL500_.jpg" alt="Product Image"></a><p>Pink Soap 12-Ounce Paint Brush Cleaner and Conditioner, Solution Cleans and Restores, Removes Dried Paint on Airbrushes and Other Artist Tools & Supplies</p><p>$15.49 ($1.29 / Fl Oz)</p><a href="https://www.amazon.com/dp/B0027A79I2?tag=eloabder-20&linkCode=osi&th=1&psc=1">View Product</a></div><div class="product"><a href="https://www.amazon.com/dp/B0027AEANE?tag=eloabder-20&linkCode=osi&th=1&psc=1"><img src="https://m.media-amazon.com/images/I/51bHOLU1pVL._SL500_.jpg" alt="Product Image"></a><p>General Pencil General 105-BP Pencil Masters Brush Cleaner & Preserver, 1 Pack, Clear</p><p>$9.99 ($4.00 / Ounce)</p><a href="https://www.amazon.com/dp/B0027AEANE?tag=eloabder-20&linkCode=osi&th=1&psc=1">View Product</a></div>

<div class="product"><a href="https://www.amazon.com/dp/B00N9UUWLA?tag=eloabder-20&linkCode=osi&th=1&psc=1"><img src="https://m.media-amazon.com/images/I/41be4n09wZL._SL500_.jpg" alt="Product Image"></a><p>Pentel Arts Portable Pocket Brush Pen (Medium Point), 1Pen & 2Refills</p><p>$7.00</p><a href="https://www.amazon.com/dp/B00N9UUWLA?tag=eloabder-20&linkCode=osi&th=1&psc=1">View Product</a></div><div class="product"><a href="https://www.amazon.com/dp/B07DQ4292Y?tag=eloabder-20&linkCode=osi&th=1&psc=1"><img src="https://m.media-amazon.com/images/I/41-kgHpaPvL._SL500_.jpg" alt="Product Image"></a><p>Tombow 62039 Fudenosuke Brush Pens, 3-Pack. Soft, Hard, and Twin Tip Markers for Calligraphy and Art Drawings</p><p>$7.59 ($2.53 / Count)</p><a href="https://www.amazon.com/dp/B07DQ4292Y?tag=eloabder-20&linkCode=osi&th=1&psc=1">View Product</a></div><div class="product"><a href="https://www.amazon.com/dp/B0995FNMKW?tag=eloabder-20&linkCode=osi&th=1&psc=1"><img src="https://m.media-amazon.com/images/I/51kpGsTNvlL._SL500_.jpg" alt="Product Image"></a><p>WRITECH Arts Sign Brush Pen Brush Tip Marker Felt Tip Water Based Ink Color Pens 12 Assorted Vintage Colors Great for Lettering Journaling Calligraphy (Vintage)</p><p>$13.99 ($1.17 / Count)</p><a href="https://www.amazon.com/dp/B0995FNMKW?tag=eloabder-20&linkCode=osi&th=1&psc=1">View Product</a></div><div class="product"><a href="https://www.amazon.com/dp/B07H89R749?tag=eloabder-20&linkCode=osi&th=1&psc=1"><img src="https://m.media-amazon.com/images/I/51nTGZ-eAsL._SL500_.jpg" alt="Product Image"></a><p>Tombow Fudenosuke Brush Pen - Hard - 10 Colors Set (WS-BH10C)</p><p>$11.73</p><a href="https://www.amazon.com/dp/B07H89R749?tag=eloabder-20&linkCode=osi&th=1&psc=1">View Product</a></div><div class="product"><a href="https://www.amazon.com/dp/B002PIFTRE?tag=eloabder-20&linkCode=osi&th=1&psc=1"><img src="https://m.media-amazon.com/images/I/41IVnNPD1hL._SL500_.jpg" alt="Product Image"></a><p>Pentel Color Brush Pen, Black (GFLBP101)</p><p>$7.89</p><a href="https://www.amazon.com/dp/B002PIFTRE?tag=eloabder-20&linkCode=osi&th=1&psc=1">View Product</a></div>
<div class="product"><a href="https://www.amazon.com/dp/B0CLLSY2BT?tag=eloabder-20&linkCode=osi&th=1&psc=1"><img src="https://m.media-amazon.com/images/I/51sQM3lrN9L._SL500_.jpg" alt="Product Image"></a><p>CUGEBANNA Paint Brush Washer,Airtight Stainless Steel Brush Cleaner for Oil Painting Acrylic,Brush Washer with Cleaning Beads and Wringer</p><p>$22.99</p><a href="https://www.amazon.com/dp/B0CLLSY2BT?tag=eloabder-20&linkCode=osi&th=1&psc=1">View Product</a></div><div class="product"><a href="https://www.amazon.com/dp/B013PB35N4?tag=eloabder-20&linkCode=osi&th=1&psc=1"><img src="https://m.media-amazon.com/images/I/419miJHrhtL._SL500_.jpg" alt="Product Image"></a><p>US Art Supply Deluxe Brush Cleaner-Brush Washer with Wash Tank</p><p>$18.99</p><a href="https://www.amazon.com/dp/B013PB35N4?tag=eloabder-20&linkCode=osi&th=1&psc=1">View Product</a></div>
<div class="product"><a href="https://www.amazon.com/dp/B07GH7WGC3?tag=eloabder-20&linkCode=osi&th=1&psc=1"><img src="https://m.media-amazon.com/images/I/51vzX1OZI6L._SL500_.jpg" alt="Product Image"></a><p>BOSOBO Paint Brushes Set, 2 Pack 20 Pcs Round-Pointed Tip Paintbrushes Nylon Hair Artist Acrylic Paint Brushes for Acrylic Oil Watercolor, Face Nail Art, Miniature Detailing & Rock Painting, Blue</p><p>$7.49 ($0.37 / Count)</p><a href="https://www.amazon.com/dp/B07GH7WGC3?tag=eloabder-20&linkCode=osi&th=1&psc=1">View Product</a></div><div class="product"><a href="https://www.amazon.com/dp/B078XJ2DCJ?tag=eloabder-20&linkCode=osi&th=1&psc=1"><img src="https://m.media-amazon.com/images/I/616oHEXPN1S._SL500_.jpg" alt="Product Image"></a><p>Pro Grade - Chip Paint Brushes - 36-Pack - 2 Inch Chip Brush for Paints, Stains, Varnishes, Glues, & Gesso</p><p>$17.99</p><a href="https://www.amazon.com/dp/B078XJ2DCJ?tag=eloabder-20&linkCode=osi&th=1&psc=1">View Product</a></div>

<div class="product"><a href="https://www.amazon.com/dp/B000YQJVFA?tag=eloabder-20&linkCode=osi&th=1&psc=1"><img src="https://m.media-amazon.com/images/I/51so-OSRt+L._SL500_.jpg" alt="Product Image"></a><p>Winsor & Newton Calligraphy Ink, 30ml (1-oz) Bottle, Black</p><p>$10.07 ($10.07 / Count)</p><a href="https://www.amazon.com/dp/B000YQJVFA?tag=eloabder-20&linkCode=osi&th=1&psc=1">View Product</a></div><div class="product"><a href="https://www.amazon.com/dp/B0026SBYUE?tag=eloabder-20&linkCode=osi&th=1&psc=1"><img src="https://m.media-amazon.com/images/I/412Ga9k1q8L._SL500_.jpg" alt="Product Image"></a><p>Higgins Black Calligraphy Ink, 2.5 Ounce Bottle (44314)</p><p>$5.99</p><a href="https://www.amazon.com/dp/B0026SBYUE?tag=eloabder-20&linkCode=osi&th=1&psc=1">View Product</a></div><div class="product"><a href="https://www.amazon.com/dp/B0CXDBD77N?tag=eloabder-20&linkCode=osi&th=1&psc=1"><img src="https://m.media-amazon.com/images/I/41x1EZv3P3L._SL500_.jpg" alt="Product Image"></a><p>SEAMEW 250 ML/8.8 OZ Calligraphy and Sumi Liquid Ink - Versatile Elegance for Chinese Traditional Art Works and Japanese Brush Art</p><p>$11.49</p><a href="https://www.amazon.com/dp/B0CXDBD77N?tag=eloabder-20&linkCode=osi&th=1&psc=1">View Product</a></div><div class="product"><a href="https://www.amazon.com/dp/B0CR3ML8VS?tag=eloabder-20&linkCode=osi&th=1&psc=1"><img src="https://m.media-amazon.com/images/I/41fLIKySQZL._SL500_.jpg" alt="Product Image"></a><p>Hmayart Prepared Super Thick Liquid Black Ink for Japanese Brush Calligraphy & Chinese Traditional Artworks (MZ010 250g)</p><p>$11.99</p><a href="https://www.amazon.com/dp/B0CR3ML8VS?tag=eloabder-20&linkCode=osi&th=1&psc=1">View Product</a></div><div class="product"><a href="https://www.amazon.com/dp/B0039OQ0J4?tag=eloabder-20&linkCode=osi&th=1&psc=1"><img src="https://m.media-amazon.com/images/I/41RRlR55P9L._SL500_.jpg" alt="Product Image"></a><p>Daiso Sumi Calligraphy Liquid Ink in a 180ml Bottle (Japan Import)</p><p>$8.99</p><a href="https://www.amazon.com/dp/B0039OQ0J4?tag=eloabder-20&linkCode=osi&th=1&psc=1">View Product</a></div><div class="product"><a href="https://www.amazon.com/dp/B074KJ289G?tag=eloabder-20&linkCode=osi&th=1&psc=1"><img src="https://m.media-amazon.com/images/I/41FZT3aCChL._SL500_.jpg" alt="Product Image"></a><p>Easyou Redstar Liquid Ink for Professioanl Traditional Calligraphy and Brush Painting Chinese Ink Liquid (Black&1pcs*180ML)</p><p>$10.99</p><a href="https://www.amazon.com/dp/B074KJ289G?tag=eloabder-20&linkCode=osi&th=1&psc=1">View Product</a></div><div class="product"><a href="https://www.amazon.com/dp/B07JYJ6C1W?tag=eloabder-20&linkCode=osi&th=1&psc=1"><img src="https://m.media-amazon.com/images/I/51IAnrWkw6L._SL500_.jpg" alt="Product Image"></a><p>MZ001 HmayartBlack Sumi Liquid Ink for Japanese Brush Calligraphy & Chinese Traditional Artworks 250ml (black)</p><p>$13.99</p><a href="https://www.amazon.com/dp/B07JYJ6C1W?tag=eloabder-20&linkCode=osi&th=1&psc=1">View Product</a></div><div class="product"><a href="https://www.amazon.com/dp/B0894L9M2C?tag=eloabder-20&linkCode=osi&th=1&psc=1"><img src="https://m.media-amazon.com/images/I/51H5LBUAZcL._SL500_.jpg" alt="Product Image"></a><p>24 Colors Calligraphy Ink Set, Calligraphy Fountain Glass Dip Pen Color Ink Caligrapher Pen Ink Bottle Set, Gold Powder Drawing Writing Art Ink with Gift Box - 24 x 7ml</p><p>$21.98</p><a href="https://www.amazon.com/dp/B0894L9M2C?tag=eloabder-20&linkCode=osi&th=1&psc=1">View Product</a></div><div class="product"><a href="https://www.amazon.com/dp/B0C49WVM7L?tag=eloabder-20&linkCode=osi&th=1&psc=1"><img src="https://m.media-amazon.com/images/I/41zxtjGWS1L._SL500_.jpg" alt="Product Image"></a><p>AOKUY 24 Colors Calligraphy Ink Set,Calligraphy Inks,Colorful Dip Pen Ink Set,Gold Powder Drawing Writing Art Ink with Gift Box</p><p>$16.99</p><a href="https://www.amazon.com/dp/B0C49WVM7L?tag=eloabder-20&linkCode=osi&th=1&psc=1">View Product</a></div>
<div class="product"><a href="https://www.amazon.com/dp/B0007ZJ8QU?tag=eloabder-20&linkCode=osi&th=1&psc=1"><img src="https://m.media-amazon.com/images/I/41vTwN7L9NL._SL500_.jpg" alt="Product Image"></a><p>Speedball C-Series Lettering Pen Set - 1 Penholder w/ 6 Nibs</p><p>$11.99</p><a href="https://www.amazon.com/dp/B0007ZJ8QU?tag=eloabder-20&linkCode=osi&th=1&psc=1">View Product</a></div><div class="product"><a href="https://www.amazon.com/dp/B003IGNH30?tag=eloabder-20&linkCode=osi&th=1&psc=1"><img src="https://m.media-amazon.com/images/I/412WGB9WzGL._SL500_.jpg" alt="Product Image"></a><p>Speedball 30710 10 Pen Nib Assorted Set</p><p>$21.99</p><a href="https://www.amazon.com/dp/B003IGNH30?tag=eloabder-20&linkCode=osi&th=1&psc=1">View Product</a></div><div class="product"><a href="https://www.amazon.com/dp/B0CQTCZRYC?tag=eloabder-20&linkCode=osi&th=1&psc=1"><img src="https://m.media-amazon.com/images/I/41+d7oXaTvL._SL500_.jpg" alt="Product Image"></a><p>10PCS Oblique Calligraphy Dip Pen Set Comic Pen Nib Set Fluid Writer Pen, 2-in-1 Drawing Pen Holder with 8 Pieces Stainless Steel Pen Replacement Nibs Nib for Writing, Painting, Signing, Sketch</p><p>$6.49</p><a href="https://www.amazon.com/dp/B0CQTCZRYC?tag=eloabder-20&linkCode=osi&th=1&psc=1">View Product</a></div><div class="product"><a href="https://www.amazon.com/dp/B000BYQLT4?tag=eloabder-20&linkCode=osi&th=1&psc=1"><img src="https://m.media-amazon.com/images/I/41Tmn+y1-xL._SL500_.jpg" alt="Product Image"></a><p>Speedball Calligraphy Pen Set - 1 Penholder w/ 4 Nibs, 2 Pen Tips</p><p>$13.99</p><a href="https://www.amazon.com/dp/B000BYQLT4?tag=eloabder-20&linkCode=osi&th=1&psc=1">View Product</a></div><div class="product"><a href="https://www.amazon.com/dp/B0B3CVPWMF?tag=eloabder-20&linkCode=osi&th=1&psc=1"><img src="https://m.media-amazon.com/images/I/41Zw4tqW+HL._SL500_.jpg" alt="Product Image"></a><p>Mewutal 2Pcs/Set Comic Pen Nib Set Pen Nibs Replacements for Calligraphy Manga Writing Painting(Pumpkin Head Nib)</p><p>$7.99</p><a href="https://www.amazon.com/dp/B0B3CVPWMF?tag=eloabder-20&linkCode=osi&th=1&psc=1">View Product</a></div><div class="product"><a href="https://www.amazon.com/dp/B0BVR4M5X4?tag=eloabder-20&linkCode=osi&th=1&psc=1"><img src="https://m.media-amazon.com/images/I/515TyiGpQKL._SL500_.jpg" alt="Product Image"></a><p>Wonwood_direct Calligraphy set, 7 Calligraphy Pens with Different Nibs and 40 Ink Cartridges in 13 Colors for Beginner Writing Drawing for Greeting Card Signature Calligraphy (Type 1)</p><p>$15.99</p><a href="https://www.amazon.com/dp/B0BVR4M5X4?tag=eloabder-20&linkCode=osi&th=1&psc=1">View Product</a></div><div class="product"><a href="https://www.amazon.com/dp/B0BGRM97MF?tag=eloabder-20&linkCode=osi&th=1&psc=1"><img src="https://m.media-amazon.com/images/I/41vB7fs3VbL._SL500_.jpg" alt="Product Image"></a><p>Gullor A Bunch of Nibs for Comic Dip Pen, Assorted Calligraphy Dip Pen Nibs, Various Sizes and Shapes, 33 Nibs in Box</p><p>$9.99</p><a href="https://www.amazon.com/dp/B0BGRM97MF?tag=eloabder-20&linkCode=osi&th=1&psc=1">View Product</a></div>
<div class="product"><a href="https://www.amazon.com/dp/B000KNNVX0?tag=eloabder-20&linkCode=osi&th=1&psc=1"><img src="https://m.media-amazon.com/images/I/51RAGoN6UsL._SL500_.jpg" alt="Product Image"></a><p>Strathmore STR- 50 Sheet Tape Bound Calligraphy Pad, 8.5 by 11", White</p><p>$7.83</p><a href="https://www.amazon.com/dp/B000KNNVX0?tag=eloabder-20&linkCode=osi&th=1&psc=1">View Product</a></div><div class="product"><a href="https://www.amazon.com/dp/B00PGBVNM2?tag=eloabder-20&linkCode=osi&th=1&psc=1"><img src="https://m.media-amazon.com/images/I/51VvCXPD-QL._SL500_.jpg" alt="Product Image"></a><p>U.S. Art Supply (Pack of 2 Pads) - 9" x 12" Premium Calligraphic Practice Paper Pad, 19 Pound Bond (70gsm), Pad of 50-Sheets, Calligraphy Paper with Printed Practice Rule and Slanted Grid</p><p>$12.99</p><a href="https://www.amazon.com/dp/B00PGBVNM2?tag=eloabder-20&linkCode=osi&th=1&psc=1">View Product</a></div><div class="product"><a href="https://www.amazon.com/dp/B0CQ1VTM1R?tag=eloabder-20&linkCode=osi&th=1&psc=1"><img src="https://m.media-amazon.com/images/I/31pMzPI5pdL._SL500_.jpg" alt="Product Image"></a><p>50 Sheets Watercolor Paper 8 x 6inch Deckled Edge Paper 190 GSM Rough/Textured Handmade Paper Cotton Paper White Textured Paper for Watercolor, Writing Calligraphy, Invitations, Letters</p><p>$12.99 ($0.26 / Count)</p><a href="https://www.amazon.com/dp/B0CQ1VTM1R?tag=eloabder-20&linkCode=osi&th=1&psc=1">View Product</a></div><div class="product"><a href="https://www.amazon.com/dp/B0CGHVSX6W?tag=eloabder-20&linkCode=osi&th=1&psc=1"><img src="https://m.media-amazon.com/images/I/41pAexcoWlL._SL500_.jpg" alt="Product Image"></a><p>KYMY Chinese/Japanese Calligraphy Paper 100PCS, Sumi/Rice Paper for Writing Painting Drawing Practice, Chinese Brush Ink Xuan Paper, Half Sheng Shu (Half Raw Ripe) (34 x 34 cm (13.38 x 13.38 Inch))</p><p>$10.99 ($0.11 / Count)</p><a href="https://www.amazon.com/dp/B0CGHVSX6W?tag=eloabder-20&linkCode=osi&th=1&psc=1">View Product</a></div>
<div class="product"><a href="https://www.amazon.com/dp/B08FCZC2R3?tag=eloabder-20&linkCode=osi&th=1&psc=1"><img src="https://m.media-amazon.com/images/I/51TWqPlqpfL._SL500_.jpg" alt="Product Image"></a><p>Craft 'n' Beyond Calligraphy Brush Pens Pack of 3 Small, Medium and Large Markers for Hand Lettering, Art Drawing, Sketching, Scrapbooking, Journaling - Beginner Kit with Fadeproof Black Ink</p><p>$5.49</p><a href="https://www.amazon.com/dp/B08FCZC2R3?tag=eloabder-20&linkCode=osi&th=1&psc=1">View Product</a></div><div class="product"><a href="https://www.amazon.com/dp/B0B67TWWDG?tag=eloabder-20&linkCode=osi&th=1&psc=1"><img src="https://m.media-amazon.com/images/I/5188ARIL9sL._SL500_.jpg" alt="Product Image"></a><p>Brusarth Calligraphy Pens, 8 Size Calligraphy Pens for Writing, Brush Pens Calligraphy Set for Beginners, Hand Lettering Pens, Brush Markers Set, Black Ink Drawing Pens</p><p>$8.95</p><a href="https://www.amazon.com/dp/B0B67TWWDG?tag=eloabder-20&linkCode=osi&th=1&psc=1">View Product</a></div><div class="product"><a href="https://www.amazon.com/dp/B000SHQFEA?tag=eloabder-20&linkCode=osi&th=1&psc=1"><img src="https://m.media-amazon.com/images/I/41sx3qStImL._SL500_.jpg" alt="Product Image"></a><p>edding 1255 calligraphy pen - black - 3 pens - calligraphy nib 2 - 5 mm - fibre pens for paper, wood, terracotta, canvas - hand lettering, bullet journals, thank you cards, calligraphy books</p><p>$6.50</p><a href="https://www.amazon.com/dp/B000SHQFEA?tag=eloabder-20&linkCode=osi&th=1&psc=1">View Product</a></div><div class="product"><a href="https://www.amazon.com/dp/B001DKJLEC?tag=eloabder-20&linkCode=osi&th=1&psc=1"><img src="https://m.media-amazon.com/images/I/41x7A8wo7YL._SL500_.jpg" alt="Product Image"></a><p>Speedball Elegant Writer Calligraphy 4 Marker Set, Black, 2.0 mm, 2.5 mm & 3.0 mm Chisel Nib Tip Pens for Drawing, Journaling, and Scrapbooking</p><p>$9.99 ($2.50 / Count)</p><a href="https://www.amazon.com/dp/B001DKJLEC?tag=eloabder-20&linkCode=osi&th=1&psc=1">View Product</a></div><div class="product"><a href="https://www.amazon.com/dp/B08RYWH185?tag=eloabder-20&linkCode=osi&th=1&psc=1"><img src="https://m.media-amazon.com/images/I/51GFkyfC3iL._SL500_.jpg" alt="Product Image"></a><p>Piochoo Calligraphy Pens,8 Size Calligraphy Pens for Writing,Brush Pens Calligraphy Set for Beginners, Hand Lettering Pens</p><p>$12.99</p><a href="https://www.amazon.com/dp/B08RYWH185?tag=eloabder-20&linkCode=osi&th=1&psc=1">View Product</a></div>
<div class="product"><a href="https://www.amazon.com/dp/B0C66K9NHR?tag=eloabder-20&linkCode=osi&th=1&psc=1"><img src="https://m.media-amazon.com/images/I/51As2T+7gzL._SL500_.jpg" alt="Product Image"></a><p>Calligraphy Kit for Beginners - Calligraphy Pen Set with Calligraphy Workbook</p><p>$26.89</p><a href="https://www.amazon.com/dp/B0C66K9NHR?tag=eloabder-20&linkCode=osi&th=1&psc=1">View Product</a></div><div class="product"><a href="https://www.amazon.com/dp/B081J6QLZN?tag=eloabder-20&linkCode=osi&th=1&psc=1"><img src="https://m.media-amazon.com/images/I/41lK2Gw0JZL._SL500_.jpg" alt="Product Image"></a><p>Trustela Calligraphy Set for Beginners, Dip Pen Set with 19 Nibs, Oblique Pen Holder, Wooden Pen Set</p><p>$21.99</p><a href="https://www.amazon.com/dp/B081J6QLZN?tag=eloabder-20&linkCode=osi&th=1&psc=1">View Product</a></div><div class="product"><a href="https://www.amazon.com/dp/B0BCVDNPRJ?tag=eloabder-20&linkCode=osi&th=1&psc=1"><img src="https://m.media-amazon.com/images/I/51J-hFN4AeL._SL500_.jpg" alt="Product Image"></a><p>GC QUILL Calligraphy Pens Set 64pcs - Calligraphy Fountain Pen Set with 3 Fountain Pens, 7 Varied Nibs, 54 Ink Cartridges(10 Colors) - Writing, Drawing and Calligraphy Practice for beginner GC-F354</p><p>$23.99</p><a href="https://www.amazon.com/dp/B0BCVDNPRJ?tag=eloabder-20&linkCode=osi&th=1&psc=1">View Product</a></div>
<div class="product"><a href="https://www.amazon.com/dp/B092Q8BQC1?tag=eloabder-20&linkCode=osi&th=1&psc=1"><img src="https://m.media-amazon.com/images/I/51gdXkGIguS._SL500_.jpg" alt="Product Image"></a><p>AIYNC Feather Calligraphy Pen Ink Set, Includes Quill Pen and Wooden Dip Pen, Ink,17 Replacement Nib, Pen Base, 3 Wax Seal Sticks, Stamp, White Wax, Spoon, Envelope Letter Paper, Envelope Tool(Green)</p><p>$22.99</p><a href="https://www.amazon.com/dp/B092Q8BQC1?tag=eloabder-20&linkCode=osi&th=1&psc=1">View Product</a></div>
<div class="product"><a href="https://www.amazon.com/dp/B09J228BSF?tag=eloabder-20&linkCode=osi&th=1&psc=1"><img src="https://m.media-amazon.com/images/I/61MByvIyHGL._SL500_.jpg" alt="Product Image"></a><p>Candle dye - 18 Colors Liquid Oil-Based dye for Candle Wax, Vivid Candle Color for DIY Candle Making, Highly Concentrate Natural Candle Color</p><p>$15.59 ($2.47 / Fl Oz)</p><a href="https://www.amazon.com/dp/B09J228BSF?tag=eloabder-20&linkCode=osi&th=1&psc=1">View Product</a></div><div class="product"><a href="https://www.amazon.com/dp/B06Y3T5RV4?tag=eloabder-20&linkCode=osi&th=1&psc=1"><img src="https://m.media-amazon.com/images/I/61yZyP8eZTL._SL500_.jpg" alt="Product Image"></a><p>Candle Dyes for Soy Candle Making - Wax Сolor Dye Color Chips for Soy Wax - 16 Popular Colors Wax Dye Flakes</p><p>$16.99 ($10.62 / Ounce)</p><a href="https://www.amazon.com/dp/B06Y3T5RV4?tag=eloabder-20&linkCode=osi&th=1&psc=1">View Product</a></div><div class="product"><a href="https://www.amazon.com/dp/B0CMCPGLQZ?tag=eloabder-20&linkCode=osi&th=1&psc=1"><img src="https://m.media-amazon.com/images/I/51G9e-Epa0L._SL500_.jpg" alt="Product Image"></a><p>Candle Dye - 12 Colors Wax Melt Dye for Candle Making, Oil-Based Dye for Wax, Highly Concentrate Liquid Candle Color Dye</p><p>$8.99</p><a href="https://www.amazon.com/dp/B0CMCPGLQZ?tag=eloabder-20&linkCode=osi&th=1&psc=1">View Product</a></div><div class="product"><a href="https://www.amazon.com/dp/B09GLMZ5PS?tag=eloabder-20&linkCode=osi&th=1&psc=1"><img src="https://m.media-amazon.com/images/I/51SCG6n6Y4L._SL500_.jpg" alt="Product Image"></a><p>OSBANG Oil-Based Candle Color Dye Non-Toxic Non-Irritating 20 Colors for DIY Candle Making Supplies - Vibrant Concentrated Candle Coloring for Soy Wax Dyes, Beeswax, Gel Wax, Candle Making Kit</p><p>$14.99 ($2.22 / Fl Oz)</p><a href="https://www.amazon.com/dp/B09GLMZ5PS?tag=eloabder-20&linkCode=osi&th=1&psc=1">View Product</a></div><div class="product"><a href="https://www.amazon.com/dp/B0C8D2X4F1?tag=eloabder-20&linkCode=osi&th=1&psc=1"><img src="https://m.media-amazon.com/images/I/51e0mqPDEJL._SL500_.jpg" alt="Product Image"></a><p>Candle Dye - 14 Colors Highly Concentrate Oil-Based Liquid Candle Dye Kit, Candle Dyes for Candle Making, Beeswax, Gel Wax, Paraffin Wax - Each 0.35 fl oz</p><p>$9.99</p><a href="https://www.amazon.com/dp/B0C8D2X4F1?tag=eloabder-20&linkCode=osi&th=1&psc=1">View Product</a></div>

<div class="product"><a href="https://www.amazon.com/dp/B0C6FHSQR7?tag=eloabder-20&linkCode=osi&th=1&psc=1"><img src="https://m.media-amazon.com/images/I/41hBOCPELBL._SL500_.jpg" alt="Product Image"></a><p>Mold Release, Silicone Mold Release Spray (16.9 fl oz / 500ml) Mold Release for Epoxy Resin and Candle Mold Release Spray (1 Pack Mega Size)</p><p>$9.99 ($0.59 / Fl Oz)</p><a href="https://www.amazon.com/dp/B0C6FHSQR7?tag=eloabder-20&linkCode=osi&th=1&psc=1">View Product</a></div>
<div class="product"><a href="https://www.amazon.com/dp/B015W8DWUO?tag=eloabder-20&linkCode=osi&th=1&psc=1"><img src="https://m.media-amazon.com/images/I/41umHqV4zhL._SL500_.jpg" alt="Product Image"></a><p>EricX Light 100 Piece Cotton Candle Wick 6" Pre-Waxed for Candle Making,Candle DIY</p><p>$5.35</p><a href="https://www.amazon.com/dp/B015W8DWUO?tag=eloabder-20&linkCode=osi&th=1&psc=1">View Product</a></div><div class="product"><a href="https://www.amazon.com/dp/B08XZB43NZ?tag=eloabder-20&linkCode=osi&th=1&psc=1"><img src="https://m.media-amazon.com/images/I/51cyFvwhpJL._SL500_.jpg" alt="Product Image"></a><p>Candle Wicks 100 Pcs 6 inch with 30Pcs Candle Wick Stickers and 10 Pcs Wooden Candle Wick Centering Device for Soy Beeswax Candle Making and Candle DIY</p><p>$4.99</p><a href="https://www.amazon.com/dp/B08XZB43NZ?tag=eloabder-20&linkCode=osi&th=1&psc=1">View Product</a></div><div class="product"><a href="https://www.amazon.com/dp/B084ZSZQ4T?tag=eloabder-20&linkCode=osi&th=1&psc=1"><img src="https://m.media-amazon.com/images/I/41vLRbXIHhL._SL500_.jpg" alt="Product Image"></a><p>Candle Wick,100 Piece Candle Wicks for Candle Making DIY, 6 Inch Pre-Waxed Cotton Wick with Tabs</p><p>$4.79</p><a href="https://www.amazon.com/dp/B084ZSZQ4T?tag=eloabder-20&linkCode=osi&th=1&psc=1">View Product</a></div><div class="product"><a href="https://www.amazon.com/dp/B097D7S6KB?tag=eloabder-20&linkCode=osi&th=1&psc=1"><img src="https://m.media-amazon.com/images/I/41jpnnrDAjL._SL500_.jpg" alt="Product Image"></a><p>CandMak Candle Wick Kit, 60 Cotton Candle Wicks with Candle Making Tools for Candle Making (Thick 4"+6"+8")</p><p>$5.99</p><a href="https://www.amazon.com/dp/B097D7S6KB?tag=eloabder-20&linkCode=osi&th=1&psc=1">View Product</a></div><div class="product"><a href="https://www.amazon.com/dp/B08DLSG8NW?tag=eloabder-20&linkCode=osi&th=1&psc=1"><img src="https://m.media-amazon.com/images/I/41QkciWLWjL._SL500_.jpg" alt="Product Image"></a><p>Bulk 6inch Candle Wicks 100 Pcs with 60Pcs Candle Wick Stickers and 10 Pcs Wooden Candle Wick Centering Device for Soy Beeswax Candle Making (6inch)</p><p>$5.45</p><a href="https://www.amazon.com/dp/B08DLSG8NW?tag=eloabder-20&linkCode=osi&th=1&psc=1">View Product</a></div><div class="product"><a href="https://www.amazon.com/dp/B08Z334W66?tag=eloabder-20&linkCode=osi&th=1&psc=1"><img src="https://m.media-amazon.com/images/I/51nsfCzAwwL._SL500_.jpg" alt="Product Image"></a><p>DINGPAI 100pcs Cotton Candle Wicks, 6 inches Low Smoke Pre-Waxed Candle Wicks for Candle Making, Candle DIY</p><p>$4.99</p><a href="https://www.amazon.com/dp/B08Z334W66?tag=eloabder-20&linkCode=osi&th=1&psc=1">View Product</a></div><div class="product"><a href="https://www.amazon.com/dp/B0BV1NCQ28?tag=eloabder-20&linkCode=osi&th=1&psc=1"><img src="https://m.media-amazon.com/images/I/41lmQ4K9ccL._SL500_.jpg" alt="Product Image"></a><p>Ziosxin 100pcs Smokeless Cherry Wood Candle Wicks, Long Lasting Flame, Easily Burn, Natural Candle Cores with Stand and Glue Dot, Warning Label for DIY Candle Making</p><p>$9.99</p><a href="https://www.amazon.com/dp/B0BV1NCQ28?tag=eloabder-20&linkCode=osi&th=1&psc=1">View Product</a></div><div class="product"><a href="https://www.amazon.com/dp/B08LPKTVZW?tag=eloabder-20&linkCode=osi&th=1&psc=1"><img src="https://m.media-amazon.com/images/I/41AtaynrIqL._SL500_.jpg" alt="Product Image"></a><p>BEADNOVA Candle Cotton Wicks 4 Inch 150pcs Short Candle Making Wicks Cotton Wicks for Candle Making DIY</p><p>$4.99</p><a href="https://www.amazon.com/dp/B08LPKTVZW?tag=eloabder-20&linkCode=osi&th=1&psc=1">View Product</a></div><div class="product"><a href="https://www.amazon.com/dp/B0925G2VBY?tag=eloabder-20&linkCode=osi&th=1&psc=1"><img src="https://m.media-amazon.com/images/I/51EzgDRsxoL._SL500_.jpg" alt="Product Image"></a><p>CHEFBEE 200 FT Organic Hemp Wick, Hemp Wick Well Coated Natural Beeswax for Hemp Wick Lighter or Candle Making, Slow Burn, No Dripping, Standard Size(1.1mm)</p><p>$6.99</p><a href="https://www.amazon.com/dp/B0925G2VBY?tag=eloabder-20&linkCode=osi&th=1&psc=1">View Product</a></div>
<div class="product"><a href="https://www.amazon.com/dp/B0BJZYCQV3?tag=eloabder-20&linkCode=osi&th=1&psc=1"><img src="https://m.media-amazon.com/images/I/41dS7xm9bKL._SL500_.jpg" alt="Product Image"></a><p>Simetufy Canvas Boards for Painting 12 Pack,8 x 10 Inch Painting Canvas Panels, Blank Canvas for Painting- Gesso Primed Acid-Free 100% Cotton for Acrylics Oil Watercolor Tempera Paints</p><p>$12.99</p><a href="https://www.amazon.com/dp/B0BJZYCQV3?tag=eloabder-20&linkCode=osi&th=1&psc=1">View Product</a></div><div class="product"><a href="https://www.amazon.com/dp/B085F4JH1H?tag=eloabder-20&linkCode=osi&th=1&psc=1"><img src="https://m.media-amazon.com/images/I/41l7Efp7ILL._SL500_.jpg" alt="Product Image"></a><p>KEFF Canvas Boards for Painting - 24 Pack - Art Supplies Paint Canvas 5x7, 8x10, 9x12, 11x14 Canvas Panels, 100% Cotton Pre-Primed Large Canvas for Painting Supplies, Acrylic, Oil, Watercolor, Tempera</p><p>$24.99</p><a href="https://www.amazon.com/dp/B085F4JH1H?tag=eloabder-20&linkCode=osi&th=1&psc=1">View Product</a></div><div class="product"><a href="https://www.amazon.com/dp/B0CMXFTNDC?tag=eloabder-20&linkCode=osi&th=1&psc=1"><img src="https://m.media-amazon.com/images/I/41WZD2Y6GfL._SL500_.jpg" alt="Product Image"></a><p>ESRICH Canvas Boards for Painting, 5 Pack Canvases for Painting 8x10 Cotton Primed Acid Free Blank Canvas Panels for Oil Paint, Watercolor, Acrylic Paint, Gouache and Tempera.</p><p>$5.99</p><a href="https://www.amazon.com/dp/B0CMXFTNDC?tag=eloabder-20&linkCode=osi&th=1&psc=1">View Product</a></div><div class="product"><a href="https://www.amazon.com/dp/B0C6LMPMPJ?tag=eloabder-20&linkCode=osi&th=1&psc=1"><img src="https://m.media-amazon.com/images/I/51QF5c5qRiL._SL500_.jpg" alt="Product Image"></a><p>Simetufy Canvas Boards for Painting 32 Pack, Paint Canvas Panels Set - 5x7, 8x10, 9x12, 11x14 Inches, Pre-Primed 100% Cotton Blank Canvases for Oil Acrylic Watercolor Pouring Paint for Kids & Artists</p><p>$24.99</p><a href="https://www.amazon.com/dp/B0C6LMPMPJ?tag=eloabder-20&linkCode=osi&th=1&psc=1">View Product</a></div><div class="product"><a href="https://www.amazon.com/dp/B0CSD8VYYM?tag=eloabder-20&linkCode=osi&th=1&psc=1"><img src="https://m.media-amazon.com/images/I/41PeXd8MwvL._SL500_.jpg" alt="Product Image"></a><p>4 Pack 11x14 Inch Canvas Boards for Painting, Blank Canvases for Painting,Triple Primed for Oil & Acrylic Paints,100% Cotton Canvas Panels for Acrylics Oil Watercolor Tempera Paints,3mm Thickness</p><p>$8.49</p><a href="https://www.amazon.com/dp/B0CSD8VYYM?tag=eloabder-20&linkCode=osi&th=1&psc=1">View Product</a></div><div class="product"><a href="https://www.amazon.com/dp/B0D59RDVM5?tag=eloabder-20&linkCode=osi&th=1&psc=1"><img src="https://m.media-amazon.com/images/I/519TRFsibfL._SL500_.jpg" alt="Product Image"></a><p>Paroto Canvas Boards for Painting 12 Pack, Multi-Size Painting Canvas Set 5x7, 8x10, 10x12, 12x16 Inches, 100% Cotton Blank Canvas Oil Acrylic Watercolor Pouring Paint for Kids, Beginners, Artists</p><p>$23.99</p><a href="https://www.amazon.com/dp/B0D59RDVM5?tag=eloabder-20&linkCode=osi&th=1&psc=1">View Product</a></div><div class="product"><a href="https://www.amazon.com/dp/B0CSD8YM4L?tag=eloabder-20&linkCode=osi&th=1&psc=1"><img src="https://m.media-amazon.com/images/I/41ZgWqkIMFL._SL500_.jpg" alt="Product Image"></a><p>4 Pack 8x10 Inch Canvas Boards for Painting, Blank Canvases for Painting,Triple Primed for Oil & Acrylic Paints, 100% Cotton Canvas Panels, 3mm Thickness</p><p>$3.99</p><a href="https://www.amazon.com/dp/B0CSD8YM4L?tag=eloabder-20&linkCode=osi&th=1&psc=1">View Product</a></div><div class="product"><a href="https://www.amazon.com/dp/B0CQFTW7MH?tag=eloabder-20&linkCode=osi&th=1&psc=1"><img src="https://m.media-amazon.com/images/I/41PiitKvQTL._SL500_.jpg" alt="Product Image"></a><p>Simetufy 4 Pack Canvas Boards for Painting 12x16 inch, Canvases for Painting, Gesso Primed Acid-Free 100% Cotton Large Canvas Panels for Acrylics Oil Watercolor Tempera Paints</p><p>$11.99</p><a href="https://www.amazon.com/dp/B0CQFTW7MH?tag=eloabder-20&linkCode=osi&th=1&psc=1">View Product</a></div>
<div class="product"><a href="https://www.amazon.com/dp/B07D6V7H85?tag=eloabder-20&linkCode=osi&th=1&psc=1"><img src="https://m.media-amazon.com/images/I/41EEPf6prIL._SL500_.jpg" alt="Product Image"></a><p>U.S. Art Supply 36" Wide x 6 Yards (18 Feet) Long Unstretched Canvas Roll - 100% Cotton, 12-Ounce Triple Primed Gesso, Acid-Free - Pro Artist Quality, Oil & Acrylic Painting, Murals Backdrop, Cut Size</p><p>$49.99</p><a href="https://www.amazon.com/dp/B07D6V7H85?tag=eloabder-20&linkCode=osi&th=1&psc=1">View Product</a></div><div class="product"><a href="https://www.amazon.com/dp/B0C98L44GG?tag=eloabder-20&linkCode=osi&th=1&psc=1"><img src="https://m.media-amazon.com/images/I/31gEyNH9+sL._SL500_.jpg" alt="Product Image"></a><p>Kinlop Double Primed Cotton Canvas White Canvas Roll for Oil and Acrylic Paint (20 Feet x 48 Inch)</p><p>$38.99</p><a href="https://www.amazon.com/dp/B0C98L44GG?tag=eloabder-20&linkCode=osi&th=1&psc=1">View Product</a></div><div class="product"><a href="https://www.amazon.com/dp/B0CLSXCD1W?tag=eloabder-20&linkCode=osi&th=1&psc=1"><img src="https://m.media-amazon.com/images/I/414jbnjcrQL._SL500_.jpg" alt="Product Image"></a><p>U.S. Art Supply 10-Ounce Unprimed 63" Wide x 2 Yards (6 Feet) Long Heavyweight Unstretched Canvas Roll - 100% Cotton, Woven - Oil & Acrylic Painting, Murals, Backdrop - Cut To Stretcher Bar Frame Size</p><p>$24.99</p><a href="https://www.amazon.com/dp/B0CLSXCD1W?tag=eloabder-20&linkCode=osi&th=1&psc=1">View Product</a></div><div class="product"><a href="https://www.amazon.com/dp/B09MCHDSPR?tag=eloabder-20&linkCode=osi&th=1&psc=1"><img src="https://m.media-amazon.com/images/I/41S+37Lx2wL._SL500_.jpg" alt="Product Image"></a><p>100% Natural Cotton 7 oz Canvas Fabric (Duck), 63 Inches Wide X 3 Yards Long</p><p>$29.95</p><a href="https://www.amazon.com/dp/B09MCHDSPR?tag=eloabder-20&linkCode=osi&th=1&psc=1">View Product</a></div><div class="product"><a href="https://www.amazon.com/dp/B07VX9TLM1?tag=eloabder-20&linkCode=osi&th=1&psc=1"><img src="https://m.media-amazon.com/images/I/41-bqGVrblL._SL500_.jpg" alt="Product Image"></a><p>Premium Polyster Matte Canvas Roll, Quick Dry, Wide Format Inkjet Printer Compatible, Perfect for Fine Art, Photography, Giclée Printing, Archival Quality Prints. (24"x60' 290gsm Polyester)</p><p>$69.99</p><a href="https://www.amazon.com/dp/B07VX9TLM1?tag=eloabder-20&linkCode=osi&th=1&psc=1">View Product</a></div><div class="product"><a href="https://www.amazon.com/dp/B079VP3F1B?tag=eloabder-20&linkCode=osi&th=1&psc=1"><img src="https://m.media-amazon.com/images/I/31eaUH1-cWL._SL500_.jpg" alt="Product Image"></a><p>VViViD Double Primed Cotton Canvas 12" Wide Roll Choose Your Size! (10ft x 12" Roll)</p><p>$16.88</p><a href="https://www.amazon.com/dp/B079VP3F1B?tag=eloabder-20&linkCode=osi&th=1&psc=1">View Product</a></div><div class="product"><a href="https://www.amazon.com/dp/B09954KKH3?tag=eloabder-20&linkCode=osi&th=1&psc=1"><img src="https://m.media-amazon.com/images/I/41SwQCPSmAL._SL500_.jpg" alt="Product Image"></a><p>Polyester Canvas Roll Professional Matte Canvas Roll Wide format Inkjet Printing For Printing Drawing Oil Acrylic Or Water-Based Painting (200GSM Polyester 36"x100ft)</p><p>$123.99</p><a href="https://www.amazon.com/dp/B09954KKH3?tag=eloabder-20&linkCode=osi&th=1&psc=1">View Product</a></div>
<div class="product"><a href="https://www.amazon.com/dp/B003A2I5T8?tag=eloabder-20&linkCode=osi&th=1&psc=1"><img src="https://m.media-amazon.com/images/I/41LvtrGFjVL._SL500_.jpg" alt="Product Image"></a><p>Astrobrights/Neenah Bright White Cardstock, 8.5" x 11", 65 lb/176 gsm, White, 75 Sheets (90905-02) - Packaging May Vary</p><p>$6.99</p><a href="https://www.amazon.com/dp/B003A2I5T8?tag=eloabder-20&linkCode=osi&th=1&psc=1">View Product</a></div><div class="product"><a href="https://www.amazon.com/dp/B00006IDRW?tag=eloabder-20&linkCode=osi&th=1&psc=1"><img src="https://m.media-amazon.com/images/I/412xLv5ae7L._SL500_.jpg" alt="Product Image"></a><p>Neenah Premium Cardstock, 8.5" x 11", 65 lb/176 gsm, Bright White, 250 Sheets (91904)</p><p>$14.29</p><a href="https://www.amazon.com/dp/B00006IDRW?tag=eloabder-20&linkCode=osi&th=1&psc=1">View Product</a></div><div class="product"><a href="https://www.amazon.com/dp/B07FX5LCXK?tag=eloabder-20&linkCode=osi&th=1&psc=1"><img src="https://m.media-amazon.com/images/I/41n9D1rlKgL._SL500_.jpg" alt="Product Image"></a><p>Printworks White Cardstock, 67 lb, 92 Bright, FSC Certified, Perfect for School and Craft Projects, 8.5 x 11 Inch, 100 Sheets (00540)</p><p>$11.49</p><a href="https://www.amazon.com/dp/B07FX5LCXK?tag=eloabder-20&linkCode=osi&th=1&psc=1">View Product</a></div><div class="product"><a href="https://www.amazon.com/dp/B07QQ3L753?tag=eloabder-20&linkCode=osi&th=1&psc=1"><img src="https://m.media-amazon.com/images/I/41n0Ue3DLbL._SL500_.jpg" alt="Product Image"></a><p>Neenah White Index Paper, Mediumweight, 300 Sheets, 199 gsm, 94 Brightness, 8.5" x 11" - MORE SHEETS! (91635)</p><p>$15.99</p><a href="https://www.amazon.com/dp/B07QQ3L753?tag=eloabder-20&linkCode=osi&th=1&psc=1">View Product</a></div><div class="product"><a href="https://www.amazon.com/dp/B07D4YF3K4?tag=eloabder-20&linkCode=osi&th=1&psc=1"><img src="https://m.media-amazon.com/images/I/41ffykOOE7L._SL500_.jpg" alt="Product Image"></a><p>Neenah Index Cardstock, 8.5" x 11", 90 lb/163 gsm, White, Lightweight, 94 Brightness, 300 Sheets (91437)</p><p>$19.24</p><a href="https://www.amazon.com/dp/B07D4YF3K4?tag=eloabder-20&linkCode=osi&th=1&psc=1">View Product</a></div><div class="product"><a href="https://www.amazon.com/dp/B08DCF5B4P?tag=eloabder-20&linkCode=osi&th=1&psc=1"><img src="https://m.media-amazon.com/images/I/41GRzmuulDL._SL500_.jpg" alt="Product Image"></a><p>Hammermill White Cardstock, 110 Lb, 8.5 x 11 Colored Cardstock, 1 Pack (200 Sheets) - Thick Card Stock, Made in the USA, 168380R</p><p>$13.32</p><a href="https://www.amazon.com/dp/B08DCF5B4P?tag=eloabder-20&linkCode=osi&th=1&psc=1">View Product</a></div><div class="product"><a href="https://www.amazon.com/dp/B0CYPPHFV9?tag=eloabder-20&linkCode=osi&th=1&psc=1"><img src="https://m.media-amazon.com/images/I/51IQR4E5R1L._SL500_.jpg" alt="Product Image"></a><p>96 Sheets Colored Cardstock 24 Colors, 8.5x11 Color Cardstock Bulk, 200gsm/75lb Assorted Colors Construction Paper for Printing, Card Making, Die Cutting, Crafts, Scrapbooking, Party Decorations</p><p>$12.99</p><a href="https://www.amazon.com/dp/B0CYPPHFV9?tag=eloabder-20&linkCode=osi&th=1&psc=1">View Product</a></div><div class="product"><a href="https://www.amazon.com/dp/B07QNMF4ZP?tag=eloabder-20&linkCode=osi&th=1&psc=1"><img src="https://m.media-amazon.com/images/I/41mVi2qUcyL._SL500_.jpg" alt="Product Image"></a><p>Printworks White Cardstock, Standard, 67 lb. Vellum, 92 Bright, 250 sheets, 8.5 x 11, For Office, Home & School Printing, Craft Projects (00564)</p><p>$12.92</p><a href="https://www.amazon.com/dp/B07QNMF4ZP?tag=eloabder-20&linkCode=osi&th=1&psc=1">View Product</a></div><div class="product"><a href="https://www.amazon.com/dp/B09Y681BML?tag=eloabder-20&linkCode=osi&th=1&psc=1"><img src="https://m.media-amazon.com/images/I/41whFoq6OEL._SL500_.jpg" alt="Product Image"></a><p>Astrobrights Mega Collection, Colored Cardstock, Punchy Pastel 5-Color Assortment, 320 Sheets, 65 lb./176 gsm, 8.5" x 11" - MORE SHEETS! (91780)</p><p>$19.87</p><a href="https://www.amazon.com/dp/B09Y681BML?tag=eloabder-20&linkCode=osi&th=1&psc=1">View Product</a></div>


<div class="product"><a href="https://www.amazon.com/dp/B0B7DZ4YPN?tag=eloabder-20&linkCode=osi&th=1&psc=1"><img src="https://m.media-amazon.com/images/I/51NIBuS801L._SL500_.jpg" alt="Product Image"></a><p>Epoxy Resin 64OZ - Crystal Clear Epoxy Resin Kit - No Yellowing No Bubble Art Resin Casting Resin for Art Crafts, Jewelry Making, Wood & Resin Molds(32OZ x 2)</p><p>$34.99 ($0.55 / Ounce)</p><a href="https://www.amazon.com/dp/B0B7DZ4YPN?tag=eloabder-20&linkCode=osi&th=1&psc=1">View Product</a></div><div class="product"><a href="https://www.amazon.com/dp/B0CPVCRD93?tag=eloabder-20&linkCode=osi&th=1&psc=1"><img src="https://m.media-amazon.com/images/I/51mBmD2NCqL._SL500_.jpg" alt="Product Image"></a><p>Puduo Epoxy Resin Kit 72OZ，Newly Formulated Crystal Clear Epoxy Resin，Strong, Bubble-Free, Anti-Yellowing Art Resin That，Suitable for Casting, DIY, Resin Art, Molds, Jewelry, Easy to Mix 1:1 Ratio</p><p>$36.99 ($0.51 / Ounce)</p><a href="https://www.amazon.com/dp/B0CPVCRD93?tag=eloabder-20&linkCode=osi&th=1&psc=1">View Product</a></div><div class="product"><a href="https://www.amazon.com/dp/B0BY2PFY62?tag=eloabder-20&linkCode=osi&th=1&psc=1"><img src="https://m.media-amazon.com/images/I/51jY4DbLEVL._SL500_.jpg" alt="Product Image"></a><p>LET'S RESIN Polyurethane Resin, 60oz 2 Part Casting Resin, Fast Cured Resin within 10 Minutes, Ultra Low Viscosity & Low Odor Pourable Liquid Plastic for Casting Models, Prototypes & Other Resin Craft</p><p>$40.99 ($0.68 / Ounce)</p><a href="https://www.amazon.com/dp/B0BY2PFY62?tag=eloabder-20&linkCode=osi&th=1&psc=1">View Product</a></div><div class="product"><a href="https://www.amazon.com/dp/B0CXLX1BF1?tag=eloabder-20&linkCode=osi&th=1&psc=1"><img src="https://m.media-amazon.com/images/I/51B03piFSWL._SL500_.jpg" alt="Product Image"></a><p>Epoxy Resin,1 Gallon Crystal Clear Epoxy Resin Kit, High-Gloss & Bubbles Free Resin and Hardener Kit, Art Resin Casting Resin for Art Crafts, Jewelry Making, Wood & Resin Molds…</p><p>$49.99</p><a href="https://www.amazon.com/dp/B0CXLX1BF1?tag=eloabder-20&linkCode=osi&th=1&psc=1">View Product</a></div><div class="product"><a href="https://www.amazon.com/dp/B0B79JKMTN?tag=eloabder-20&linkCode=osi&th=1&psc=1"><img src="https://m.media-amazon.com/images/I/51awzY+fOoL._SL500_.jpg" alt="Product Image"></a><p>Teexpert Crystal Clear Epoxy Resin Kit 1 Gallon Self-Leveling Coating and Casting Resin, High-Gloss & Bubbles Free Resin and Hardener Kit for DIY Art, Jewelry, Table Top, Molds, Wood 1:1 Ratio</p><p>$49.49 ($0.39 / Fl Oz)</p><a href="https://www.amazon.com/dp/B0B79JKMTN?tag=eloabder-20&linkCode=osi&th=1&psc=1">View Product</a></div><div class="product"><a href="https://www.amazon.com/dp/B0CZDCWRDS?tag=eloabder-20&linkCode=osi&th=1&psc=1"><img src="https://m.media-amazon.com/images/I/51NoC3Siy8L._SL500_.jpg" alt="Product Image"></a><p>Puduo Epoxy Resin Kit 1.1Gallon，Newly Formulated Crystal Clear Epoxy Resin，Strong, Bubble-Free, Anti-Yellowing Art Resin That，Suitable for Casting, DIY, Resin Art, Molds, Easy to Mix 1:1 Ratio</p><p>$48.99 ($0.35 / Ounce)</p><a href="https://www.amazon.com/dp/B0CZDCWRDS?tag=eloabder-20&linkCode=osi&th=1&psc=1">View Product</a></div><div class="product"><a href="https://www.amazon.com/dp/B0C786S8ZW?tag=eloabder-20&linkCode=osi&th=1&psc=1"><img src="https://m.media-amazon.com/images/I/51PD1cgR+-L._SL500_.jpg" alt="Product Image"></a><p>LET'S RESIN EPOXY RESIN 2 Gallon Casting Resin with Pumps, Bubble Free & High-Gloss Resin Epoxy Kit, Crystal Clear Epoxy Resin and Hardener for DIY Art, Molds Casting,Craft</p><p>$87.00 ($0.34 / Fl Oz)</p><a href="https://www.amazon.com/dp/B0C786S8ZW?tag=eloabder-20&linkCode=osi&th=1&psc=1">View Product</a></div><div class="product"><a href="https://www.amazon.com/dp/B0BYV7YX2K?tag=eloabder-20&linkCode=osi&th=1&psc=1"><img src="https://m.media-amazon.com/images/I/41dTpbgWB+L._SL500_.jpg" alt="Product Image"></a><p>TAKIMO 1 Gallon Crystal Clear Resin Kit,No Bubble & Not Yellowing Epoxy Resin for Coating, Casting, Table Top,DIY, Bar Top, River Tables, Resin Art, Wood with High Gloss Finish</p><p>$39.99</p><a href="https://www.amazon.com/dp/B0BYV7YX2K?tag=eloabder-20&linkCode=osi&th=1&psc=1">View Product</a></div>
<div class="product"><a href="https://www.amazon.com/dp/B093D6Q4V2?tag=eloabder-20&linkCode=osi&th=1&psc=1"><img src="https://m.media-amazon.com/images/I/51GS6ht5RsS._SL500_.jpg" alt="Product Image"></a><p>Brusarth Professional Charcoal Pencils Drawing Set - 6 Pieces Soft Medium and Hard Charcoal Pencils for Drawing, Sketching, Shading</p><p>$5.57</p><a href="https://www.amazon.com/dp/B093D6Q4V2?tag=eloabder-20&linkCode=osi&th=1&psc=1">View Product</a></div><div class="product"><a href="https://www.amazon.com/dp/B000VXONF4?tag=eloabder-20&linkCode=osi&th=1&psc=1"><img src="https://m.media-amazon.com/images/I/51DxvUPz4nL._SL500_.jpg" alt="Product Image"></a><p>General Pencil 957ABP Compressed Charcoal Sticks 4/Pkg-Black - Soft Assorted</p><p>$6.09 ($1.52 / Count)</p><a href="https://www.amazon.com/dp/B000VXONF4?tag=eloabder-20&linkCode=osi&th=1&psc=1">View Product</a></div><div class="product"><a href="https://www.amazon.com/dp/B0BZSZ2W1B?tag=eloabder-20&linkCode=osi&th=1&psc=1"><img src="https://m.media-amazon.com/images/I/41aJEjrQ16L._SL500_.jpg" alt="Product Image"></a><p>ANNECOSK Willow Charcoal Sticks, 10PCS Willow Charcoal Pencils for Artists Drawing, Sketching</p><p>$7.99</p><a href="https://www.amazon.com/dp/B0BZSZ2W1B?tag=eloabder-20&linkCode=osi&th=1&psc=1">View Product</a></div><div class="product"><a href="https://www.amazon.com/dp/B088K31QB7?tag=eloabder-20&linkCode=osi&th=1&psc=1"><img src="https://m.media-amazon.com/images/I/51giSzQeUzL._SL500_.jpg" alt="Product Image"></a><p>MARKART Professional Charcoal Pencils Drawing Set - 10 Pieces Soft Medium and Hard Charcoal Pencils for Drawing, Sketching, Shading</p><p>$5.99</p><a href="https://www.amazon.com/dp/B088K31QB7?tag=eloabder-20&linkCode=osi&th=1&psc=1">View Product</a></div><div class="product"><a href="https://www.amazon.com/dp/B0CHM9YB18?tag=eloabder-20&linkCode=osi&th=1&psc=1"><img src="https://m.media-amazon.com/images/I/51-cFJewi5L._SL500_.jpg" alt="Product Image"></a><p>PANDAFLY Willow Charcoal Sticks, Soft, Black Artist Vine Charcoal for Artists, Beginners, Students, Great for Sketching, Drawing, Shading and Fine Art, 7-9mm, 25 Pack</p><p>$7.99</p><a href="https://www.amazon.com/dp/B0CHM9YB18?tag=eloabder-20&linkCode=osi&th=1&psc=1">View Product</a></div><div class="product"><a href="https://www.amazon.com/dp/B004O7FFR8?tag=eloabder-20&linkCode=osi&th=1&psc=1"><img src="https://m.media-amazon.com/images/I/51JJnYm-n2L._SL500_.jpg" alt="Product Image"></a><p>Strathmore 300 Series Charcoal Paper Pad, Top Wire Bound, 9x12 inches, 32 Sheets (64lb/95g) - Artist Paper for Adults and Students - Charcoal and Pastel</p><p>$8.86</p><a href="https://www.amazon.com/dp/B004O7FFR8?tag=eloabder-20&linkCode=osi&th=1&psc=1">View Product</a></div><div class="product"><a href="https://www.amazon.com/dp/B09KY8MT2T?tag=eloabder-20&linkCode=osi&th=1&psc=1"><img src="https://m.media-amazon.com/images/I/31buTPEV5IL._SL500_.jpg" alt="Product Image"></a><p>Raven Powders Premium Charcoal Powder for Drawing and Art</p><p>$9.99</p><a href="https://www.amazon.com/dp/B09KY8MT2T?tag=eloabder-20&linkCode=osi&th=1&psc=1">View Product</a></div><div class="product"><a href="https://www.amazon.com/dp/B0021IK626?tag=eloabder-20&linkCode=osi&th=1&psc=1"><img src="https://m.media-amazon.com/images/I/317wgA0GITL._SL500_.jpg" alt="Product Image"></a><p>Winsor & Newton Artist Vine Charcoal Sticks, Soft, Box of 12 Sticks</p><p>$10.56</p><a href="https://www.amazon.com/dp/B0021IK626?tag=eloabder-20&linkCode=osi&th=1&psc=1">View Product</a></div>
<div class="product"><a href="https://www.amazon.com/dp/B0CHF9KZSW?tag=eloabder-20&linkCode=osi&th=1&psc=1"><img src="https://m.media-amazon.com/images/I/61lm2iV1gGL._SL500_.jpg" alt="Product Image"></a><p>KALOUR Professional Charcoal Pencils Drawing Set -12 Pieces Soft, Medium and Hard Charcoal Pencils for Drawing, Sketching, Shading, Artist Pencils for Beginners & Artists</p><p>$5.99</p><a href="https://www.amazon.com/dp/B0CHF9KZSW?tag=eloabder-20&linkCode=osi&th=1&psc=1">View Product</a></div><div class="product"><a href="https://www.amazon.com/dp/B0D41JG73W?tag=eloabder-20&linkCode=osi&th=1&psc=1"><img src="https://m.media-amazon.com/images/I/41K5KaeEE0L._SL500_.jpg" alt="Product Image"></a><p>Aenir White Charcoal Pencils, Pack of 12 Charcoal Drawing Pencils, Charcoal Pencils for Artists, Art Supplies for Drawing and Highlighting, Charcoal Pencils for Drawing, Sketching, Shading & Coloring.</p><p>$7.99</p><a href="https://www.amazon.com/dp/B0D41JG73W?tag=eloabder-20&linkCode=osi&th=1&psc=1">View Product</a></div><div class="product"><a href="https://www.amazon.com/dp/B004BPNUMA?tag=eloabder-20&linkCode=osi&th=1&psc=1"><img src="https://m.media-amazon.com/images/I/41EWfMXntlL._SL500_.jpg" alt="Product Image"></a><p>Peel & Sketch Charcoal Pencils 3/Pkg-</p><p>$6.96</p><a href="https://www.amazon.com/dp/B004BPNUMA?tag=eloabder-20&linkCode=osi&th=1&psc=1">View Product</a></div><div class="product"><a href="https://www.amazon.com/dp/B0C5V1QWPJ?tag=eloabder-20&linkCode=osi&th=1&psc=1"><img src="https://m.media-amazon.com/images/I/51bZBOoKtoL._SL500_.jpg" alt="Product Image"></a><p>Brusarth Charcoal Drawing Set -12 pc Black charcoal pencils, White Charcoal Pencils, Eraser Pencils, Blending Stumps for Drawing, Sketching, Shading, Artist Pencils for Beginners & Artists</p><p>$7.99</p><a href="https://www.amazon.com/dp/B0C5V1QWPJ?tag=eloabder-20&linkCode=osi&th=1&psc=1">View Product</a></div>
<div class="product"><a href="https://www.amazon.com/dp/B001BYK7RA?tag=eloabder-20&linkCode=osi&th=1&psc=1"><img src="https://m.media-amazon.com/images/I/316EZYjc1XL._SL500_.jpg" alt="Product Image"></a><p>Winsor & Newton Artist Vine Charcoal Sticks, Soft, Box of 3 Sticks</p><p>$4.09 ($1.36 / Count)</p><a href="https://www.amazon.com/dp/B001BYK7RA?tag=eloabder-20&linkCode=osi&th=1&psc=1">View Product</a></div>
<div class="product"><a href="https://www.amazon.com/dp/B08LR2TBPG?tag=eloabder-20&linkCode=osi&th=1&psc=1"><img src="https://m.media-amazon.com/images/I/31VBhMwmhTL._SL500_.jpg" alt="Product Image"></a><p>Chipboard Sheets 8.5" x 11" - 100 Sheets of 22 Point Chip Board for Crafts - This Kraft Board is a Great Alternative to MDF Board and Cardboard Sheets</p><p>$19.97</p><a href="https://www.amazon.com/dp/B08LR2TBPG?tag=eloabder-20&linkCode=osi&th=1&psc=1">View Product</a></div><div class="product"><a href="https://www.amazon.com/dp/B079F1FYG3?tag=eloabder-20&linkCode=osi&th=1&psc=1"><img src="https://m.media-amazon.com/images/I/41-kpBNtjSL._SL500_.jpg" alt="Product Image"></a><p>100 Thick Kraft Chipboard (30pt) - 8 1/2" x 11" - Perfect for Scrapbooking, Crafts & Product Backing…</p><p>$19.95</p><a href="https://www.amazon.com/dp/B079F1FYG3?tag=eloabder-20&linkCode=osi&th=1&psc=1">View Product</a></div><div class="product"><a href="https://www.amazon.com/dp/B07BYPGP5H?tag=eloabder-20&linkCode=osi&th=1&psc=1"><img src="https://m.media-amazon.com/images/I/31rUtsWIN5L._SL500_.jpg" alt="Product Image"></a><p>100 Chipboard Sheets 8 x 10 inch - 22pt (point) Light Weight Brown Kraft Cardboard for Scrapbooking & Picture Frame Backing (.022 Caliper Thick) Paper Board | MagicWater Supply</p><p>$21.99</p><a href="https://www.amazon.com/dp/B07BYPGP5H?tag=eloabder-20&linkCode=osi&th=1&psc=1">View Product</a></div><div class="product"><a href="https://www.amazon.com/dp/B07BYP99DJ?tag=eloabder-20&linkCode=osi&th=1&psc=1"><img src="https://m.media-amazon.com/images/I/31EMxvnjGrL._SL500_.jpg" alt="Product Image"></a><p>25 Chipboard Sheets 11 x 17 inch - 50pt (point) Heavy Weight Brown Kraft Cardboard for Scrapbooking & Picture Frame Backing (.050 Caliper Thick) Paper Board | MagicWater Supply</p><p>$26.99</p><a href="https://www.amazon.com/dp/B07BYP99DJ?tag=eloabder-20&linkCode=osi&th=1&psc=1">View Product</a></div><div class="product"><a href="https://www.amazon.com/dp/B07BYFXJDL?tag=eloabder-20&linkCode=osi&th=1&psc=1"><img src="https://m.media-amazon.com/images/I/310RbtxO26L._SL500_.jpg" alt="Product Image"></a><p>100 Chipboard Sheets 5 x 7 inch - 22pt (point) Light Weight Brown Kraft Cardboard for Scrapbooking & Picture Frame Backing (.022 Caliper Thick) Paper Board | MagicWater Supply</p><p>$14.99</p><a href="https://www.amazon.com/dp/B07BYFXJDL?tag=eloabder-20&linkCode=osi&th=1&psc=1">View Product</a></div><div class="product"><a href="https://www.amazon.com/dp/B0B6GK2MFD?tag=eloabder-20&linkCode=osi&th=1&psc=1"><img src="https://m.media-amazon.com/images/I/31-IEV+iYgL._SL500_.jpg" alt="Product Image"></a><p>10 EcoSwift 8.5x11 Chipboard Cardboard Craft Scrapbook Material Scrapbooking Packaging Sheets Shipping Pads Inserts 8 1/2 inch x 11 inch Chip Board</p><p>$4.99</p><a href="https://www.amazon.com/dp/B0B6GK2MFD?tag=eloabder-20&linkCode=osi&th=1&psc=1">View Product</a></div><div class="product"><a href="https://www.amazon.com/dp/B07BYKB2ZL?tag=eloabder-20&linkCode=osi&th=1&psc=1"><img src="https://m.media-amazon.com/images/I/31WIwma4xfL._SL500_.jpg" alt="Product Image"></a><p>Chipboard Sheets 8.5 x 11 inch - 50pt (Point) Heavy Weight Brown Kraft Cardboard for Scrapbooking & Picture Frame Backing (.050 Caliper Thick) Paper Board | MagicWater Supply (Kraft 100 Pack)</p><p>$38.99</p><a href="https://www.amazon.com/dp/B07BYKB2ZL?tag=eloabder-20&linkCode=osi&th=1&psc=1">View Product</a></div><div class="product"><a href="https://www.amazon.com/dp/B00161W6L8?tag=eloabder-20&linkCode=osi&th=1&psc=1"><img src="https://m.media-amazon.com/images/I/41MflHlo3JL._SL500_.jpg" alt="Product Image"></a><p>GRAFIX Natural Medium Weight Chipboard Sheets 8.5"X11" 25/Pkg, 8.5"x11"x0.057", Count</p><p>$15.14 ($0.61 / Count)</p><a href="https://www.amazon.com/dp/B00161W6L8?tag=eloabder-20&linkCode=osi&th=1&psc=1">View Product</a></div><div class="product"><a href="https://www.amazon.com/dp/B0013JRFUA?tag=eloabder-20&linkCode=osi&th=1&psc=1"><img src="https://m.media-amazon.com/images/I/41JzQAJkDoL._SL500_.jpg" alt="Product Image"></a><p>Grafix Medium Weight Acid-Free 0.057” Chipboard Sheets, Create Three-Dimensional Embellishments for Cards, Papercrafts, Mixed Media, Home Décor, and More, 12 x 12, Natural, 25 Count</p><p>$14.51 ($0.58 / Count)</p><a href="https://www.amazon.com/dp/B0013JRFUA?tag=eloabder-20&linkCode=osi&th=1&psc=1">View Product</a></div>








<div class="product"><a href="https://www.amazon.com/dp/B0C2YPJDFL?tag=eloabder-20&linkCode=osi&th=1&psc=1"><img src="https://m.media-amazon.com/images/I/51WB6B3vguL._SL500_.jpg" alt="Product Image"></a><p>Yagol Colored Pencils for Adult Coloring Books, 72 Colored Professional Drawing Pencils, Coloring Pencils for Adults Beginners kids & Pro.</p><p>$9.99</p><a href="https://www.amazon.com/dp/B0C2YPJDFL?tag=eloabder-20&linkCode=osi&th=1&psc=1">View Product</a></div><div class="product"><a href="https://www.amazon.com/dp/B01N09ZDEI?tag=eloabder-20&linkCode=osi&th=1&psc=1"><img src="https://m.media-amazon.com/images/I/51awfumPEiL._SL500_.jpg" alt="Product Image"></a><p>Soucolor 72-Color Colored Pencils for Adult Coloring Books, Back to School Supplies, Soft Core Artist Sketching Drawing Pencils Drawing Supplies, Art Supplies Kit for Adults Kids, Coloring Pencils Set</p><p>$9.99</p><a href="https://www.amazon.com/dp/B01N09ZDEI?tag=eloabder-20&linkCode=osi&th=1&psc=1">View Product</a></div><div class="product"><a href="https://www.amazon.com/dp/B0B772BZ4G?tag=eloabder-20&linkCode=osi&th=1&psc=1"><img src="https://m.media-amazon.com/images/I/41VSyVENyTL._SL500_.jpg" alt="Product Image"></a><p>FUNLAVIE Colored Pencils 48 Coloring Pencils Premium Professional Art Drawing Pencil for Adults Coloring Book</p><p>$9.99</p><a href="https://www.amazon.com/dp/B0B772BZ4G?tag=eloabder-20&linkCode=osi&th=1&psc=1">View Product</a></div><div class="product"><a href="https://www.amazon.com/dp/B0B8MFGW36?tag=eloabder-20&linkCode=osi&th=1&psc=1"><img src="https://m.media-amazon.com/images/I/51umBJsfZDL._SL500_.jpg" alt="Product Image"></a><p>KALOUR Premium Colored Pencils,Set of 120 Colors,Artists Soft Core with Vibrant Color,Ideal for Drawing Sketching Shading,Coloring Pencils for Adults Beginners kids</p><p>$24.99</p><a href="https://www.amazon.com/dp/B0B8MFGW36?tag=eloabder-20&linkCode=osi&th=1&psc=1">View Product</a></div><div class="product"><a href="https://www.amazon.com/dp/B0D5GSMGMG?tag=eloabder-20&linkCode=osi&th=1&psc=1"><img src="https://m.media-amazon.com/images/I/41aprDliB4L._SL500_.jpg" alt="Product Image"></a><p>Colored Pencils for Adult Coloring Books, Set of 72 Color Pencils, Oil-Based Core Drawing Pencils, 3.8mm Soft Leads with Adult Coloring Pencils, Professional Art Supplies for Adults, Beginner and Kids</p><p>$9.99</p><a href="https://www.amazon.com/dp/B0D5GSMGMG?tag=eloabder-20&linkCode=osi&th=1&psc=1">View Product</a></div><div class="product"><a href="https://www.amazon.com/dp/B0CZBPK6L5?tag=eloabder-20&linkCode=osi&th=1&psc=1"><img src="https://m.media-amazon.com/images/I/31Q1khczz5L._SL500_.jpg" alt="Product Image"></a><p>Colored Pencils for Adult Coloring Books, 72 Colors Drawing Pencils with Oil-Based Cores, Professional Art Supplies for Artists, Coloring Pencils for Adults, Color Pencils Set for Beginners and Teens.</p><p>$9.49</p><a href="https://www.amazon.com/dp/B0CZBPK6L5?tag=eloabder-20&linkCode=osi&th=1&psc=1">View Product</a></div>
<div class="product"><a href="https://www.amazon.com/dp/B0BTJRPJHJ?tag=eloabder-20&linkCode=osi&th=1&psc=1"><img src="https://m.media-amazon.com/images/I/61eh6iSlGRL._SL500_.jpg" alt="Product Image"></a><p>READY 2 LEARN Colored Sand - Turquoise - 2.2 lbs - Play Sand for Kids - Perfect for Arts and Crafts, Sensory Bins, Wedding Decorations and Vase Filler</p><p>$9.32</p><a href="https://www.amazon.com/dp/B0BTJRPJHJ?tag=eloabder-20&linkCode=osi&th=1&psc=1">View Product</a></div><div class="product"><a href="https://www.amazon.com/dp/B0BTJWH6L3?tag=eloabder-20&linkCode=osi&th=1&psc=1"><img src="https://m.media-amazon.com/images/I/61OHaobOoGL._SL500_.jpg" alt="Product Image"></a><p>READY 2 LEARN Colored Sand - Light Blue - 2.2 lbs - Play Sand for Kids - Perfect for Wedding Unity Ceremonies, Crafts, Sensory Bins and Vase Filler</p><p>$9.99</p><a href="https://www.amazon.com/dp/B0BTJWH6L3?tag=eloabder-20&linkCode=osi&th=1&psc=1">View Product</a></div><div class="product"><a href="https://www.amazon.com/dp/B00DZS4AA0?tag=eloabder-20&linkCode=osi&th=1&psc=1"><img src="https://m.media-amazon.com/images/I/41htpdoeWSL._SL500_.jpg" alt="Product Image"></a><p>Activa Pink Decorative Colored Sand in Resealable Bag, 5lb (2.27kg) | Fine Grain & Fade-Proof Sand For Arts & Crafts</p><p>$8.99</p><a href="https://www.amazon.com/dp/B00DZS4AA0?tag=eloabder-20&linkCode=osi&th=1&psc=1">View Product</a></div><div class="product"><a href="https://www.amazon.com/dp/B00GNED6YE?tag=eloabder-20&linkCode=osi&th=1&psc=1"><img src="https://m.media-amazon.com/images/I/41T-AKVqV5L._SL500_.jpg" alt="Product Image"></a><p>Sandsational Sparkle Champagne Unity Sand - 1.5 LB (22oz), Beige Colored Sand for Weddings, Vase Filler, Home Décor, Craft Sand, Aquarium Sand, and More</p><p>$15.99</p><a href="https://www.amazon.com/dp/B00GNED6YE?tag=eloabder-20&linkCode=osi&th=1&psc=1">View Product</a></div><div class="product"><a href="https://www.amazon.com/dp/B007VC4F6A?tag=eloabder-20&linkCode=osi&th=1&psc=1"><img src="https://m.media-amazon.com/images/I/51EtMIBeueL._SL500_.jpg" alt="Product Image"></a><p>Sandsational Sparkle Tropic Blue Unity Sand, 1 LB (16 oz), Colored Sand for Weddings, Vase Filler, Home Décor, Craft Sand, Aquarium Sand, and More</p><p>$9.99</p><a href="https://www.amazon.com/dp/B007VC4F6A?tag=eloabder-20&linkCode=osi&th=1&psc=1">View Product</a></div><div class="product"><a href="https://www.amazon.com/dp/B007VC497K?tag=eloabder-20&linkCode=osi&th=1&psc=1"><img src="https://m.media-amazon.com/images/I/51oZOs1VRDL._SL500_.jpg" alt="Product Image"></a><p>Sandsational Sparkle Burnt Orange Unity Sand, 1 LB (16 oz), Colored Sand for Weddings, Vase Filler, Home Décor, Craft Sand, Aquarium Sand, and More</p><p>$9.99</p><a href="https://www.amazon.com/dp/B007VC497K?tag=eloabder-20&linkCode=osi&th=1&psc=1">View Product</a></div><div class="product"><a href="https://www.amazon.com/dp/B004BN9WWY?tag=eloabder-20&linkCode=osi&th=1&psc=1"><img src="https://m.media-amazon.com/images/I/41Hehnr6HkL._SL500_.jpg" alt="Product Image"></a><p>Activa Turquoise Decorative Colored Sand in Resealable Bag, 5lb (2.27kg) | Fine Grain & Fade-Proof Sand For Arts & Crafts</p><p>$17.99 ($0.22 / Ounce)</p><a href="https://www.amazon.com/dp/B004BN9WWY?tag=eloabder-20&linkCode=osi&th=1&psc=1">View Product</a></div><div class="product"><a href="https://www.amazon.com/dp/B007VC4CMM?tag=eloabder-20&linkCode=osi&th=1&psc=1"><img src="https://m.media-amazon.com/images/I/51MDELk9-bL._SL500_.jpg" alt="Product Image"></a><p>Sandsational Sparkle Hazelnut Unity Sand, 1 LB (16 oz), Colored Sand for Weddings, Vase Filler, Home Décor, Craft Sand, Aquarium Sand, and More</p><p>$9.99</p><a href="https://www.amazon.com/dp/B007VC4CMM?tag=eloabder-20&linkCode=osi&th=1&psc=1">View Product</a></div>

<div class="product"><a href="https://www.amazon.com/dp/B0868M9MFP?tag=eloabder-20&linkCode=osi&th=1&psc=1"><img src="https://m.media-amazon.com/images/I/41MathwPKuL._SL500_.jpg" alt="Product Image"></a><p>SIMETUFY 360 Sheets 36 Multicolor Tissue Paper Bulk Gift Wrapping Tissue Paper Decorative Art Rainbow Tissue Paper 11.5in x 8in for Art Craft Floral Birthday Party Festival Tissue Paper Pom Pom</p><p>$6.98 ($0.02 / Count)</p><a href="https://www.amazon.com/dp/B0868M9MFP?tag=eloabder-20&linkCode=osi&th=1&psc=1">View Product</a></div><div class="product"><a href="https://www.amazon.com/dp/B0CZNYNJL3?tag=eloabder-20&linkCode=osi&th=1&psc=1"><img src="https://m.media-amazon.com/images/I/41ZspqqmKpL._SL500_.jpg" alt="Product Image"></a><p>160 Sheets Colored Tissue Paper, Tissue Paper Bulk 14 X 20 Inches Tissue Paper for Gift Bags Wrapping DIY Crafts Wedding Birthday</p><p>$7.99 ($0.03 / Sq Ft)</p><a href="https://www.amazon.com/dp/B0CZNYNJL3?tag=eloabder-20&linkCode=osi&th=1&psc=1">View Product</a></div><div class="product"><a href="https://www.amazon.com/dp/B07QY9FQN2?tag=eloabder-20&linkCode=osi&th=1&psc=1"><img src="https://m.media-amazon.com/images/I/51DR9nknn7L._SL500_.jpg" alt="Product Image"></a><p>120 Sheets Colored Tissue Paper Bulk Wrapping Craft Paper 20 x 26" for Art Gift Tissue Decoration (24 Colors)</p><p>$15.59 ($0.13 / Count)</p><a href="https://www.amazon.com/dp/B07QY9FQN2?tag=eloabder-20&linkCode=osi&th=1&psc=1">View Product</a></div><div class="product"><a href="https://www.amazon.com/dp/B0CWR5FKGQ?tag=eloabder-20&linkCode=osi&th=1&psc=1"><img src="https://m.media-amazon.com/images/I/31iRzSH4cbL._SL500_.jpg" alt="Product Image"></a><p>Hlonon 100 Sheets Colored Tissue Paper 12×20 Inch Tissue Paper Bulk Gift Wrapping for Gift Bags DIY Crafts Birthday Wedding Holidays Decor 10 Colors</p><p>$4.59</p><a href="https://www.amazon.com/dp/B0CWR5FKGQ?tag=eloabder-20&linkCode=osi&th=1&psc=1">View Product</a></div><div class="product"><a href="https://www.amazon.com/dp/B09RXR9SXB?tag=eloabder-20&linkCode=osi&th=1&psc=1"><img src="https://m.media-amazon.com/images/I/51xWE-5f2lL._SL500_.jpg" alt="Product Image"></a><p>120 Sheets Colored Tissue Paper for Gift Bags - 25 Assorted Colors Tissue Paper for Packaging Bulk Colored Tissue Paper for Gift Wrapping -Tissue Paper Bulk for Crafts Large 20 X 26 Sheets</p><p>$13.99 ($0.12 / Count)</p><a href="https://www.amazon.com/dp/B09RXR9SXB?tag=eloabder-20&linkCode=osi&th=1&psc=1">View Product</a></div><div class="product"><a href="https://www.amazon.com/dp/B0BWPNFLXM?tag=eloabder-20&linkCode=osi&th=1&psc=1"><img src="https://m.media-amazon.com/images/I/51KYkgeBLCL._SL500_.jpg" alt="Product Image"></a><p>Colored Tissue Paper for Gift Bags, Colored Tissue Paper for Crafts, Gift Wrapping Tissue Paper Bulk - 375 Sheets in 36 Assorted Colors (12 in x 8.4 in)</p><p>$12.99 ($0.03 / Count)</p><a href="https://www.amazon.com/dp/B0BWPNFLXM?tag=eloabder-20&linkCode=osi&th=1&psc=1">View Product</a></div><div class="product"><a href="https://www.amazon.com/dp/B0D1JYM64F?tag=eloabder-20&linkCode=osi&th=1&psc=1"><img src="https://m.media-amazon.com/images/I/41wvUKH9PbL._SL500_.jpg" alt="Product Image"></a><p>Phinus 6300 Pcs 1 Inch Tissue Paper Squares, Tissue Paper for Crafts, 42 Assorted Colored Tissue Paper, Colors Art Rainbow Tissue Paper Bulk for Crafts, Art Projects, Birthday Party</p><p>$5.99</p><a href="https://www.amazon.com/dp/B0D1JYM64F?tag=eloabder-20&linkCode=osi&th=1&psc=1">View Product</a></div>
<div class="product"><a href="https://www.amazon.com/dp/B085DP36VF?tag=eloabder-20&linkCode=osi&th=1&psc=1"><img src="https://m.media-amazon.com/images/I/516vaNkg0iL._SL500_.jpg" alt="Product Image"></a><p>Soucolor Art Brush Markers Pens for Adult Coloring Books, 34 Colors Numbered Dual Tip (Brush and Fine Point) Marker Pen for Kids Note taking Planner Lettering Calligraphy Drawing Preppy School Stuff</p><p>$9.99</p><a href="https://www.amazon.com/dp/B085DP36VF?tag=eloabder-20&linkCode=osi&th=1&psc=1">View Product</a></div><div class="product"><a href="https://www.amazon.com/dp/B075WQPKNK?tag=eloabder-20&linkCode=osi&th=1&psc=1"><img src="https://m.media-amazon.com/images/I/51EOXvmdwnL._SL500_.jpg" alt="Product Image"></a><p>Dual Brush Marker Pens for Coloring Books, Tanmit Fine Tip Coloring Marker & Brush Pen Set for Journaling Note Taking Writing Planning Art Project</p><p>$7.97</p><a href="https://www.amazon.com/dp/B075WQPKNK?tag=eloabder-20&linkCode=osi&th=1&psc=1">View Product</a></div>
<div class="product"><a href="https://www.amazon.com/dp/B0BWH7CWFW?tag=eloabder-20&linkCode=osi&th=1&psc=1"><img src="https://m.media-amazon.com/images/I/51jUg2AkDyL._SL500_.jpg" alt="Product Image"></a><p>AnyMark 60 Colors Alcohol Markers, Markers Set, Dual Tip Alcohol Based Art Markers for Kids Adults Coloring Drawing, Chisel & Fine</p><p>$19.99 ($0.33 / Count)</p><a href="https://www.amazon.com/dp/B0BWH7CWFW?tag=eloabder-20&linkCode=osi&th=1&psc=1">View Product</a></div><div class="product"><a href="https://www.amazon.com/dp/B07CJ8QXF8?tag=eloabder-20&linkCode=osi&th=1&psc=1"><img src="https://m.media-amazon.com/images/I/51bChi4-H4L._SL500_.jpg" alt="Product Image"></a><p>Dual Markers Brush Pens, 36 Fine Point Art Marker, Double Tip Colored Pen for Adult Coloring Hand Lettering, School Classroom Art Suppliers</p><p>$9.99</p><a href="https://www.amazon.com/dp/B07CJ8QXF8?tag=eloabder-20&linkCode=osi&th=1&psc=1">View Product</a></div><div class="product"><a href="https://www.amazon.com/dp/B0CMLFSJ32?tag=eloabder-20&linkCode=osi&th=1&psc=1"><img src="https://m.media-amazon.com/images/I/51tOlopoSsL._SL500_.jpg" alt="Product Image"></a><p>TOSHARE Double Brush Marker Pens, 72 Colors Art Markers Set with Fine Tip and Brush Tip for Kids Adult Coloring Book Hand Lettering Calligraphy Drawing Art Supplies Kit</p><p>$29.99</p><a href="https://www.amazon.com/dp/B0CMLFSJ32?tag=eloabder-20&linkCode=osi&th=1&psc=1">View Product</a></div><div class="product"><a href="https://www.amazon.com/dp/B0BYD5M7LQ?tag=eloabder-20&linkCode=osi&th=1&psc=1"><img src="https://m.media-amazon.com/images/I/51sfVuA2MJL._SL500_.jpg" alt="Product Image"></a><p>AnyMark 48 Colors Alcohol Markers, Markers Set, Dual Tip Alcohol Based Art Markers for Kids Adults Coloring Drawing, Chisel & Fine</p><p>$12.99 ($0.27 / Count)</p><a href="https://www.amazon.com/dp/B0BYD5M7LQ?tag=eloabder-20&linkCode=osi&th=1&psc=1">View Product</a></div><div class="product"><a href="https://www.amazon.com/dp/B078N2RFJ9?tag=eloabder-20&linkCode=osi&th=1&psc=1"><img src="https://m.media-amazon.com/images/I/415IZ1EQzEL._SL500_.jpg" alt="Product Image"></a><p>MemOffice 80 Colors Dual Tip Artist Alcohol Markers Set with Carrying Case - Perfect for Coloring, Drawing, Sketching, Card Making and Illustration - Perfect for Adults and Kids</p><p>$22.99</p><a href="https://www.amazon.com/dp/B078N2RFJ9?tag=eloabder-20&linkCode=osi&th=1&psc=1">View Product</a></div><div class="product"><a href="https://www.amazon.com/dp/B0891WKPN3?tag=eloabder-20&linkCode=osi&th=1&psc=1"><img src="https://m.media-amazon.com/images/I/51qPnBJt4QL._SL500_.jpg" alt="Product Image"></a><p>Caliart 34 Double Tip Brush Pens Art Markers, Aesthetic Cute Preppy Stuff School Supplies, Artist Fine & Brush Pen Coloring Markers for Kids Adult Book Cards Drawing Craft Kit Teacher Office Supplies</p><p>$9.99</p><a href="https://www.amazon.com/dp/B0891WKPN3?tag=eloabder-20&linkCode=osi&th=1&psc=1">View Product</a></div><div class="product"><a href="https://www.amazon.com/dp/B08GX1FXG5?tag=eloabder-20&linkCode=osi&th=1&psc=1"><img src="https://m.media-amazon.com/images/I/61VK97q6UUL._SL500_.jpg" alt="Product Image"></a><p>Mogyann Markers for Adult 100 Colors Dual Tip Pens with Fine and Brush Tip for Coloring and Calligraphy Drawing</p><p>$26.99</p><a href="https://www.amazon.com/dp/B08GX1FXG5?tag=eloabder-20&linkCode=osi&th=1&psc=1">View Product</a></div>
<div class="product"><a href="https://www.amazon.com/dp/B002LARR8A?tag=eloabder-20&linkCode=osi&th=1&psc=1"><img src="https://m.media-amazon.com/images/I/41G5vXNB91L._SL500_.jpg" alt="Product Image"></a><p>Prang (Formerly SunWorks) Construction Paper, 10 Assorted Colors, 12" x 18", 100 Sheets</p><p>$13.09</p><a href="https://www.amazon.com/dp/B002LARR8A?tag=eloabder-20&linkCode=osi&th=1&psc=1">View Product</a></div><div class="product"><a href="https://www.amazon.com/dp/B001AZ9S6G?tag=eloabder-20&linkCode=osi&th=1&psc=1"><img src="https://m.media-amazon.com/images/I/41kI6AxAEvL._SL500_.jpg" alt="Product Image"></a><p>Prang (Formerly SunWorks) Construction Paper, White, 12" x 18", 50 Sheets</p><p>$6.86</p><a href="https://www.amazon.com/dp/B001AZ9S6G?tag=eloabder-20&linkCode=osi&th=1&psc=1">View Product</a></div>

<div class="product"><a href="https://www.amazon.com/dp/B003JJIEKC?tag=eloabder-20&linkCode=osi&th=1&psc=1"><img src="https://m.media-amazon.com/images/I/51CnC6280iL._SL500_.jpg" alt="Product Image"></a><p>2 Rolls/Pack 7/32 Copper Foil (Copper Backed)</p><p>$24.21</p><a href="https://www.amazon.com/dp/B003JJIEKC?tag=eloabder-20&linkCode=osi&th=1&psc=1">View Product</a></div><div class="product"><a href="https://www.amazon.com/dp/B0CXXD14QS?tag=eloabder-20&linkCode=osi&th=1&psc=1"><img src="https://m.media-amazon.com/images/I/31MLEFbqdaL._SL500_.jpg" alt="Product Image"></a><p>YEZHET 7/32 Inch Black Backed Copper foil for Stained Glass (2Roll)</p><p>$16.99</p><a href="https://www.amazon.com/dp/B0CXXD14QS?tag=eloabder-20&linkCode=osi&th=1&psc=1">View Product</a></div><div class="product"><a href="https://www.amazon.com/dp/B00359QVPG?tag=eloabder-20&linkCode=osi&th=1&psc=1"><img src="https://m.media-amazon.com/images/I/41hRCFiP1dL._SL500_.jpg" alt="Product Image"></a><p>Edco 3/16 Black Backed Copper Foil</p><p>$14.75</p><a href="https://www.amazon.com/dp/B00359QVPG?tag=eloabder-20&linkCode=osi&th=1&psc=1">View Product</a></div><div class="product"><a href="https://www.amazon.com/dp/B004BNDZSG?tag=eloabder-20&linkCode=osi&th=1&psc=1"><img src="https://m.media-amazon.com/images/I/519NZ7L73gL._SL500_.jpg" alt="Product Image"></a><p>Studio Pro 1/4-Inch Black Lined Copper Foil</p><p>$10.90</p><a href="https://www.amazon.com/dp/B004BNDZSG?tag=eloabder-20&linkCode=osi&th=1&psc=1">View Product</a></div><div class="product"><a href="https://www.amazon.com/dp/B0C3Z37LZK?tag=eloabder-20&linkCode=osi&th=1&psc=1"><img src="https://m.media-amazon.com/images/I/41bhh73eatL._SL500_.jpg" alt="Product Image"></a><p>YEZHET Copper Foil Tape 2 Pack (7/32Inch) with Double-Sided Conductive, for Stained Glass, Electrical Repairs, DIY Handicrafts, Paper Circuits, Crafting</p><p>$7.99 ($0.53 / Foot)</p><a href="https://www.amazon.com/dp/B0C3Z37LZK?tag=eloabder-20&linkCode=osi&th=1&psc=1">View Product</a></div><div class="product"><a href="https://www.amazon.com/dp/B00WVKO1LG?tag=eloabder-20&linkCode=osi&th=1&psc=1"><img src="https://m.media-amazon.com/images/I/31J15yH0QGL._SL500_.jpg" alt="Product Image"></a><p>K&S 6020 Metallic Copper Crafting Foil, 0.005" Thick x 12" Width x 30" Long, 1 Piece, Made in The USA</p><p>$14.89</p><a href="https://www.amazon.com/dp/B00WVKO1LG?tag=eloabder-20&linkCode=osi&th=1&psc=1">View Product</a></div>
<div class="product"><a href="https://www.amazon.com/dp/B08YJBQ7WZ?tag=eloabder-20&linkCode=osi&th=1&psc=1"><img src="https://m.media-amazon.com/images/I/51MPyR+wDWL._SL500_.jpg" alt="Product Image"></a><p>45 Color Options Macrame Cord 2mm/3mm/4mm/5mm/6mmx109 Yards Cotton Cord, 4 Ply Twisted Yarn, Natural Perfect Supplies DIY Crafts (Natural White)</p><p>$4.98 ($0.02 / Foot)</p><a href="https://www.amazon.com/dp/B08YJBQ7WZ?tag=eloabder-20&linkCode=osi&th=1&psc=1">View Product</a></div><div class="product"><a href="https://www.amazon.com/dp/B07ZGD2G6B?tag=eloabder-20&linkCode=osi&th=1&psc=1"><img src="https://m.media-amazon.com/images/I/51pexzF494L._SL500_.jpg" alt="Product Image"></a><p>Tenn Well Leather String, 100 Yards 2.6mm Flat Suede Cord, Faux Leather Cord for Jewelry Making, Necklaces, Bracelets, Dream Catchers and DIY Crafts (Brown)</p><p>$9.99 ($0.03 / Foot)</p><a href="https://www.amazon.com/dp/B07ZGD2G6B?tag=eloabder-20&linkCode=osi&th=1&psc=1">View Product</a></div><div class="product"><a href="https://www.amazon.com/dp/B0CQF1LC2R?tag=eloabder-20&linkCode=osi&th=1&psc=1"><img src="https://m.media-amazon.com/images/I/51O0PgsjtpL._SL500_.jpg" alt="Product Image"></a><p>Anezus Rainbow Color Nylon Cord, Nylon Craft String, Silky Satin Rattail Cord Beading String for Braided Bracelets, Pendants Necklace, Macrame Keychains, Lanyards, Drawstring Bags, DIY Crafts, Sewing</p><p>$6.99 ($0.02 / Foot)</p><a href="https://www.amazon.com/dp/B0CQF1LC2R?tag=eloabder-20&linkCode=osi&th=1&psc=1">View Product</a></div><div class="product"><a href="https://www.amazon.com/dp/B0B7J9BZSN?tag=eloabder-20&linkCode=osi&th=1&psc=1"><img src="https://m.media-amazon.com/images/I/41Orf+Dg9FL._SL500_.jpg" alt="Product Image"></a><p>2 mm 330 Feet Satin Nylon Cord String for Jewelry Making Bracelet Necklaces Beading Thread Rattail Macrame Kumihimo Chinese Knot Craft</p><p>$7.99 ($0.02 / Foot)</p><a href="https://www.amazon.com/dp/B0B7J9BZSN?tag=eloabder-20&linkCode=osi&th=1&psc=1">View Product</a></div><div class="product"><a href="https://www.amazon.com/dp/B08PZ2VDPM?tag=eloabder-20&linkCode=osi&th=1&psc=1"><img src="https://m.media-amazon.com/images/I/51DQgq3cfXL._SL500_.jpg" alt="Product Image"></a><p>Tenn Well Nylon Satin Cord, 295 Feet 2mm Black Nylon String for Jewelry Making, Silky Rattail Cord for Bracelets, Necklaces, Macrame Keychains, Lanyards, Beading</p><p>$7.99 ($0.03 / Foot)</p><a href="https://www.amazon.com/dp/B08PZ2VDPM?tag=eloabder-20&linkCode=osi&th=1&psc=1">View Product</a></div><div class="product"><a href="https://www.amazon.com/dp/B07TW9PGGB?tag=eloabder-20&linkCode=osi&th=1&psc=1"><img src="https://m.media-amazon.com/images/I/41C73YuzTWL._SL500_.jpg" alt="Product Image"></a><p>Macrame Cord,3mm x109 Yards 100% Natural Macrame Cords Colored Cotton Macrame Rope Craft Cord for DIY Crafts Knitting Plant Hangers Christmas Wedding Decor(Natural Color/Beige)</p><p>$4.98 ($0.02 / Foot)</p><a href="https://www.amazon.com/dp/B07TW9PGGB?tag=eloabder-20&linkCode=osi&th=1&psc=1">View Product</a></div><div class="product"><a href="https://www.amazon.com/dp/B0CS27R34B?tag=eloabder-20&linkCode=osi&th=1&psc=1"><img src="https://m.media-amazon.com/images/I/31hxjVrOTnL._SL500_.jpg" alt="Product Image"></a><p>2 mm x 330 Feet Satin Nylon Cord, Silky Smooth Nylon String for Jewelry Making Bracelet Necklaces Beading Thread Rattail Macrame Kumihimo Chinese Knot Craft</p><p>$7.99 ($0.02 / Foot)</p><a href="https://www.amazon.com/dp/B0CS27R34B?tag=eloabder-20&linkCode=osi&th=1&psc=1">View Product</a></div><div class="product"><a href="https://www.amazon.com/dp/B07GX8B3PC?tag=eloabder-20&linkCode=osi&th=1&psc=1"><img src="https://m.media-amazon.com/images/I/416oClGC4ZL._SL500_.jpg" alt="Product Image"></a><p>Tenn Well 5mm Macrame Cord, 165Feet Braided Cotton Rope Thick Craft Twine for Macrame Plant Hangers, Wall Hangings, Drawstrings, Clothes Lines, DIY Crafts (Beige)</p><p>$8.99 ($0.05 / Foot)</p><a href="https://www.amazon.com/dp/B07GX8B3PC?tag=eloabder-20&linkCode=osi&th=1&psc=1">View Product</a></div>
<div class="product"><a href="https://www.amazon.com/dp/B08LV18F93?tag=eloabder-20&linkCode=osi&th=1&psc=1"><img src="https://m.media-amazon.com/images/I/51XMGht9fSL._SL500_.jpg" alt="Product Image"></a><p>uxcell 20pcs Corrugated Cardboard Paper Sheets,Colorful,7.87-inch x 11.82-inch,for Craft and DIY Projects</p><p>$12.49 ($0.62 / Count)</p><a href="https://www.amazon.com/dp/B08LV18F93?tag=eloabder-20&linkCode=osi&th=1&psc=1">View Product</a></div><div class="product"><a href="https://www.amazon.com/dp/B009MRH3R0?tag=eloabder-20&linkCode=osi&th=1&psc=1"><img src="https://m.media-amazon.com/images/I/51KvHbQ47aL._SL500_.jpg" alt="Product Image"></a><p>Hygloss Corrugated Cardboard Sheets, 8-Pack, 8 Pieces</p><p>$10.13 ($1.27 / Count)</p><a href="https://www.amazon.com/dp/B009MRH3R0?tag=eloabder-20&linkCode=osi&th=1&psc=1">View Product</a></div><div class="product"><a href="https://www.amazon.com/dp/B08LV1DHM7?tag=eloabder-20&linkCode=osi&th=1&psc=1"><img src="https://m.media-amazon.com/images/I/41CqXQkVMyL._SL500_.jpg" alt="Product Image"></a><p>uxcell 10pcs Corrugated Cardboard Paper Sheets,Black,7.87-inch x 11.84-inch,for Craft and DIY Projects</p><p>$8.09 ($0.81 / Count)</p><a href="https://www.amazon.com/dp/B08LV1DHM7?tag=eloabder-20&linkCode=osi&th=1&psc=1">View Product</a></div><div class="product"><a href="https://www.amazon.com/dp/B07RNHX8GZ?tag=eloabder-20&linkCode=osi&th=1&psc=1"><img src="https://m.media-amazon.com/images/I/51LdlT0J20L._SL500_.jpg" alt="Product Image"></a><p>Bright Creations Corrugated Cardboard Paper Sheets (8.5 x 11 in, Black, 48-Pack)</p><p>$16.99 ($0.35 / Count)</p><a href="https://www.amazon.com/dp/B07RNHX8GZ?tag=eloabder-20&linkCode=osi&th=1&psc=1">View Product</a></div><div class="product"><a href="https://www.amazon.com/dp/B07GZHK7KC?tag=eloabder-20&linkCode=osi&th=1&psc=1"><img src="https://m.media-amazon.com/images/I/51LbINh9qtL._SL500_.jpg" alt="Product Image"></a><p>64 Pack Colored Corrugated Cardboard Sheets for Crafts, Art Projects, DIY Signs, 8 Bright Colors (8.3 x 11.8 in)</p><p>$19.99 ($0.31 / Count)</p><a href="https://www.amazon.com/dp/B07GZHK7KC?tag=eloabder-20&linkCode=osi&th=1&psc=1">View Product</a></div><div class="product"><a href="https://www.amazon.com/dp/B08LV1FW8M?tag=eloabder-20&linkCode=osi&th=1&psc=1"><img src="https://m.media-amazon.com/images/I/41glvw8zT3L._SL500_.jpg" alt="Product Image"></a><p>uxcell 10pcs Corrugated Cardboard Paper Sheets,White,7.87-inch x 11.86-inch,for Craft and DIY Projects</p><p>$9.49 ($0.95 / Count)</p><a href="https://www.amazon.com/dp/B08LV1FW8M?tag=eloabder-20&linkCode=osi&th=1&psc=1">View Product</a></div><div class="product"><a href="https://www.amazon.com/dp/B071KP3K72?tag=eloabder-20&linkCode=osi&th=1&psc=1"><img src="https://m.media-amazon.com/images/I/41Dr9t+PB8L._SL500_.jpg" alt="Product Image"></a><p>Corobuff Corrugated Paper, Brite Blue, 48" x 25', 1 Roll</p><p>$38.52</p><a href="https://www.amazon.com/dp/B071KP3K72?tag=eloabder-20&linkCode=osi&th=1&psc=1">View Product</a></div><div class="product"><a href="https://www.amazon.com/dp/B09TB1LKLG?tag=eloabder-20&linkCode=osi&th=1&psc=1"><img src="https://m.media-amazon.com/images/I/31ttSeubU9L._SL500_.jpg" alt="Product Image"></a><p>MECCANIXITY Corrugated Paper Sheets 25pcs 11.8-inch x 7.87-inch White Cardboard for DIY Craft</p><p>$13.99</p><a href="https://www.amazon.com/dp/B09TB1LKLG?tag=eloabder-20&linkCode=osi&th=1&psc=1">View Product</a></div><div class="product"><a href="https://www.amazon.com/dp/B0C372CGHG?tag=eloabder-20&linkCode=osi&th=1&psc=1"><img src="https://m.media-amazon.com/images/I/41EDnL7EWDL._SL500_.jpg" alt="Product Image"></a><p>DMiotech 5 Pack 7.87x11.81 Inch Corrugated Cardboard Paper Sheets DIY Projects Black for Box Making, Cards, Scrapbooks</p><p>$6.99 ($1.40 / Count)</p><a href="https://www.amazon.com/dp/B0C372CGHG?tag=eloabder-20&linkCode=osi&th=1&psc=1">View Product</a></div>
<div class="product"><a href="https://www.amazon.com/dp/B08PBJSDSH?tag=eloabder-20&linkCode=osi&th=1&psc=1"><img src="https://m.media-amazon.com/images/I/41pj8xbkfyL._SL500_.jpg" alt="Product Image"></a><p>100 Pieces Cotton Spun Paper Balls White Natural Spun Cotton Paper Balls Coloring Paper Balls for Making Paper Flowers DIY Crafts Decorations</p><p>$9.49</p><a href="https://www.amazon.com/dp/B08PBJSDSH?tag=eloabder-20&linkCode=osi&th=1&psc=1">View Product</a></div><div class="product"><a href="https://www.amazon.com/dp/B083W75XRT?tag=eloabder-20&linkCode=osi&th=1&psc=1"><img src="https://m.media-amazon.com/images/I/41C8TlFRJvL._SL500_.jpg" alt="Product Image"></a><p>Lia Griffith Cotton Spun Paper Balls, White, 20mm, 24 Count</p><p>$11.30 ($0.47 / Count)</p><a href="https://www.amazon.com/dp/B083W75XRT?tag=eloabder-20&linkCode=osi&th=1&psc=1">View Product</a></div>
<div class="product"><a href="https://www.amazon.com/dp/B0B1J8TYT1?tag=eloabder-20&linkCode=osi&th=1&psc=1"><img src="https://m.media-amazon.com/images/I/41NdyrANVlL._SL500_.jpg" alt="Product Image"></a><p>HOTGODEN Medium Weight 100% Cotton Muslin Fabric: 63 inch x 2,5,10 Yards Unbleached Muslin Linen Fabric Material for Sewing Material Apparel Cloth</p><p>$12.99</p><a href="https://www.amazon.com/dp/B0B1J8TYT1?tag=eloabder-20&linkCode=osi&th=1&psc=1">View Product</a></div><div class="product"><a href="https://www.amazon.com/dp/B0B9HHD1QM?tag=eloabder-20&linkCode=osi&th=1&psc=1"><img src="https://m.media-amazon.com/images/I/313O1FHX2vL._SL500_.jpg" alt="Product Image"></a><p>Craftido-19 Options-100% Cotton Fabric by The yard in Solid Color 44”Wide by 3yd (9 ft) -Medium Weight 5.2 oz- for Quilting, Sewing, Crafts, Binding, Backing and Lining - White</p><p>$22.99</p><a href="https://www.amazon.com/dp/B0B9HHD1QM?tag=eloabder-20&linkCode=osi&th=1&psc=1">View Product</a></div><div class="product"><a href="https://www.amazon.com/dp/B0BHVMLTWV?tag=eloabder-20&linkCode=osi&th=1&psc=1"><img src="https://m.media-amazon.com/images/I/21vOg9h0nXL._SL500_.jpg" alt="Product Image"></a><p>HOTGODEN Light Weight 100% Cotton Muslin Fabric: 63 inch x 2,5,10 Yards Unbleached Muslin Linen Fabric Material for Sewing Material Apparel Cloth</p><p>$12.99</p><a href="https://www.amazon.com/dp/B0BHVMLTWV?tag=eloabder-20&linkCode=osi&th=1&psc=1">View Product</a></div><div class="product"><a href="https://www.amazon.com/dp/B093BQ3GMM?tag=eloabder-20&linkCode=osi&th=1&psc=1"><img src="https://m.media-amazon.com/images/I/61UmpTb+DVS._SL500_.jpg" alt="Product Image"></a><p>42Pcs 10"x10" Quilting Cotton Fabric Squares Sheets Pre-Cut Multi-Color Design Printed Floral Craft Fabric for DIY Sewing Scrapbooking Quilting Craft Patchwork (Red/Pink/Yellow/Green/Blue/Purple)</p><p>$12.88</p><a href="https://www.amazon.com/dp/B093BQ3GMM?tag=eloabder-20&linkCode=osi&th=1&psc=1">View Product</a></div><div class="product"><a href="https://www.amazon.com/dp/B08DTBZTFC?tag=eloabder-20&linkCode=osi&th=1&psc=1"><img src="https://m.media-amazon.com/images/I/41NKhg34TpL._SL500_.jpg" alt="Product Image"></a><p>Master FAB -Black 100% Cotton Fabric by The Yard for Sewing DIY Crafting Fashion Design Washable Cloth Bundles Voile;Full Width cuttable39 x 55inches (100x140cm) (Black Solid)</p><p>$9.99</p><a href="https://www.amazon.com/dp/B08DTBZTFC?tag=eloabder-20&linkCode=osi&th=1&psc=1">View Product</a></div>
<div class="product"><a href="https://www.amazon.com/dp/B08TZZ7F3P?tag=eloabder-20&linkCode=osi&th=1&psc=1"><img src="https://m.media-amazon.com/images/I/41J8e8Zfz1S._SL500_.jpg" alt="Product Image"></a><p>Hdviai Macrame Cord - Natural Unbleached Macrame Rope - 4 Strand Twisted Cotton Rope for Wall Hanging，DIY Craft Making，Plant Hangers，Knotting Decorative Projects (White, 8mm x 20 Yards)</p><p>$9.99 ($0.17 / Foot)</p><a href="https://www.amazon.com/dp/B08TZZ7F3P?tag=eloabder-20&linkCode=osi&th=1&psc=1">View Product</a></div><div class="product"><a href="https://www.amazon.com/dp/B094Y2M3G5?tag=eloabder-20&linkCode=osi&th=1&psc=1"><img src="https://m.media-amazon.com/images/I/51C-4p5OSsS._SL500_.jpg" alt="Product Image"></a><p>SEMINI 100% Natural Cotton Cord,5mm x40 Yard Mixed Color Twine String Cord Colored Cotton Rope Craft Cord for DIY Crafts Knitting Plant Hangers Christmas Wedding Decorate (Mix Color)</p><p>$12.99</p><a href="https://www.amazon.com/dp/B094Y2M3G5?tag=eloabder-20&linkCode=osi&th=1&psc=1">View Product</a></div><div class="product"><a href="https://www.amazon.com/dp/B07NTT82FH?tag=eloabder-20&linkCode=osi&th=1&psc=1"><img src="https://m.media-amazon.com/images/I/41aw9F3nkmL._SL500_.jpg" alt="Product Image"></a><p>Feelmate 6mm x 164 Feet Cotton Rope Macrame Cord for Crafts Jewelry Making Home Decoration Gift Wrapping</p><p>$14.99 ($0.09 / Foot)</p><a href="https://www.amazon.com/dp/B07NTT82FH?tag=eloabder-20&linkCode=osi&th=1&psc=1">View Product</a></div><div class="product"><a href="https://www.amazon.com/dp/B09KRYCT3B?tag=eloabder-20&linkCode=osi&th=1&psc=1"><img src="https://m.media-amazon.com/images/I/41H918apC-L._SL500_.jpg" alt="Product Image"></a><p>Natural Cotton Rope, JEUIHAU 328 Feet 1/4 Inch Cotton Clothesline Rope, All-Purpose Braided Cotton Rope Utility Cord for Clothes Hanging, Crafting, Macrame, Basket Making, and DIY Art Projects</p><p>$25.99 ($0.08 / Foot)</p><a href="https://www.amazon.com/dp/B09KRYCT3B?tag=eloabder-20&linkCode=osi&th=1&psc=1">View Product</a></div>
<div class="product"><a href="https://www.amazon.com/dp/B07RRD6TBN?tag=eloabder-20&linkCode=osi&th=1&psc=1"><img src="https://m.media-amazon.com/images/I/31YqtfxjDuL._SL500_.jpg" alt="Product Image"></a><p>Connecting Threads 100% Cotton Thread - 1200 Yard Spool (White)</p><p>$8.99</p><a href="https://www.amazon.com/dp/B07RRD6TBN?tag=eloabder-20&linkCode=osi&th=1&psc=1">View Product</a></div><div class="product"><a href="https://www.amazon.com/dp/B07G4N3HCZ?tag=eloabder-20&linkCode=osi&th=1&psc=1"><img src="https://m.media-amazon.com/images/I/413UnNketKL._SL500_.jpg" alt="Product Image"></a><p>2-Pack - Gutermann Natural Cotton Thread Solids 876 Yards Each - White (800C 5709)</p><p>$16.17 ($8.08 / Count)</p><a href="https://www.amazon.com/dp/B07G4N3HCZ?tag=eloabder-20&linkCode=osi&th=1&psc=1">View Product</a></div><div class="product"><a href="https://www.amazon.com/dp/B07RSFSYLY?tag=eloabder-20&linkCode=osi&th=1&psc=1"><img src="https://m.media-amazon.com/images/I/31dM1Mx2uIL._SL500_.jpg" alt="Product Image"></a><p>Connecting Threads 100% Cotton Essential Thread 5000 Yard Cone (White)</p><p>$16.99</p><a href="https://www.amazon.com/dp/B07RSFSYLY?tag=eloabder-20&linkCode=osi&th=1&psc=1">View Product</a></div><div class="product"><a href="https://www.amazon.com/dp/B074H1JTPK?tag=eloabder-20&linkCode=osi&th=1&psc=1"><img src="https://m.media-amazon.com/images/I/41tOL4rkfFL._SL500_.jpg" alt="Product Image"></a><p>Simthread 12 Multi Colors 100% Cotton Sewing Thread 50s/3 Thread for Quilting etc - 550 Yards Each 12C02</p><p>$21.99 ($0.00 / Foot)</p><a href="https://www.amazon.com/dp/B074H1JTPK?tag=eloabder-20&linkCode=osi&th=1&psc=1">View Product</a></div><div class="product"><a href="https://www.amazon.com/dp/B07RPCNYXW?tag=eloabder-20&linkCode=osi&th=1&psc=1"><img src="https://m.media-amazon.com/images/I/41iUqMPb-gL._SL500_.jpg" alt="Product Image"></a><p>Connecting Threads 100% Cotton Thread - 1200 Yard Spool (Red)</p><p>$8.99</p><a href="https://www.amazon.com/dp/B07RPCNYXW?tag=eloabder-20&linkCode=osi&th=1&psc=1">View Product</a></div>
<div class="product"><a href="https://www.amazon.com/dp/B09SL5LT8W?tag=eloabder-20&linkCode=osi&th=1&psc=1"><img src="https://m.media-amazon.com/images/I/512Dhz0oTrL._SL500_.jpg" alt="Product Image"></a><p>B-7000 Glue Clear for Rhinestone Crafts, Jewelry and Bead Adhesive B7000 Semi Fluid High Viscosity Glues for Clothes Shoes Fabric Cell Phones Screen Repair Metal Stone Nail Art Glass (4x15 ml/0.5 oz)</p><p>$5.45</p><a href="https://www.amazon.com/dp/B09SL5LT8W?tag=eloabder-20&linkCode=osi&th=1&psc=1">View Product</a></div><div class="product"><a href="https://www.amazon.com/dp/B00178KLEY?tag=eloabder-20&linkCode=osi&th=1&psc=1"><img src="https://m.media-amazon.com/images/I/31wcgL5xRkL._SL500_.jpg" alt="Product Image"></a><p>Aleene's All Purpose Tacky Glue, 8-Ounce</p><p>$2.44 ($0.30 / Fl Oz)</p><a href="https://www.amazon.com/dp/B00178KLEY?tag=eloabder-20&linkCode=osi&th=1&psc=1">View Product</a></div><div class="product"><a href="https://www.amazon.com/dp/B088NN5GD8?tag=eloabder-20&linkCode=osi&th=1&psc=1"><img src="https://m.media-amazon.com/images/I/417dgxV3dfL._SL500_.jpg" alt="Product Image"></a><p>Bearly Art Precision Craft Glue - The Mini - 2fl oz with Tip Kit - Acid Free Archival - Strong Hold Adhesive - Ideal for Fine Paper Crafting Scrapbooking and Card Making - Made in USA</p><p>$12.99</p><a href="https://www.amazon.com/dp/B088NN5GD8?tag=eloabder-20&linkCode=osi&th=1&psc=1">View Product</a></div><div class="product"><a href="https://www.amazon.com/dp/B000BY6THS?tag=eloabder-20&linkCode=osi&th=1&psc=1"><img src="https://m.media-amazon.com/images/I/41WhjtET6sL._SL500_.jpg" alt="Product Image"></a><p>Aleene's Clear Gel Tacky Glue 4oz</p><p>$2.33</p><a href="https://www.amazon.com/dp/B000BY6THS?tag=eloabder-20&linkCode=osi&th=1&psc=1">View Product</a></div><div class="product"><a href="https://www.amazon.com/dp/B00KD6ZHA4?tag=eloabder-20&linkCode=osi&th=1&psc=1"><img src="https://m.media-amazon.com/images/I/31oecXt0Q+L._SL500_.jpg" alt="Product Image"></a><p>Aleene's Gel Glue, 8-Ounce, Clear</p><p>$4.44 ($0.56 / Fl Oz)</p><a href="https://www.amazon.com/dp/B00KD6ZHA4?tag=eloabder-20&linkCode=osi&th=1&psc=1">View Product</a></div><div class="product"><a href="https://www.amazon.com/dp/B07Y6RWHP1?tag=eloabder-20&linkCode=osi&th=1&psc=1"><img src="https://m.media-amazon.com/images/I/41B6C8VaOWL._SL500_.jpg" alt="Product Image"></a><p>Bearly Art Precision Craft Glue - The Original - 4fl oz - Tip Kit Included - Dries Clear - Metal Tip - Wrinkle Resistant - Flexible and Crack Resistant - Strong Hold Adhesive - Made in USA</p><p>$19.99 ($5.00 / Fl Oz)</p><a href="https://www.amazon.com/dp/B07Y6RWHP1?tag=eloabder-20&linkCode=osi&th=1&psc=1">View Product</a></div><div class="product"><a href="https://www.amazon.com/dp/B0D1BYTYWD?tag=eloabder-20&linkCode=osi&th=1&psc=1"><img src="https://m.media-amazon.com/images/I/41P6pr3DnTL._SL500_.jpg" alt="Product Image"></a><p>Joez Wonderful 6 Sheets Foam Adhesive Squares, 990pcs Total Double Sided Self Adhesive Dots, Precut Squares Strips Foam Tape for DIY Arts & Crafts, 2 Sizes (0.47in/12mm, 0.24in/6mm)</p><p>$5.59</p><a href="https://www.amazon.com/dp/B0D1BYTYWD?tag=eloabder-20&linkCode=osi&th=1&psc=1">View Product</a></div><div class="product"><a href="https://www.amazon.com/dp/B001683NAO?tag=eloabder-20&linkCode=osi&th=1&psc=1"><img src="https://m.media-amazon.com/images/I/31cwr-m138L._SL500_.jpg" alt="Product Image"></a><p>BEACON 3-in-1 Advanced Craft Glue - Fast-Drying, Crystal Clear Adhesive for Wood, Ceramics, Fabrics, and More, 4-Ounce</p><p>$8.99 ($2.25 / Fl Oz)</p><a href="https://www.amazon.com/dp/B001683NAO?tag=eloabder-20&linkCode=osi&th=1&psc=1">View Product</a></div><div class="product"><a href="https://www.amazon.com/dp/B0C5CB2KCT?tag=eloabder-20&linkCode=osi&th=1&psc=1"><img src="https://m.media-amazon.com/images/I/51GvFpuq9BL._SL500_.jpg" alt="Product Image"></a><p>B-7000 Craft Glue for Jewelry Making - 15ml/0.5oz (2 Pack) - Multi-Function B-7000 Super Adhesive Glues Liquid Fusion Glue for Rhinestones Crafts, Clothes Shoes, Fabric, Jewelry Making, Cell Phones</p><p>$5.99</p><a href="https://www.amazon.com/dp/B0C5CB2KCT?tag=eloabder-20&linkCode=osi&th=1&psc=1">View Product</a></div><div class="product"><a href="https://www.amazon.com/dp/B0011N832C?tag=eloabder-20&linkCode=osi&th=1&psc=1"><img src="https://m.media-amazon.com/images/I/41VYA3-u1QL._SL500_.jpg" alt="Product Image"></a><p>Glue Dots, Craft Dots, Double-Sided, 1/2", .5 Inch, 200 Dots, DIY Craft Glue Tape, Sticky Adhesive Glue Points, Liquid Hot Glue Alternative, Clear</p><p>$4.88 ($0.02 / Count)</p><a href="https://www.amazon.com/dp/B0011N832C?tag=eloabder-20&linkCode=osi&th=1&psc=1">View Product</a></div>
<div class="product"><a href="https://www.amazon.com/dp/B07V3HLBVF?tag=eloabder-20&linkCode=osi&th=1&psc=1"><img src="https://m.media-amazon.com/images/I/41siDRjPEoL._SL500_.jpg" alt="Product Image"></a><p>bagmad 100 Pack 8x4.75x10 inch Plain Medium Paper Bags with Handles Bulk, Brown Kraft Bags, Craft Gift Bags, Grocery Shopping Retail Bags, Birthday Party Favors Wedding Bags Sacks (Brown, 100pcs)</p><p>$26.46 ($0.26 / Count)</p><a href="https://www.amazon.com/dp/B07V3HLBVF?tag=eloabder-20&linkCode=osi&th=1&psc=1">View Product</a></div><div class="product"><a href="https://www.amazon.com/dp/B07MLM81VG?tag=eloabder-20&linkCode=osi&th=1&psc=1"><img src="https://m.media-amazon.com/images/I/31j9z9qZ3mL._SL500_.jpg" alt="Product Image"></a><p>Qutuus Kraft Paper Bags with Handles Bulk 8x4.5x10 100 pcs Brown Paper Gift Bags Bulk Medium Size Kraft Bags, Brown Bags, Shopping Bags, Retail Bags, Craft Bags for Small Business</p><p>$25.99</p><a href="https://www.amazon.com/dp/B07MLM81VG?tag=eloabder-20&linkCode=osi&th=1&psc=1">View Product</a></div><div class="product"><a href="https://www.amazon.com/dp/B0CJ8PHN2Z?tag=eloabder-20&linkCode=osi&th=1&psc=1"><img src="https://m.media-amazon.com/images/I/41e7VEiBNIL._SL500_.jpg" alt="Product Image"></a><p>100 Pack 5.8x3.2x8.25 Inch Brown Kraft Paper Gift Bags with Handles - Bulk Small Plain Natural Bags for Birthday Party Favors, Grocery, Retail Shopping, Wedding, Craft, Goody, Takeouts, and Business</p><p>$18.99</p><a href="https://www.amazon.com/dp/B0CJ8PHN2Z?tag=eloabder-20&linkCode=osi&th=1&psc=1">View Product</a></div><div class="product"><a href="https://www.amazon.com/dp/B0BWMY43TD?tag=eloabder-20&linkCode=osi&th=1&psc=1"><img src="https://m.media-amazon.com/images/I/41FVul0hWRL._SL500_.jpg" alt="Product Image"></a><p>Brothersbox Brown Paper Bags with Handles Bulk 100PCS Kraft Paper Bags, 8 * 4.76 * 10 Inch Medium Craft Paper Gift Bags for Birthday Party Grocery Retail Shopping Business</p><p>$24.99</p><a href="https://www.amazon.com/dp/B0BWMY43TD?tag=eloabder-20&linkCode=osi&th=1&psc=1">View Product</a></div><div class="product"><a href="https://www.amazon.com/dp/B0C13GRG4D?tag=eloabder-20&linkCode=osi&th=1&psc=1"><img src="https://m.media-amazon.com/images/I/41L33B24HtL._SL500_.jpg" alt="Product Image"></a><p>Toovip 90 Pack Plain Brown Kraft Paper Bags with Handles Bulk, Multiple 3 Assorted Sizes Gift Bags for Favors Grocery Retail Party Birthday Shopping Business Goody Craft Merchandise Take Out Sacks</p><p>$26.99 ($0.30 / Count)</p><a href="https://www.amazon.com/dp/B0C13GRG4D?tag=eloabder-20&linkCode=osi&th=1&psc=1">View Product</a></div><div class="product"><a href="https://www.amazon.com/dp/B09Z2N3QKT?tag=eloabder-20&linkCode=osi&th=1&psc=1"><img src="https://m.media-amazon.com/images/I/416VQ3Ke3PL._SL500_.jpg" alt="Product Image"></a><p>Moretoes 40pcs Brown Paper Bags with Handles Assorted Size Gift Bags, Kraft Paper Bags, Paper Shopping Bags, Craft Bags, Merchandise Bags</p><p>$20.99</p><a href="https://www.amazon.com/dp/B09Z2N3QKT?tag=eloabder-20&linkCode=osi&th=1&psc=1">View Product</a></div><div class="product"><a href="https://www.amazon.com/dp/B0CHMTKBWS?tag=eloabder-20&linkCode=osi&th=1&psc=1"><img src="https://m.media-amazon.com/images/I/31QBYQW7LOL._SL500_.jpg" alt="Product Image"></a><p>Oikss 100 Pack 10x5x13 Plain Natural Brown Kraft Paper Bags with Handles Bulk for Birthday Party Favors Grocery Retail Shopping Business Goody Recycled Craft Gift Bags (Large Size, 100 Count)</p><p>$30.99</p><a href="https://www.amazon.com/dp/B0CHMTKBWS?tag=eloabder-20&linkCode=osi&th=1&psc=1">View Product</a></div><div class="product"><a href="https://www.amazon.com/dp/B0CRD6RXP3?tag=eloabder-20&linkCode=osi&th=1&psc=1"><img src="https://m.media-amazon.com/images/I/51lEnA2mgNL._SL500_.jpg" alt="Product Image"></a><p>XPCARE 100Pack Brown Paper Bags 8x4.5x10 Inch, Plain Medium Paper Bags with Handles Bulk, Kraft Paper Gift Bags, Retail Bags, Party Bags, Shopping Bags, Favor Bags</p><p>$19.99</p><a href="https://www.amazon.com/dp/B0CRD6RXP3?tag=eloabder-20&linkCode=osi&th=1&psc=1">View Product</a></div><div class="product"><a href="https://www.amazon.com/dp/B07V3J3Y5V?tag=eloabder-20&linkCode=osi&th=1&psc=1"><img src="https://m.media-amazon.com/images/I/41wn1f3QStL._SL500_.jpg" alt="Product Image"></a><p>bagmad 100 Pack 5.25x3.25x8 inch Brown Small Paper Bags with Handles Bulk, Gift Paper Bags, Kraft Birthday Party Favors Grocery Retail Shopping Craft Bags Takeouts Business (Plain Natural 100pcs)</p><p>$20.99 ($0.21 / Count)</p><a href="https://www.amazon.com/dp/B07V3J3Y5V?tag=eloabder-20&linkCode=osi&th=1&psc=1">View Product</a></div><div class="product"><a href="https://www.amazon.com/dp/B09HBN5248?tag=eloabder-20&linkCode=osi&th=1&psc=1"><img src="https://m.media-amazon.com/images/I/41iWymlepRL._SL500_.jpg" alt="Product Image"></a><p>Oikss 100 Pack 5.25x3.25x8.25 Inch Small Plain Natural Paper Kraft Gift Bags with Handles Bulk for Birthday Party Favors Grocery Retail Shopping Business Goody Craft Bags Cub (Brown 100 Count)</p><p>$20.99 ($0.21 / Count)</p><a href="https://www.amazon.com/dp/B09HBN5248?tag=eloabder-20&linkCode=osi&th=1&psc=1">View Product</a></div>
<div class="product"><a href="https://www.amazon.com/dp/B09C1YL7RQ?tag=eloabder-20&linkCode=osi&th=1&psc=1"><img src="https://m.media-amazon.com/images/I/615lFU8obCL._SL500_.jpg" alt="Product Image"></a><p>1000+ pcs Pony Beads, Multi-Colored Bracelet Beads for Hair Braids, Crafts, Plastic Beads (Medium Pack, Classic)…</p><p>$6.99 ($0.01 / Count)</p><a href="https://www.amazon.com/dp/B09C1YL7RQ?tag=eloabder-20&linkCode=osi&th=1&psc=1">View Product</a></div>
<div class="product"><a href="https://www.amazon.com/dp/B0C1RC5Y7F?tag=eloabder-20&linkCode=osi&th=1&psc=1"><img src="https://m.media-amazon.com/images/I/41Sf-YEnE+L._SL500_.jpg" alt="Product Image"></a><p>PerkHomy Brown Kraft Paper Roll 17.5" x 1,200" (100') for Gift Wrapping Bulletin Board Kids Craft Art Bouquet Flower Packing Moving Shipping Floor Covering Table 70GSM 50LB (Brown, 17.5" x 100')</p><p>$5.98</p><a href="https://www.amazon.com/dp/B0C1RC5Y7F?tag=eloabder-20&linkCode=osi&th=1&psc=1">View Product</a></div>
<div class="product"><a href="https://www.amazon.com/dp/B0044SA67G?tag=eloabder-20&linkCode=osi&th=1&psc=1"><img src="https://m.media-amazon.com/images/I/51UEqn6-w3L._SL500_.jpg" alt="Product Image"></a><p>Hygloss Products - 77640 Colorful Blank Books – Books for Journaling, Sketching, Writing & More – Great for Arts & Crafts - 10 Assorted Bright, Fun Colors - Pocket-Size - 4.25 x 5.5 Inches - 10 Pack</p><p>$8.18 ($0.82 / Count)</p><a href="https://www.amazon.com/dp/B0044SA67G?tag=eloabder-20&linkCode=osi&th=1&psc=1">View Product</a></div><div class="product"><a href="https://www.amazon.com/dp/B09WQCHK3M?tag=eloabder-20&linkCode=osi&th=1&psc=1"><img src="https://m.media-amazon.com/images/I/61JMYPiYGRL._SL500_.jpg" alt="Product Image"></a><p>Aigybobo Origami Paper Set, 308PCS Kids Craft Paper Kit with Instructional Book for Girls Age 6,7,8,9,10,11,12, Art Projects Supplies for School Class Craft Lessons- Christmas Gifts for Boys&Girls</p><p>$12.99</p><a href="https://www.amazon.com/dp/B09WQCHK3M?tag=eloabder-20&linkCode=osi&th=1&psc=1">View Product</a></div><div class="product"><a href="https://www.amazon.com/dp/B00I7E56NC?tag=eloabder-20&linkCode=osi&th=1&psc=1"><img src="https://m.media-amazon.com/images/I/21cxSReF5yL._SL500_.jpg" alt="Product Image"></a><p>Hygloss Products White Blank Books – Great Books for Journaling, Sketching, Writing & More – Fun for Arts & Crafts - Pocket-size - 4.25 x 5.5 Inches - 10 Pack</p><p>$13.00</p><a href="https://www.amazon.com/dp/B00I7E56NC?tag=eloabder-20&linkCode=osi&th=1&psc=1">View Product</a></div><div class="product"><a href="https://www.amazon.com/dp/B07YGRCXVT?tag=eloabder-20&linkCode=osi&th=1&psc=1"><img src="https://m.media-amazon.com/images/I/51Oxy0SqbES._SL500_.jpg" alt="Product Image"></a><p>Origami Paper | 350 Origami Paper Kit | Set Includes - 300 Sheets 20 Colors 6x6 | 50 Traditional Japanese Patterns | Origami Book 25 Easy Colored Projects | Kids Crafts | Christmas Gifts for boys 8-12</p><p>$17.99</p><a href="https://www.amazon.com/dp/B07YGRCXVT?tag=eloabder-20&linkCode=osi&th=1&psc=1">View Product</a></div><div class="product"><a href="https://www.amazon.com/dp/B07VDCVN3T?tag=eloabder-20&linkCode=osi&th=1&psc=1"><img src="https://m.media-amazon.com/images/I/516u8vopNML._SL500_.jpg" alt="Product Image"></a><p>Gamenote Colorful Origami Kit for Kids 54 Projects 120 Double Sided Origami Paper 12 Sheets Practice Papers Instructional Origami Book Origami Gift for 4+ Girls Boys Adult Beginners Training Craft</p><p>$11.99</p><a href="https://www.amazon.com/dp/B07VDCVN3T?tag=eloabder-20&linkCode=osi&th=1&psc=1">View Product</a></div>



<div class="product"><a href="https://www.amazon.com/dp/B01GCLS32M?tag=eloabder-20&linkCode=osi&th=1&psc=1"><img src="https://m.media-amazon.com/images/I/51xf1ALKGyL._SL500_.jpg" alt="Product Image"></a><p>42pcs Felt Fabric Sheet 4"x4" Assorted Color DIY Craft Squares Nonwoven 1mm Thick</p><p>$6.68</p><a href="https://www.amazon.com/dp/B01GCLS32M?tag=eloabder-20&linkCode=osi&th=1&psc=1">View Product</a></div><div class="product"><a href="https://www.amazon.com/dp/B0CY56NFL7?tag=eloabder-20&linkCode=osi&th=1&psc=1"><img src="https://m.media-amazon.com/images/I/51jZtTDxNCL._SL500_.jpg" alt="Product Image"></a><p>XSEINO 12 Rolls 8"x35"(20.5x90cm) 1.4mm Thick Soft Felt Fabric Sheet 12 Assorted Colors Felt Pack for DIY Craft Sewing Squares Nonwoven Patchwork</p><p>$11.99</p><a href="https://www.amazon.com/dp/B0CY56NFL7?tag=eloabder-20&linkCode=osi&th=1&psc=1">View Product</a></div><div class="product"><a href="https://www.amazon.com/dp/B07VHMT14L?tag=eloabder-20&linkCode=osi&th=1&psc=1"><img src="https://m.media-amazon.com/images/I/61DSrnEAvjL._SL500_.jpg" alt="Product Image"></a><p>150Pcs 4" x 4" (10cm x 10cm) Cotton Craft Fabric Bundle Squares,Squares Sheets Patchwork,Pre-Cut Quilt Squares,DIY Sewing Quarters Bundle,Quilting Fabric Bundles</p><p>$9.99</p><a href="https://www.amazon.com/dp/B07VHMT14L?tag=eloabder-20&linkCode=osi&th=1&psc=1">View Product</a></div><div class="product"><a href="https://www.amazon.com/dp/B08GJHYMGN?tag=eloabder-20&linkCode=osi&th=1&psc=1"><img src="https://m.media-amazon.com/images/I/51wD1FT1eeL._SL500_.jpg" alt="Product Image"></a><p>50pcs 8 x 8 inches Multicolor Cotton Fabric Bundle Squares for Quilting Sewing, Precut Fabric Squares for Craft Patchwork</p><p>$13.77</p><a href="https://www.amazon.com/dp/B08GJHYMGN?tag=eloabder-20&linkCode=osi&th=1&psc=1">View Product</a></div><div class="product"><a href="https://www.amazon.com/dp/B0C6K98T96?tag=eloabder-20&linkCode=osi&th=1&psc=1"><img src="https://m.media-amazon.com/images/I/51M-+hitpAL._SL500_.jpg" alt="Product Image"></a><p>42pcs 6 x 6 inches Felt Fabric Sheets - Fabrics DIY Craftwork Sewing Patchwork, Felt Crafts Assorted Colour Polyester Felt Sheet for Art and Craft</p><p>$4.99</p><a href="https://www.amazon.com/dp/B0C6K98T96?tag=eloabder-20&linkCode=osi&th=1&psc=1">View Product</a></div><div class="product"><a href="https://www.amazon.com/dp/B0C9BYD9ND?tag=eloabder-20&linkCode=osi&th=1&psc=1"><img src="https://m.media-amazon.com/images/I/418r7XqmEKL._SL500_.jpg" alt="Product Image"></a><p>40Pcs Felt Fabric Sheets - 4x4 inch DIY Craft Felt, 1mm Thick Non-Woven Patchwork Material for School Projects & Decoration - 40 Assorted Colors (10 x 10cm)</p><p>$4.99</p><a href="https://www.amazon.com/dp/B0C9BYD9ND?tag=eloabder-20&linkCode=osi&th=1&psc=1">View Product</a></div><div class="product"><a href="https://www.amazon.com/dp/B0BWRN4RHP?tag=eloabder-20&linkCode=osi&th=1&psc=1"><img src="https://m.media-amazon.com/images/I/51HHQcV3njL._SL500_.jpg" alt="Product Image"></a><p>Large Stiff Felt Sheets Bundle: LOTOFUN 10pcs 8x35Inch Assorted Rainbow Color Felts Sheet for Kids Crafts Squares Nonwoven Patchwork DIY Sewing</p><p>$11.99</p><a href="https://www.amazon.com/dp/B0BWRN4RHP?tag=eloabder-20&linkCode=osi&th=1&psc=1">View Product</a></div>
<div class="product"><a href="https://www.amazon.com/dp/B003U6QIUC?tag=eloabder-20&linkCode=osi&th=1&psc=1"><img src="https://m.media-amazon.com/images/I/51PyPJgIPlL._SL500_.jpg" alt="Product Image"></a><p>School Smart 85836 Maribu Feathers - 1/2 Ounce - Set of 150 - Assorted Colors</p><p>$3.52</p><a href="https://www.amazon.com/dp/B003U6QIUC?tag=eloabder-20&linkCode=osi&th=1&psc=1">View Product</a></div>
<div class="product"><a href="https://www.amazon.com/dp/B089DPDYKV?tag=eloabder-20&linkCode=osi&th=1&psc=1"><img src="https://m.media-amazon.com/images/I/51L58by1dXL._SL500_.jpg" alt="Product Image"></a><p>Better Office Products 100 Pack EVA Foam Sheets, 5.5 x 8.5 Inch, Assorted Colors (20 Colors), 2mm Thick, for Arts and Crafts, 100 Sheets</p><p>$13.99 ($0.14 / Count)</p><a href="https://www.amazon.com/dp/B089DPDYKV?tag=eloabder-20&linkCode=osi&th=1&psc=1">View Product</a></div><div class="product"><a href="https://www.amazon.com/dp/B08YXYN327?tag=eloabder-20&linkCode=osi&th=1&psc=1"><img src="https://m.media-amazon.com/images/I/41VfV+-ZFTL._SL500_.jpg" alt="Product Image"></a><p>EVA Foam Cosplay - 2mm (1mm to 10mm) - Black or White - 14" x 39" Sheet - Ultra High Density Craft Foam 85 kg/m3 - by The Foamory</p><p>$14.99</p><a href="https://www.amazon.com/dp/B08YXYN327?tag=eloabder-20&linkCode=osi&th=1&psc=1">View Product</a></div><div class="product"><a href="https://www.amazon.com/dp/B0CMTJDYRN?tag=eloabder-20&linkCode=osi&th=1&psc=1"><img src="https://m.media-amazon.com/images/I/310JuSzt+mL._SL500_.jpg" alt="Product Image"></a><p>Do²ping White Foam Sheets Crafts, 8.5x5.5 Inch Eva Craft Foam Paper for Crafts Project Classroom Scrapbook DIY Cosplay (White-10 Sheets)</p><p>$4.89 ($0.49 / Count)</p><a href="https://www.amazon.com/dp/B0CMTJDYRN?tag=eloabder-20&linkCode=osi&th=1&psc=1">View Product</a></div><div class="product"><a href="https://www.amazon.com/dp/B0C8B6N9TG?tag=eloabder-20&linkCode=osi&th=1&psc=1"><img src="https://m.media-amazon.com/images/I/51j0TiXHCTL._SL500_.jpg" alt="Product Image"></a><p>120 Pack EVA Foam Sheets, 8 x 6 Inch, 1mm Thick, Assorted 15 Colors Craft Foam Paper for School Supply and DIY Handcraft Projects</p><p>$15.99 ($0.13 / Count)</p><a href="https://www.amazon.com/dp/B0C8B6N9TG?tag=eloabder-20&linkCode=osi&th=1&psc=1">View Product</a></div>
<div class="product"><a href="https://www.amazon.com/dp/B01EK7LGH4?tag=eloabder-20&linkCode=osi&th=1&psc=1"><img src="https://m.media-amazon.com/images/I/41Xx+D+j6XL._SL500_.jpg" alt="Product Image"></a><p>Aleene's 3 Pack, 8 oz Tacky Glue, 8 FL OZ, Original Version 3 Count</p><p>$11.17 ($0.47 / Fl Oz)</p><a href="https://www.amazon.com/dp/B01EK7LGH4?tag=eloabder-20&linkCode=osi&th=1&psc=1">View Product</a></div><div class="product"><a href="https://www.amazon.com/dp/B0D59G56SG?tag=eloabder-20&linkCode=osi&th=1&psc=1"><img src="https://m.media-amazon.com/images/I/41BsDwUSwdL._SL500_.jpg" alt="Product Image"></a><p>4oz Craft Glue & Precision Tips, Strong Tacky Glue, Craft Glue Bottles with Fine Tip, Craft Glue Dry Clear, Fabric Glue Permanent for Paper Crafting Scrapbooking/Card Making/Etc</p><p>$8.58</p><a href="https://www.amazon.com/dp/B0D59G56SG?tag=eloabder-20&linkCode=osi&th=1&psc=1">View Product</a></div><div class="product"><a href="https://www.amazon.com/dp/B004DNX6EW?tag=eloabder-20&linkCode=osi&th=1&psc=1"><img src="https://m.media-amazon.com/images/I/51RkAeJv5hL._SL500_.jpg" alt="Product Image"></a><p>ELMERS CraftBond Extra Strength Glue Sticks, 6 Grams, 4 Count</p><p>$9.89 ($2.47 / Count)</p><a href="https://www.amazon.com/dp/B004DNX6EW?tag=eloabder-20&linkCode=osi&th=1&psc=1">View Product</a></div>
<div class="product"><a href="https://www.amazon.com/dp/B01ELWWX98?tag=eloabder-20&linkCode=osi&th=1&psc=1"><img src="https://m.media-amazon.com/images/I/51g67GhksOL._SL500_.jpg" alt="Product Image"></a><p>Maybe Swearing Will Help Adult Coloring Book Set - for Adults Relaxation with Markers in a Case - Motivational Swear Word Anxiety Relief - Color Cuss & Laugh Your Way to Less Stress</p><p>$24.99</p><a href="https://www.amazon.com/dp/B01ELWWX98?tag=eloabder-20&linkCode=osi&th=1&psc=1">View Product</a></div><div class="product"><a href="https://www.amazon.com/dp/B09X1YX59W?tag=eloabder-20&linkCode=osi&th=1&psc=1"><img src="https://m.media-amazon.com/images/I/61Cr68venIL._SL500_.jpg" alt="Product Image"></a><p>Hula Home Stained Glass Mandala Art Kit - DIY Window Clings with Markers, 10 Suncatchers - Perfect Hobby for Adults, Kids, Teens & Seniors - Ideal Gift for Beginners, Women & Elderly</p><p>$15.99</p><a href="https://www.amazon.com/dp/B09X1YX59W?tag=eloabder-20&linkCode=osi&th=1&psc=1">View Product</a></div><div class="product"><a href="https://www.amazon.com/dp/B0CGD74KX7?tag=eloabder-20&linkCode=osi&th=1&psc=1"><img src="https://m.media-amazon.com/images/I/51rNpMlv3wL._SL500_.jpg" alt="Product Image"></a><p>Shimmer Markers Outline Double Line: 12 Colors Metallic Glitter Pens Set Sparkle Kid Age 4 8 10 14 16 Year Old Gift Doodle Drawing Supplies Art Craft Teen Girl Cute Stuff Mother's Day Basket Ideas</p><p>$9.99</p><a href="https://www.amazon.com/dp/B0CGD74KX7?tag=eloabder-20&linkCode=osi&th=1&psc=1">View Product</a></div>

<div class="product"><a href="https://www.amazon.com/dp/B08395C5GC?tag=eloabder-20&linkCode=osi&th=1&psc=1"><img src="https://m.media-amazon.com/images/I/61OgJOjMgQL._SL500_.jpg" alt="Product Image"></a><p>hapray Origami Kit 144 sheets Origami Paper for Kids 72 Patterns with Craft Guiding Book</p><p>$13.97</p><a href="https://www.amazon.com/dp/B08395C5GC?tag=eloabder-20&linkCode=osi&th=1&psc=1">View Product</a></div><div class="product"><a href="https://www.amazon.com/dp/B098WP659T?tag=eloabder-20&linkCode=osi&th=1&psc=1"><img src="https://m.media-amazon.com/images/I/61D4gTo+S1L._SL500_.jpg" alt="Product Image"></a><p>pigipigi Craft Origami Paper for Kids - 208 Sheets Vivid Colorful Folding Papers 54 Patterns Art Projects Kit for 5 6 7 8 9 10 11 12 Years Old Girl Boy Teen Birthday Gift Preschool Educational Toy</p><p>$11.99</p><a href="https://www.amazon.com/dp/B098WP659T?tag=eloabder-20&linkCode=osi&th=1&psc=1">View Product</a></div>
<div class="product"><a href="https://www.amazon.com/dp/B08TWGWRG4?tag=eloabder-20&linkCode=osi&th=1&psc=1"><img src="https://m.media-amazon.com/images/I/51KMwCTx2eL._SL500_.jpg" alt="Product Image"></a><p>Homum 200pcs Premium Gift Tags with 200 Root Natural Jute Twine, Double-Sided Available Kraft Paper Price Tags, Craft Tags Labels Jewelry Tags with String for Wedding Christmas Day Thanksgiving</p><p>$5.99</p><a href="https://www.amazon.com/dp/B08TWGWRG4?tag=eloabder-20&linkCode=osi&th=1&psc=1">View Product</a></div><div class="product"><a href="https://www.amazon.com/dp/B0BNG993ZV?tag=eloabder-20&linkCode=osi&th=1&psc=1"><img src="https://m.media-amazon.com/images/I/51xRPDQUVHL._SL500_.jpg" alt="Product Image"></a><p>200 Pack 2.2 Inch Wood Tags with Hole and Twine, Clipped Corner Rectangle Wooden Gifts Tag for Crafts Unfinished Labels (1.2x2.2 in)</p><p>$9.99 ($0.05 / Count)</p><a href="https://www.amazon.com/dp/B0BNG993ZV?tag=eloabder-20&linkCode=osi&th=1&psc=1">View Product</a></div><div class="product"><a href="https://www.amazon.com/dp/B07N1T58K9?tag=eloabder-20&linkCode=osi&th=1&psc=1"><img src="https://m.media-amazon.com/images/I/41dUfeOE8BL._SL500_.jpg" alt="Product Image"></a><p>2.5" x 3" Vintage Frame Brown Kraft Present Tag Sticker / 250 Present Labels/Canning Packaging Organization Label/Made in The USA</p><p>$15.99</p><a href="https://www.amazon.com/dp/B07N1T58K9?tag=eloabder-20&linkCode=osi&th=1&psc=1">View Product</a></div>
<div class="product"><a href="https://www.amazon.com/dp/B08Y8YRXVQ?tag=eloabder-20&linkCode=osi&th=1&psc=1"><img src="https://m.media-amazon.com/images/I/51DyT7Dd1BL._SL500_.jpg" alt="Product Image"></a><p>72 Pieces Craft Magnets Glass Ceramic Ferrite Magnet with Adhesive Backing and Transparent Clear Glass Cabochons for DIY Craft Fridge Refrigerator Magnets Pendants(Round,1 Inch)</p><p>$12.99 ($0.18 / Count)</p><a href="https://www.amazon.com/dp/B08Y8YRXVQ?tag=eloabder-20&linkCode=osi&th=1&psc=1">View Product</a></div><div class="product"><a href="https://www.amazon.com/dp/B07XDC7FP9?tag=eloabder-20&linkCode=osi&th=1&psc=1"><img src="https://m.media-amazon.com/images/I/41JKgogWT9L._SL500_.jpg" alt="Product Image"></a><p>Magnetic Dots - Self Adhesive Magnet Dots (0.8" x 0.8") - Classroom Must Have Peel & Stick Magnetic Circles - Flexible Sticky Magnets - Sheets is Alternative, Stickers, Strip, Magnetic Tape (120 Pcs)</p><p>$17.99</p><a href="https://www.amazon.com/dp/B07XDC7FP9?tag=eloabder-20&linkCode=osi&th=1&psc=1">View Product</a></div><div class="product"><a href="https://www.amazon.com/dp/B0CSS92G7H?tag=eloabder-20&linkCode=osi&th=1&psc=1"><img src="https://m.media-amazon.com/images/I/51HRyW91ivL._SL500_.jpg" alt="Product Image"></a><p>116pcs Craft Magnets Glass Ceramic Ferrite Magnet with Adhesive Backing and Clear Glass Cabochons for DIY Craft Fridge Refrigerator Magnets (Round,1 Inch,58 Sets)</p><p>$11.96</p><a href="https://www.amazon.com/dp/B0CSS92G7H?tag=eloabder-20&linkCode=osi&th=1&psc=1">View Product</a></div><div class="product"><a href="https://www.amazon.com/dp/B09WCXS3NV?tag=eloabder-20&linkCode=osi&th=1&psc=1"><img src="https://m.media-amazon.com/images/I/51jUQGCcMPL._SL500_.jpg" alt="Product Image"></a><p>DIYMAG Magnetic Adhesive Sheets, |4" x 6"|, 10 Pack Cuttable, Flexible magnet sheets with adhesive for Crafts, Photos, Easy Peel and Stick</p><p>$5.99 ($0.60 / Count)</p><a href="https://www.amazon.com/dp/B09WCXS3NV?tag=eloabder-20&linkCode=osi&th=1&psc=1">View Product</a></div><div class="product"><a href="https://www.amazon.com/dp/B08MVRBN2C?tag=eloabder-20&linkCode=osi&th=1&psc=1"><img src="https://m.media-amazon.com/images/I/51YQW8Hbf3S._SL500_.jpg" alt="Product Image"></a><p>Round Magnets with Adhesive Backing, 120 Pieces Magnet Circles (Diameter 0.8’” x 0.08”) on 4 Tape Sheets, with 3M Strong Adhesive Backing. Perfect for DIY, Art Projects, whiteboards & Fridge</p><p>$10.95</p><a href="https://www.amazon.com/dp/B08MVRBN2C?tag=eloabder-20&linkCode=osi&th=1&psc=1">View Product</a></div><div class="product"><a href="https://www.amazon.com/dp/B0CJHYN7K2?tag=eloabder-20&linkCode=osi&th=1&psc=1"><img src="https://m.media-amazon.com/images/I/51ZowdEZwbL._SL500_.jpg" alt="Product Image"></a><p>124pcs Craft Magnets Glass w Adhesive Backing and Transparent Clear Glass Cabochons DIY Craft Fridge Magnets Sticker for Refrigerator(62 Sets,1 Inch)</p><p>$13.99 ($0.23 / Count)</p><a href="https://www.amazon.com/dp/B0CJHYN7K2?tag=eloabder-20&linkCode=osi&th=1&psc=1">View Product</a></div><div class="product"><a href="https://www.amazon.com/dp/B09BBHBZMG?tag=eloabder-20&linkCode=osi&th=1&psc=1"><img src="https://m.media-amazon.com/images/I/51kT5DaZIPL._SL500_.jpg" alt="Product Image"></a><p>Mr. Pen- Adhesive Magnetic Sheets, 4" x 6", 10 Pack, with Adhesive Backing, Flexible Picture Magnets, Cuttable Magnetic Sheets.</p><p>$5.85</p><a href="https://www.amazon.com/dp/B09BBHBZMG?tag=eloabder-20&linkCode=osi&th=1&psc=1">View Product</a></div><div class="product"><a href="https://www.amazon.com/dp/B07V4STWPV?tag=eloabder-20&linkCode=osi&th=1&psc=1"><img src="https://m.media-amazon.com/images/I/51g56RBuH8L._SL500_.jpg" alt="Product Image"></a><p>Magnetic Sheets with Adhesive Backing - Each 4" x 6" - Flexible Magnetic Paper with Strong Self Adhesive - Sticky Magnet Sheets for Photo and Picture Magnets, Stickers and Other Craft Magnets</p><p>$5.99 ($0.60 / Count)</p><a href="https://www.amazon.com/dp/B07V4STWPV?tag=eloabder-20&linkCode=osi&th=1&psc=1">View Product</a></div>
<div class="product"><a href="https://www.amazon.com/dp/B09VCYS41G?tag=eloabder-20&linkCode=osi&th=1&psc=1"><img src="https://m.media-amazon.com/images/I/61bdWXYPddL._SL500_.jpg" alt="Product Image"></a><p>Betem 24 Colors Dual Tip Acrylic Paint Pens Markers, Premium Acrylic Paint Pens for Wood, Canvas, Stone, Rock Painting, Glass, Ceramic Surfaces, DIY Crafts Making Art Supplies</p><p>$11.99</p><a href="https://www.amazon.com/dp/B09VCYS41G?tag=eloabder-20&linkCode=osi&th=1&psc=1">View Product</a></div><div class="product"><a href="https://www.amazon.com/dp/B0BN7WJFPR?tag=eloabder-20&linkCode=osi&th=1&psc=1"><img src="https://m.media-amazon.com/images/I/51vvJ6c6MPL._SL500_.jpg" alt="Product Image"></a><p>24 Colors Acrylic Paint Pens, Dual Tip Acrylic Paint Markers with Brush Tip and Fine Tip, Acrylic Pens for Rock Painting, Wood, Canvas, Stone, Glass, Ceramic,DIY Crafts Making Art Supplies</p><p>$9.99</p><a href="https://www.amazon.com/dp/B0BN7WJFPR?tag=eloabder-20&linkCode=osi&th=1&psc=1">View Product</a></div><div class="product"><a href="https://www.amazon.com/dp/B0CX1BD86P?tag=eloabder-20&linkCode=osi&th=1&psc=1"><img src="https://m.media-amazon.com/images/I/51w2YBDoYfL._SL500_.jpg" alt="Product Image"></a><p>TBC The Best Crafts 24 Colors Dual Tip Acrylic Paint Markers,Waterproof, Non-Toxic, odorless, Suitable for Paper, Pottery, Stones, Backpacks, Glass</p><p>$9.99</p><a href="https://www.amazon.com/dp/B0CX1BD86P?tag=eloabder-20&linkCode=osi&th=1&psc=1">View Product</a></div><div class="product"><a href="https://www.amazon.com/dp/B09SWJRSSX?tag=eloabder-20&linkCode=osi&th=1&psc=1"><img src="https://m.media-amazon.com/images/I/61OthBr2r9L._SL500_.jpg" alt="Product Image"></a><p>Acrylic Paint Pens Paint Markers Set of 18: Fine Point for Rock Painting Glass Wood Ceramic Fabric Metal Canvas Easter Eggs Pumpkin Kit, Drawing Art Crafts for Adults Scrapbooking Supplies</p><p>$10.99</p><a href="https://www.amazon.com/dp/B09SWJRSSX?tag=eloabder-20&linkCode=osi&th=1&psc=1">View Product</a></div><div class="product"><a href="https://www.amazon.com/dp/B09H2JRV1Y?tag=eloabder-20&linkCode=osi&th=1&psc=1"><img src="https://m.media-amazon.com/images/I/511FMxcdCzL._SL500_.jpg" alt="Product Image"></a><p>IVSUN 24 Colors Premium Extra Fine Point Acrylic Paint Marker Pens for Wood, Canvas, Stone, Rock Painting, Glass, Ceramic Surfaces, DIY Crafts Making Art Supplies (24PCS (0.7mm))</p><p>$8.99</p><a href="https://www.amazon.com/dp/B09H2JRV1Y?tag=eloabder-20&linkCode=osi&th=1&psc=1">View Product</a></div><div class="product"><a href="https://www.amazon.com/dp/B0BN8CW9ZY?tag=eloabder-20&linkCode=osi&th=1&psc=1"><img src="https://m.media-amazon.com/images/I/51n2byYcjqL._SL500_.jpg" alt="Product Image"></a><p>Acrylic Paint Pens Markers, 24 Colors Dual Tip Acrylic Paint Pens for Rock Painting, Wood, Canvas, Stone, Glass, Ceramic Surfaces, DIY Crafts Making Art Supplies (Round Tip and Fine Tip)</p><p>$9.99</p><a href="https://www.amazon.com/dp/B0BN8CW9ZY?tag=eloabder-20&linkCode=osi&th=1&psc=1">View Product</a></div><div class="product"><a href="https://www.amazon.com/dp/B07DB1TVND?tag=eloabder-20&linkCode=osi&th=1&psc=1"><img src="https://m.media-amazon.com/images/I/51KvMUBvqRL._SL500_.jpg" alt="Product Image"></a><p>JR.WHITE Acrylic Paint Pens Paint Markers for Rock Painting, Canvas, Wood, Glass, Fabric, Metal, Plastic, Arts Crafts Easter Eggs, Pumpkin, Scrapbooking Supplies, Graffiti Markers for Adults Kids</p><p>$11.19 ($0.93 / Count )</p><a href="https://www.amazon.com/dp/B07DB1TVND?tag=eloabder-20&linkCode=osi&th=1&psc=1">View Product</a></div><div class="product"><a href="https://www.amazon.com/dp/B07M6Y4FXZ?tag=eloabder-20&linkCode=osi&th=1&psc=1"><img src="https://m.media-amazon.com/images/I/61wQ1qJutWL._SL500_.jpg" alt="Product Image"></a><p>AROIC Paint Pens Paint Markers, 16 colors Oil-Based Waterproof Paint Marker Pen Set On Rock, Wood, Fabric, Metal, Plastic, Glass, Canvas, Mugs, Waterproof, DIY Craft and More</p><p>$11.99</p><a href="https://www.amazon.com/dp/B07M6Y4FXZ?tag=eloabder-20&linkCode=osi&th=1&psc=1">View Product</a></div>

<div class="product"><a href="https://www.amazon.com/dp/B0BQTYYVZH?tag=eloabder-20&linkCode=osi&th=1&psc=1"><img src="https://m.media-amazon.com/images/I/31i9+BVpDCL._SL500_.jpg" alt="Product Image"></a><p>Vanhench Brown Wrapping Paper, Craft Paper, Kraft Paper 17.5"x 1200"(100'), Gift Wrapping Bulletin Board Arts & Crafts, Bouquet Flower Table Covering Poster Packing Shipping Moving Supplies 65GSM 45LB</p><p>$5.98</p><a href="https://www.amazon.com/dp/B0BQTYYVZH?tag=eloabder-20&linkCode=osi&th=1&psc=1">View Product</a></div><div class="product"><a href="https://www.amazon.com/dp/B0CQZ1TYX9?tag=eloabder-20&linkCode=osi&th=1&psc=1"><img src="https://m.media-amazon.com/images/I/41RknmvlWSL._SL500_.jpg" alt="Product Image"></a><p>PerkHomy 36" x 2,400" (200') Brown Kraft Paper Roll for Gift Wrapping Bulletin Board Bouquet Flower Kids Wall Art Craft Packing Moving Shipping Parcel Postal Floor Covering Table Runner 70GSM 50LB</p><p>$30.99 ($0.05 / Sq Ft)</p><a href="https://www.amazon.com/dp/B0CQZ1TYX9?tag=eloabder-20&linkCode=osi&th=1&psc=1">View Product</a></div><div class="product"><a href="https://www.amazon.com/dp/B0C743LQ3M?tag=eloabder-20&linkCode=osi&th=1&psc=1"><img src="https://m.media-amazon.com/images/I/21HvZSNwJML._SL500_.jpg" alt="Product Image"></a><p>White Wrapping Paper Craft Paper Kraft Paper Roll 15" x 450", Bulletin Board Paper Roll, Arts & Crafts, Gift Wrapping Moving Packing Painting Drawing Paint Easel Poster Chart Paper, Kids Art Supplies</p><p>$4.99 ($0.11 / Sq Ft)</p><a href="https://www.amazon.com/dp/B0C743LQ3M?tag=eloabder-20&linkCode=osi&th=1&psc=1">View Product</a></div><div class="product"><a href="https://www.amazon.com/dp/B0D14FL3DF?tag=eloabder-20&linkCode=osi&th=1&psc=1"><img src="https://m.media-amazon.com/images/I/31IQZPHBHfL._SL500_.jpg" alt="Product Image"></a><p>SMART&CASUAL 15" x 450" (37.5') Kraft Paper Roll for Art Craft Supplies Gift Wrapping Moving Packing Kids Painting Drawing Paint Easel Poster Chart Paper (White, 15"W x 450"L (37.5'))</p><p>$4.98</p><a href="https://www.amazon.com/dp/B0D14FL3DF?tag=eloabder-20&linkCode=osi&th=1&psc=1">View Product</a></div><div class="product"><a href="https://www.amazon.com/dp/B0CX5D7W62?tag=eloabder-20&linkCode=osi&th=1&psc=1"><img src="https://m.media-amazon.com/images/I/31+skUeyllL._SL500_.jpg" alt="Product Image"></a><p>SMART&CASUAL 17.8"×1,200"(100') Brown Kraft Wrapping Paper for Craft Gift Bulletin Board Bouquet Flower Table Covering Packing Shipping Moving 70GSM 50LB</p><p>$7.98</p><a href="https://www.amazon.com/dp/B0CX5D7W62?tag=eloabder-20&linkCode=osi&th=1&psc=1">View Product</a></div><div class="product"><a href="https://www.amazon.com/dp/B0C2P7FGFM?tag=eloabder-20&linkCode=osi&th=1&psc=1"><img src="https://m.media-amazon.com/images/I/31Mnush+a-L._SL500_.jpg" alt="Product Image"></a><p>Brown Packing Paper 15"×450"(38'), Brown Paper Roll, Art Craft Paper, Kraft Paper Roll for Moving Boxes Supplies, Gift Wrapping Bouquet Flower Paper, Poster Bulletin Board Paper, Arts and Crafts</p><p>$4.99</p><a href="https://www.amazon.com/dp/B0C2P7FGFM?tag=eloabder-20&linkCode=osi&th=1&psc=1">View Product</a></div><div class="product"><a href="https://www.amazon.com/dp/B0BNCBSZRR?tag=eloabder-20&linkCode=osi&th=1&psc=1"><img src="https://m.media-amazon.com/images/I/31NTgModxdL._SL500_.jpg" alt="Product Image"></a><p>Kraft Paper Sheets - 15 x 15 in. - 240 Sheets of Brown Wrapping Paper – Heavy Duty Craft Paper for Shipping - Light Brown Construction Paper - 80 GSM - 375 Square feet</p><p>$23.89 ($0.10 / Count)</p><a href="https://www.amazon.com/dp/B0BNCBSZRR?tag=eloabder-20&linkCode=osi&th=1&psc=1">View Product</a></div><div class="product"><a href="https://www.amazon.com/dp/B09J9ZGX8S?tag=eloabder-20&linkCode=osi&th=1&psc=1"><img src="https://m.media-amazon.com/images/I/31R819QZXxL._SL500_.jpg" alt="Product Image"></a><p>IDL Packaging 36" x 2160" (180 ft) Brown Kraft Paper Roll, 30 lbs - Quality Paper for Packing, Moving, Shipping, Crafts - 100% Recyclable Natural Kraft Wrapping Paper</p><p>$33.95 ($0.06 / Sq Ft)</p><a href="https://www.amazon.com/dp/B09J9ZGX8S?tag=eloabder-20&linkCode=osi&th=1&psc=1">View Product</a></div>
<div class="product"><a href="https://www.amazon.com/dp/B0BR9M5GT6?tag=eloabder-20&linkCode=osi&th=1&psc=1"><img src="https://m.media-amazon.com/images/I/61jKQSVpNKL._SL500_.jpg" alt="Product Image"></a><p>Drawdart 47 Pack Acrylic Paint Set, 36 Colors Art Painting Supplies for Canvas Wood Fabric Ceramic Crafts, Non Toxic & Rich Pigments for Artists & Hobby Painters, 2 fl oz / 60 ml Bottles</p><p>$24.99 ($0.35 / Fl Oz)</p><a href="https://www.amazon.com/dp/B0BR9M5GT6?tag=eloabder-20&linkCode=osi&th=1&psc=1">View Product</a></div><div class="product"><a href="https://www.amazon.com/dp/B006AT7P6M?tag=eloabder-20&linkCode=osi&th=1&psc=1"><img src="https://m.media-amazon.com/images/I/415ZwGErxOL._SL500_.jpg" alt="Product Image"></a><p>Apple Barrel Acrylic Paint in Assorted Colors (2 oz), 20501, Bright Red</p><p>$0.58 ($0.29 / Fl Oz)</p><a href="https://www.amazon.com/dp/B006AT7P6M?tag=eloabder-20&linkCode=osi&th=1&psc=1">View Product</a></div><div class="product"><a href="https://www.amazon.com/dp/B0BNV7BMN2?tag=eloabder-20&linkCode=osi&th=1&psc=1"><img src="https://m.media-amazon.com/images/I/51K4iYzckvL._SL500_.jpg" alt="Product Image"></a><p>Fantastory Acrylic Paint Set, 24 Classic Colors(2oz), Professional Craft Paint Kit,Canvas/Rock/Stone/Ceramic/Model/Wood Painting with 12 Brushes</p><p>$25.99 ($0.36 / Fl Oz)</p><a href="https://www.amazon.com/dp/B0BNV7BMN2?tag=eloabder-20&linkCode=osi&th=1&psc=1">View Product</a></div><div class="product"><a href="https://www.amazon.com/dp/B0728B4CLJ?tag=eloabder-20&linkCode=osi&th=1&psc=1"><img src="https://m.media-amazon.com/images/I/41aBzZtF9-L._SL500_.jpg" alt="Product Image"></a><p>FolkArt Acrylic Paint in Assorted Colors (2 oz), , Mossy Meadow</p><p>$1.17 ($0.58 / Fl Oz)</p><a href="https://www.amazon.com/dp/B0728B4CLJ?tag=eloabder-20&linkCode=osi&th=1&psc=1">View Product</a></div><div class="product"><a href="https://www.amazon.com/dp/B0BY3G2CXG?tag=eloabder-20&linkCode=osi&th=1&psc=1"><img src="https://m.media-amazon.com/images/I/51Cn6kY12wL._SL500_.jpg" alt="Product Image"></a><p>36 Assorted Acrylic Paint Set by Craft Smart - Non-Toxic Paint for Drawing, Painting, Art & Crafts Supplies - 1 Pack</p><p>$28.98</p><a href="https://www.amazon.com/dp/B0BY3G2CXG?tag=eloabder-20&linkCode=osi&th=1&psc=1">View Product</a></div>

<div class="product"><a href="https://www.amazon.com/dp/B08722TFPH?tag=eloabder-20&linkCode=osi&th=1&psc=1"><img src="https://m.media-amazon.com/images/I/51DqPIU5lcL._SL500_.jpg" alt="Product Image"></a><p>LIUYAXI 20 Colors 100 Yard Satin Ribbon Fabric Ribbon Silk Ribbon Assorted Colors Rolls, 2/5" Wide 5 Yard/Roll, Ribbons Perfect for Gift Wrapping,Crafts, Hair Bows, Wedding Party Decoration and More</p><p>$7.99 ($0.03 / Foot)</p><a href="https://www.amazon.com/dp/B08722TFPH?tag=eloabder-20&linkCode=osi&th=1&psc=1">View Product</a></div><div class="product"><a href="https://www.amazon.com/dp/B08M3BDRX3?tag=eloabder-20&linkCode=osi&th=1&psc=1"><img src="https://m.media-amazon.com/images/I/51qwMfv7kXL._SL500_.jpg" alt="Product Image"></a><p>Winlyn 36 Colors 900 Yards Fabric Ribbons Satin Ribbons Metallic Glitter Ribbons Rolls Craft Ribbons Embellish Decorative Ribbons 2/5" Wide for Floral Bouquet Gifts Crafts Bows Party Wedding</p><p>$13.99 ($0.01 / Foot)</p><a href="https://www.amazon.com/dp/B08M3BDRX3?tag=eloabder-20&linkCode=osi&th=1&psc=1">View Product</a></div><div class="product"><a href="https://www.amazon.com/dp/B08NXF43DB?tag=eloabder-20&linkCode=osi&th=1&psc=1"><img src="https://m.media-amazon.com/images/I/51fTtUVKi5L._SL500_.jpg" alt="Product Image"></a><p>MEEDEE Rainbow Ribbon Solid Color Assortment 10 Colors Double Face Satin Ribbon for Gift Wrapping Happy Birthday Party Decorations, 3/8" X 5 Yard Each Total 50 Yds Per Package</p><p>$7.99 ($0.05 / Foot)</p><a href="https://www.amazon.com/dp/B08NXF43DB?tag=eloabder-20&linkCode=osi&th=1&psc=1">View Product</a></div><div class="product"><a href="https://www.amazon.com/dp/B01N8W0Z45?tag=eloabder-20&linkCode=osi&th=1&psc=1"><img src="https://m.media-amazon.com/images/I/61OkEfd-1BL._SL500_.jpg" alt="Product Image"></a><p>QingHan Grosgrain Ribbons for Crafts Gifts Wrapping 3/8" Boutique Polka Dot Fabric Ribbon 40yd (20 x 2yd)</p><p>$5.99 ($0.05 / Foot)</p><a href="https://www.amazon.com/dp/B01N8W0Z45?tag=eloabder-20&linkCode=osi&th=1&psc=1">View Product</a></div><div class="product"><a href="https://www.amazon.com/dp/B0CS5G5PCX?tag=eloabder-20&linkCode=osi&th=1&psc=1"><img src="https://m.media-amazon.com/images/I/51xzSU+d8QL._SL500_.jpg" alt="Product Image"></a><p>Ribbli Rainbow Satin Ribbon 3/8 Inch x 12 Rolls Total 60 Yards- Colorful Ribbon for Gift Wrapping Craft Party Decoration Baby Shower Wedding</p><p>$7.99 ($0.04 / Foot)</p><a href="https://www.amazon.com/dp/B0CS5G5PCX?tag=eloabder-20&linkCode=osi&th=1&psc=1">View Product</a></div><div class="product"><a href="https://www.amazon.com/dp/B009V35YVC?tag=eloabder-20&linkCode=osi&th=1&psc=1"><img src="https://m.media-amazon.com/images/I/41OYxs2N6GL._SL500_.jpg" alt="Product Image"></a><p>LaRibbons 10 Color 50Yards Solid Satin Ribbon,3/8" X 5 Yard/Roll Colorful Double Face Rainbow Ribbon for Crafts,Flower Bouquet,Gift Wrapping,Hair Bows,Birthday,Wedding Party Decoration</p><p>$4.99</p><a href="https://www.amazon.com/dp/B009V35YVC?tag=eloabder-20&linkCode=osi&th=1&psc=1">View Product</a></div><div class="product"><a href="https://www.amazon.com/dp/B07BDG8KXB?tag=eloabder-20&linkCode=osi&th=1&psc=1"><img src="https://m.media-amazon.com/images/I/61zpTp+xLjL._SL500_.jpg" alt="Product Image"></a><p>Supla 16 Colors 400 Yard Fabric Ribbon Silk Satin Roll Satin Ribbon Rolls in 2/5" Wide, 25 Yard/roll,16 Rolls,Satin Ribbon Fabric Ribbon Embellish Ribbon Ribbon for Bows Crafts Gifts Party Wedding</p><p>$8.99 ($0.01 / Foot)</p><a href="https://www.amazon.com/dp/B07BDG8KXB?tag=eloabder-20&linkCode=osi&th=1&psc=1">View Product</a></div><div class="product"><a href="https://www.amazon.com/dp/B0CRD7S24X?tag=eloabder-20&linkCode=osi&th=1&psc=1"><img src="https://m.media-amazon.com/images/I/51Xe-SI-ZHL._SL500_.jpg" alt="Product Image"></a><p>LIUYAXI 100 Yards Solid Grosgrain Ribbon, 3/8" X 5 Yard/Roll, 20 Colors Rainbow Multicolor Fabric Ribbons Roll Perfect for Crafts Gifts Wrapping Flower Bouquet Hair Bows & Other Projects</p><p>$7.99 ($0.03 / Foot)</p><a href="https://www.amazon.com/dp/B0CRD7S24X?tag=eloabder-20&linkCode=osi&th=1&psc=1">View Product</a></div>


<div class="product"><a href="https://www.amazon.com/dp/B08MZ6MQZM?tag=eloabder-20&linkCode=osi&th=1&psc=1"><img src="https://m.media-amazon.com/images/I/51rVPzuNy4L._SL500_.jpg" alt="Product Image"></a><p>Basic Shapes 1: Circles, Triangles, Squares, Ovals, 676 Pieces US Made Card Stock Punch Out Geometric Shapes in 3 Sizes and 4 PRIMARY Colors for Math, Pattern Play and DIY Crafting</p><p>$11.99</p><a href="https://www.amazon.com/dp/B08MZ6MQZM?tag=eloabder-20&linkCode=osi&th=1&psc=1">View Product</a></div><div class="product"><a href="https://www.amazon.com/dp/B072JW6NQT?tag=eloabder-20&linkCode=osi&th=1&psc=1"><img src="https://m.media-amazon.com/images/I/61uY6781clL._SL500_.jpg" alt="Product Image"></a><p>260 Pieces Colorful Glitter Foam Stickers Self Adhesive Stars Mini Heart Shapes Glitter Stickers, Kid's Arts Craft Supplies Greeting Cards Home Decoration Stars&Heart Shapes</p><p>$6.74 ($0.03 / Count)</p><a href="https://www.amazon.com/dp/B072JW6NQT?tag=eloabder-20&linkCode=osi&th=1&psc=1">View Product</a></div>


<div class="product"><a href="https://www.amazon.com/dp/B07KD1WKXY?tag=eloabder-20&linkCode=osi&th=1&psc=1"><img src="https://m.media-amazon.com/images/I/51y9zQOd9XL._SL500_.jpg" alt="Product Image"></a><p>(109 Yards/1.5mm/35 Colors Optional) Cotton Baker Twine DIY Craft Macramé Natural Cotton Rope Craft Making Knitting String Rope DIY Wedding Decor Supply Christmas Wrapping(deep green)</p><p>$4.98 ($0.02 / Foot)</p><a href="https://www.amazon.com/dp/B07KD1WKXY?tag=eloabder-20&linkCode=osi&th=1&psc=1">View Product</a></div><div class="product"><a href="https://www.amazon.com/dp/B0C7G868WP?tag=eloabder-20&linkCode=osi&th=1&psc=1"><img src="https://m.media-amazon.com/images/I/51YFxbYrxGL._SL500_.jpg" alt="Product Image"></a><p>Ohtomber Bracelet String Elastic Cord - 2 Rolls 1MM Stretchy String for Bracelet Making, Rainbow Elastic Bracelets String Thread for Clay Beads, Bracelets, Jewelry Making, Necklaces, Sewing and Crafts</p><p>$5.99 ($0.01 / Foot)</p><a href="https://www.amazon.com/dp/B0C7G868WP?tag=eloabder-20&linkCode=osi&th=1&psc=1">View Product</a></div>
<div class="product"><a href="https://www.amazon.com/dp/B0CHTZD63Q?tag=eloabder-20&linkCode=osi&th=1&psc=1"><img src="https://m.media-amazon.com/images/I/511hgeOlnkL._SL500_.jpg" alt="Product Image"></a><p>Secopad Scrapbook Tape, 4 Pack Double Sided Tape Roller for Crafts, Sticky Glue Tape Runner Scrapbooking Supplies Journaling School Office for Kids and Adults, 0.3IN x 26FT</p><p>$6.63 ($1.66 / Count)</p><a href="https://www.amazon.com/dp/B0CHTZD63Q?tag=eloabder-20&linkCode=osi&th=1&psc=1">View Product</a></div><div class="product"><a href="https://www.amazon.com/dp/B0BKZ2WVFY?tag=eloabder-20&linkCode=osi&th=1&psc=1"><img src="https://m.media-amazon.com/images/I/519ga5fVbbL._SL500_.jpg" alt="Product Image"></a><p>Guirnd 12PCS Colored Masking Tape, Kids Art Supplies Colored Tape, DIY Craft Tape, Colored Tape Rolls, Colored Painters Tape 1.7cm x 12m (2/3In x 13Yards)</p><p>$5.99 ($0.50 / Count)</p><a href="https://www.amazon.com/dp/B0BKZ2WVFY?tag=eloabder-20&linkCode=osi&th=1&psc=1">View Product</a></div><div class="product"><a href="https://www.amazon.com/dp/B0B1ZYCJPG?tag=eloabder-20&linkCode=osi&th=1&psc=1"><img src="https://m.media-amazon.com/images/I/51zcGqodSPL._SL500_.jpg" alt="Product Image"></a><p>Simetufy 5400 Pcs 1 Inch Tissue Paper Squares, 36 Assorted Colored Tissue Paper for Crafts, Art Rainbow Tissue Paper Bulk for Art Projects, Collage, Suncatchers, Scrapbooking - Non Bleeding</p><p>$7.49</p><a href="https://www.amazon.com/dp/B0B1ZYCJPG?tag=eloabder-20&linkCode=osi&th=1&psc=1">View Product</a></div>

<div class="product"><a href="https://www.amazon.com/dp/B07RZFHS87?tag=eloabder-20&linkCode=osi&th=1&psc=1"><img src="https://m.media-amazon.com/images/I/418QZBtYWTL._SL500_.jpg" alt="Product Image"></a><p>Lazydrop Double-Sided Tape for Arts, Crafts, Photography, Scrapbooking, Tear-by-Hand, Paper Backing (6 Rolls) (Width: 6mm/ 9mm/ 12mm/ 15mm)</p><p>$7.99 ($0.01 / Foot)</p><a href="https://www.amazon.com/dp/B07RZFHS87?tag=eloabder-20&linkCode=osi&th=1&psc=1">View Product</a></div><div class="product"><a href="https://www.amazon.com/dp/B0BPS4V3TG?tag=eloabder-20&linkCode=osi&th=1&psc=1"><img src="https://m.media-amazon.com/images/I/41fTeS+RuRL._SL500_.jpg" alt="Product Image"></a><p>Double Sided Tape for Crafts, Double-Sided Tape for Arts, Scrapbook Supplies, Photography, Gifts Box, Scrapbooking, Card Making, Paper Backing, Tear-by-Hand, 6 Roll Heavy Duty Multi-Size Adhesive Tape</p><p>$6.29 ($0.02 / Foot)</p><a href="https://www.amazon.com/dp/B0BPS4V3TG?tag=eloabder-20&linkCode=osi&th=1&psc=1">View Product</a></div><div class="product"><a href="https://www.amazon.com/dp/B098FCBMQV?tag=eloabder-20&linkCode=osi&th=1&psc=1"><img src="https://m.media-amazon.com/images/I/41E1XYg1+gL._SL500_.jpg" alt="Product Image"></a><p>Craftzilla Colored Masking Tape – 7 Roll Multi Pack – 210 Feet x 1 Inch of Colorful Craft Tape – Vibrant Rainbow Masking Tape –Colored Tape Rolls for Arts & Crafts, Labeling and Color-Coding</p><p>$12.95 ($0.01 / Foot)</p><a href="https://www.amazon.com/dp/B098FCBMQV?tag=eloabder-20&linkCode=osi&th=1&psc=1">View Product</a></div><div class="product"><a href="https://www.amazon.com/dp/B0CBRTT4SY?tag=eloabder-20&linkCode=osi&th=1&psc=1"><img src="https://m.media-amazon.com/images/I/41Ne5OTMBHL._SL500_.jpg" alt="Product Image"></a><p>XEHAHOSH 3 Rolls Double Sided Tape for Crafts, Arts, Scrapbooking, Photography, Paper Backing, Tear-by-Hand. 0.6in by 43-FT</p><p>$5.29</p><a href="https://www.amazon.com/dp/B0CBRTT4SY?tag=eloabder-20&linkCode=osi&th=1&psc=1">View Product</a></div><div class="product"><a href="https://www.amazon.com/dp/B08ZJB4XBX?tag=eloabder-20&linkCode=osi&th=1&psc=1"><img src="https://m.media-amazon.com/images/I/41FzzlZNG0L._SL500_.jpg" alt="Product Image"></a><p>8 Rolls Colored Masking Tape Rainbow Colors Painters Tape Colorful Craft Art Paper Tape for Kids Labeling Arts Crafts DIY Decorative Coding Decoration Teaching Supplies, 0.6 Inch x 16 Yard, 8 Colors</p><p>$6.99 ($0.87 / Count)</p><a href="https://www.amazon.com/dp/B08ZJB4XBX?tag=eloabder-20&linkCode=osi&th=1&psc=1">View Product</a></div><div class="product"><a href="https://www.amazon.com/dp/B09GDZH5PV?tag=eloabder-20&linkCode=osi&th=1&psc=1"><img src="https://m.media-amazon.com/images/I/41cZAy06SiL._SL500_.jpg" alt="Product Image"></a><p>DGTANGYIN 1/4" 2 Rolls Double Sided Adhesive Sticky Tape for Arts, DIY, Crafts, Photography, Scrapbooking, Card Making, Gift Wrapping, Office School Stationery Supplies, Home Supplies(Width: 6mm)</p><p>$3.99 ($0.00 / Foot)</p><a href="https://www.amazon.com/dp/B09GDZH5PV?tag=eloabder-20&linkCode=osi&th=1&psc=1">View Product</a></div>
<div class="product"><a href="https://www.amazon.com/dp/B09XR1XBWG?tag=eloabder-20&linkCode=osi&th=1&psc=1"><img src="https://m.media-amazon.com/images/I/31h+RS-Nv6L._SL500_.jpg" alt="Product Image"></a><p>10PCS 7mil Blank Mylar Stencil Sheets,12X12 inch Milky Translucent PET Blank Stencils Sheets,Template Material for Cutting Machines, Laser Cutting, Food-Safe Craft Plastic</p><p>$8.99</p><a href="https://www.amazon.com/dp/B09XR1XBWG?tag=eloabder-20&linkCode=osi&th=1&psc=1">View Product</a></div>

<div class="product"><a href="https://www.amazon.com/dp/B09TSLYX33?tag=eloabder-20&linkCode=osi&th=1&psc=1"><img src="https://m.media-amazon.com/images/I/41xNrpMfOLL._SL500_.jpg" alt="Product Image"></a><p>18 Gauge Aluminum Craft Wire, 165 Feet 1mm Bendable Metal Wire for Jewelry Making, Sculpting, Floral Making, Wreath Making, Crafting, Wire Wrapping, Christmas Ornaments (Silver)</p><p>$6.99</p><a href="https://www.amazon.com/dp/B09TSLYX33?tag=eloabder-20&linkCode=osi&th=1&psc=1">View Product</a></div><div class="product"><a href="https://www.amazon.com/dp/B002HRAEOG?tag=eloabder-20&linkCode=osi&th=1&psc=1"><img src="https://m.media-amazon.com/images/I/41HimGENjYL._SL500_.jpg" alt="Product Image"></a><p>FloraCraft 26 Gauge Floral Wire 270 Feet Bright Silver</p><p>$4.29</p><a href="https://www.amazon.com/dp/B002HRAEOG?tag=eloabder-20&linkCode=osi&th=1&psc=1">View Product</a></div><div class="product"><a href="https://www.amazon.com/dp/B06ZXY1PXB?tag=eloabder-20&linkCode=osi&th=1&psc=1"><img src="https://m.media-amazon.com/images/I/41Nh+1dv7FL._SL500_.jpg" alt="Product Image"></a><p>Mandala Crafts Anodized Aluminum Wire for Sculpting, Armature, Jewelry Making, Gem Metal Wrap, Garden, Colored and Soft, 1 Roll(14 Gauge, Silver)</p><p>$10.19 ($0.17 / Foot)</p><a href="https://www.amazon.com/dp/B06ZXY1PXB?tag=eloabder-20&linkCode=osi&th=1&psc=1">View Product</a></div><div class="product"><a href="https://www.amazon.com/dp/B07ZYNTH7D?tag=eloabder-20&linkCode=osi&th=1&psc=1"><img src="https://m.media-amazon.com/images/I/51ku4vQDwXL._SL500_.jpg" alt="Product Image"></a><p>12 Gauge Aluminum Wire 100 Feet, Anezus Metal Armature Wire Bendable Sculpting Wire for Crafts Wreath Making Jewelry Making Beading Floral (Silver, 2mm)</p><p>$12.99 ($0.13 / Foot)</p><a href="https://www.amazon.com/dp/B07ZYNTH7D?tag=eloabder-20&linkCode=osi&th=1&psc=1">View Product</a></div><div class="product"><a href="https://www.amazon.com/dp/B07CQL7Y5B?tag=eloabder-20&linkCode=osi&th=1&psc=1"><img src="https://m.media-amazon.com/images/I/51mHjBYsT0L._SL500_.jpg" alt="Product Image"></a><p>TecUnite Aluminum Craft Wire for Sculpting Armature Bendable Craft Wire for DIY Jewelry Making (1 Roll,Silver,10 M X 3 mm)</p><p>$8.99 ($0.27 / Foot)</p><a href="https://www.amazon.com/dp/B07CQL7Y5B?tag=eloabder-20&linkCode=osi&th=1&psc=1">View Product</a></div><div class="product"><a href="https://www.amazon.com/dp/B095Y844QP?tag=eloabder-20&linkCode=osi&th=1&psc=1"><img src="https://m.media-amazon.com/images/I/51w+5umyhOS._SL500_.jpg" alt="Product Image"></a><p>Tenn Well 12 Gauge Aluminum Wire, 100 Feet 2mm Bendable Metal Craft Wire for Sculpting, Armature, Jewelry Making, Floral Making, Doll Making, Modelling, Crafting, Bonsai Training</p><p>$11.99 ($0.12 / Foot)</p><a href="https://www.amazon.com/dp/B095Y844QP?tag=eloabder-20&linkCode=osi&th=1&psc=1">View Product</a></div>
<div class="product"><a href="https://www.amazon.com/dp/B0CYPH4FLQ?tag=eloabder-20&linkCode=osi&th=1&psc=1"><img src="https://m.media-amazon.com/images/I/41u786i6oZL._SL500_.jpg" alt="Product Image"></a><p>DIYDEC 24 Pack Basswood Sheets 4 x 6 x 1/16 Inch Thin Plywood Wood Sheets Unfinished Wood Squares Boards Balsa Wood Sheets for Crafts Architectural Models Laser Cutting Wood Burning and Drawing</p><p>$6.99</p><a href="https://www.amazon.com/dp/B0CYPH4FLQ?tag=eloabder-20&linkCode=osi&th=1&psc=1">View Product</a></div><div class="product"><a href="https://www.amazon.com/dp/B082HR4RV3?tag=eloabder-20&linkCode=osi&th=1&psc=1"><img src="https://m.media-amazon.com/images/I/51kfms0w39L._SL500_.jpg" alt="Product Image"></a><p>5ARTH Natural Wood Slices - 30 Pcs 3.5-4 inches Craft Unfinished Wood kit Predrilled with Hole Wooden Circles for Arts Wood Slices Christmas Ornaments DIY Crafts</p><p>$21.99</p><a href="https://www.amazon.com/dp/B082HR4RV3?tag=eloabder-20&linkCode=osi&th=1&psc=1">View Product</a></div>
<div class="product"><a href="https://www.amazon.com/dp/B089T7PX27?tag=eloabder-20&linkCode=osi&th=1&psc=1"><img src="https://m.media-amazon.com/images/I/41aDJyks7kL._SL500_.jpg" alt="Product Image"></a><p>Crayola Air Dry Clay (5lbs), Natural White Modeling Clay for Kids, Sculpting Material, Bulk Craft Supplies for School Classrooms [Amazon Exclusive]</p><p>$17.41</p><a href="https://www.amazon.com/dp/B089T7PX27?tag=eloabder-20&linkCode=osi&th=1&psc=1">View Product</a></div><div class="product"><a href="https://www.amazon.com/dp/B0BDM5WLQX?tag=eloabder-20&linkCode=osi&th=1&psc=1"><img src="https://m.media-amazon.com/images/I/41oBPm5+PkL._SL500_.jpg" alt="Product Image"></a><p>ifergoo White Air Dry Clay, Modeling Clay for School Art & Craft Project. Refill White Clay for Kids Age 3-12, Boys and Girls Gift</p><p>$6.99 ($1.65 / Ounce)</p><a href="https://www.amazon.com/dp/B0BDM5WLQX?tag=eloabder-20&linkCode=osi&th=1&psc=1">View Product</a></div><div class="product"><a href="https://www.amazon.com/dp/B0B8TLRRKM?tag=eloabder-20&linkCode=osi&th=1&psc=1"><img src="https://m.media-amazon.com/images/I/418ijOdZBzL._SL500_.jpg" alt="Product Image"></a><p>Pepy Premium European Air Dry Modeling Clay White 2.2 lb Bar, Easy to Use Air-Hardening Clay for Classroom and Montessori Sculpting and Crafts Projects</p><p>$9.97 ($0.28 / Ounce)</p><a href="https://www.amazon.com/dp/B0B8TLRRKM?tag=eloabder-20&linkCode=osi&th=1&psc=1">View Product</a></div>

<div class="product"><a href="https://www.amazon.com/dp/B083TT4XVN?tag=eloabder-20&linkCode=osi&th=1&psc=1"><img src="https://m.media-amazon.com/images/I/41QMxzlQglL._SL500_.jpg" alt="Product Image"></a><p>6" Jumbo Wood Craft Sticks - Pack of 1,000</p><p>$15.21 ($0.02 / Count)</p><a href="https://www.amazon.com/dp/B083TT4XVN?tag=eloabder-20&linkCode=osi&th=1&psc=1">View Product</a></div><div class="product"><a href="https://www.amazon.com/dp/B0B9RRJ2BG?tag=eloabder-20&linkCode=osi&th=1&psc=1"><img src="https://m.media-amazon.com/images/I/31gmdN8H+PL._SL500_.jpg" alt="Product Image"></a><p>Perfect Stix Wooden Poplar Wood Craft Sticks. Jumbo Size, 6 x 3/4, Wood, Natural Poplar Wood, 500Ct. Multipurpose Craft, Popsicles, Waxing, Arts and Crafts.</p><p>$9.68</p><a href="https://www.amazon.com/dp/B0B9RRJ2BG?tag=eloabder-20&linkCode=osi&th=1&psc=1">View Product</a></div><div class="product"><a href="https://www.amazon.com/dp/B08R31MRJ9?tag=eloabder-20&linkCode=osi&th=1&psc=1"><img src="https://m.media-amazon.com/images/I/51fYWGLzOGL._SL500_.jpg" alt="Product Image"></a><p>Pandaspa 200 Pieces Jumbo Craft Sticks, Premium Natural Wood for Building, Mixing, and Creating Craft Projects, Size 6 x 3/4</p><p>$9.95</p><a href="https://www.amazon.com/dp/B08R31MRJ9?tag=eloabder-20&linkCode=osi&th=1&psc=1">View Product</a></div><div class="product"><a href="https://www.amazon.com/dp/B081R25K4S?tag=eloabder-20&linkCode=osi&th=1&psc=1"><img src="https://m.media-amazon.com/images/I/41vxFW4BIvL._SL500_.jpg" alt="Product Image"></a><p>Perfect Stix - PS-114st-1,000 4.5" Craft Sticks/ Ice Cream Sticks/ Natural Wood - Box of 1,000ct</p><p>$13.99</p><a href="https://www.amazon.com/dp/B081R25K4S?tag=eloabder-20&linkCode=osi&th=1&psc=1">View Product</a></div><div class="product"><a href="https://www.amazon.com/dp/B08NY4HWVH?tag=eloabder-20&linkCode=osi&th=1&psc=1"><img src="https://m.media-amazon.com/images/I/41qHSFWo+AL._SL500_.jpg" alt="Product Image"></a><p>Fansunta 100pcs 15.7x0.35 Inch Strong Natural Bamboo Sticks, Wooden Craft Sticks, Extra Long Sticks, Wood Strips for Craft Projects</p><p>$11.99</p><a href="https://www.amazon.com/dp/B08NY4HWVH?tag=eloabder-20&linkCode=osi&th=1&psc=1">View Product</a></div>
<div class="product"><a href="https://www.amazon.com/dp/B0CY84GCRZ?tag=eloabder-20&linkCode=osi&th=1&psc=1"><img src="https://m.media-amazon.com/images/I/315gdwLiZfL._SL500_.jpg" alt="Product Image"></a><p>14 Rolls Double Sided Tape for Crafts Scrapbooking Multi-Purpose and Multi-Size Tape for Arts, Photography, Gift Boxes, Card Making, Paper Backing, Office Supplies(3mm/5mm/8mm/10mm/12mm/15mm/18mm)</p><p>$4.99 ($0.36 / Count)</p><a href="https://www.amazon.com/dp/B0CY84GCRZ?tag=eloabder-20&linkCode=osi&th=1&psc=1">View Product</a></div>

<div class="product"><a href="https://www.amazon.com/dp/B0D14HHL9F?tag=eloabder-20&linkCode=osi&th=1&psc=1"><img src="https://m.media-amazon.com/images/I/31pj+acWaSL._SL500_.jpg" alt="Product Image"></a><p>Weeding Tools for Vinyl,Vinyl Weeding Tools for Permanent Vinyl/HTV Vinyl/Holographic Vinyl,Craft Vinyl Weeding Tools Kit with Hook and Pick with Tweezers</p><p>$4.99</p><a href="https://www.amazon.com/dp/B0D14HHL9F?tag=eloabder-20&linkCode=osi&th=1&psc=1">View Product</a></div>
<div class="product"><a href="https://www.amazon.com/dp/B06XDJJ6D1?tag=eloabder-20&linkCode=osi&th=1&psc=1"><img src="https://m.media-amazon.com/images/I/516tOQjdgIL._SL500_.jpg" alt="Product Image"></a><p>Color Swell Bulk Crayon Packs - 36 Boxes of 24 Vibrant Colored Durable Bulk Crayons of Teacher Quality for Classroom and Home</p><p>$36.99</p><a href="https://www.amazon.com/dp/B06XDJJ6D1?tag=eloabder-20&linkCode=osi&th=1&psc=1">View Product</a></div><div class="product"><a href="https://www.amazon.com/dp/B0D2W1SJHC?tag=eloabder-20&linkCode=osi&th=1&psc=1"><img src="https://m.media-amazon.com/images/I/51Of59YBGeL._SL500_.jpg" alt="Product Image"></a><p>Shuttle Art Crayons Bulk Set - 40 Boxes of 24 Assorted Colors, 960 Count Durable & Non-Toxic Teacher-Quality Crayons, School Supplies bulk in Crayons For Family Class Party Favors</p><p>$36.99</p><a href="https://www.amazon.com/dp/B0D2W1SJHC?tag=eloabder-20&linkCode=osi&th=1&psc=1">View Product</a></div><div class="product"><a href="https://www.amazon.com/dp/B013I7IQTS?tag=eloabder-20&linkCode=osi&th=1&psc=1"><img src="https://m.media-amazon.com/images/I/51eRV44y2SL._SL500_.jpg" alt="Product Image"></a><p>Crayola Crayons, 8 Count (Case of 48)</p><p>$43.03</p><a href="https://www.amazon.com/dp/B013I7IQTS?tag=eloabder-20&linkCode=osi&th=1&psc=1">View Product</a></div><div class="product"><a href="https://www.amazon.com/dp/B07F98CYQ2?tag=eloabder-20&linkCode=osi&th=1&psc=1"><img src="https://m.media-amazon.com/images/I/51pOC5gmdFL._SL500_.jpg" alt="Product Image"></a><p>Craytastic! 52 Sets of 4-Packs in Cello (208 Count total bulk Crayons) - Large Box of Crayons Bulk For School Teachers, Restaurants, Party Favors, Crayon Packs, Non-Toxic Crayons</p><p>$13.79</p><a href="https://www.amazon.com/dp/B07F98CYQ2?tag=eloabder-20&linkCode=osi&th=1&psc=1">View Product</a></div><div class="product"><a href="https://www.amazon.com/dp/B01HZMQA0Y?tag=eloabder-20&linkCode=osi&th=1&psc=1"><img src="https://m.media-amazon.com/images/I/51GSg7CA-YL._SL500_.jpg" alt="Product Image"></a><p>Colorations Regular Size Triangular Crayon Class Pack, 16 Colors, 13 of Each, Set of 208, Easy to Hold & Grip, Toddler Crayons, Non Toxic Crayons, Kids Crayons, Bulk School Supplies, Triangle Crayons</p><p>$42.98 ($0.21 / Count)</p><a href="https://www.amazon.com/dp/B01HZMQA0Y?tag=eloabder-20&linkCode=osi&th=1&psc=1">View Product</a></div>
<div class="product"><a href="https://www.amazon.com/dp/B07JPL5NYX?tag=eloabder-20&linkCode=osi&th=1&psc=1"><img src="https://m.media-amazon.com/images/I/31B4rKplkML._SL500_.jpg" alt="Product Image"></a><p>Similane 6 Pieces Aida Cloth 14 Count Cross Stitch Fabric, White, 12 by 18-Inch</p><p>$7.99 ($1.33 / Count)</p><a href="https://www.amazon.com/dp/B07JPL5NYX?tag=eloabder-20&linkCode=osi&th=1&psc=1">View Product</a></div><div class="product"><a href="https://www.amazon.com/dp/B0BRK6L377?tag=eloabder-20&linkCode=osi&th=1&psc=1"><img src="https://m.media-amazon.com/images/I/31xWAZsouYL._SL500_.jpg" alt="Product Image"></a><p>Caydo 6 Pieces Aida Cloth 14 Count White Cross Stitch Fabric for Craft Embroidery, Handmade Needlework, DIY Handicrafts, 12 by 18-Inch</p><p>$7.98</p><a href="https://www.amazon.com/dp/B0BRK6L377?tag=eloabder-20&linkCode=osi&th=1&psc=1">View Product</a></div><div class="product"><a href="https://www.amazon.com/dp/B08BN8LNS1?tag=eloabder-20&linkCode=osi&th=1&psc=1"><img src="https://m.media-amazon.com/images/I/51RTXXBsvhL._SL500_.jpg" alt="Product Image"></a><p>Cross Stitch Aida Fabric 14 Count, 59 by 39 Inch Large Size, Classic Reserve Cross Stitch Aida Cloth for Home DIY Embroidery Decoration</p><p>$13.97</p><a href="https://www.amazon.com/dp/B08BN8LNS1?tag=eloabder-20&linkCode=osi&th=1&psc=1">View Product</a></div><div class="product"><a href="https://www.amazon.com/dp/B09LC7RLFC?tag=eloabder-20&linkCode=osi&th=1&psc=1"><img src="https://m.media-amazon.com/images/I/51OyNFAB2HL._SL500_.jpg" alt="Product Image"></a><p>Aida Cloth 14 Count Cross Stitch Fabric,19×28inch (14CT, Off White)</p><p>$12.99</p><a href="https://www.amazon.com/dp/B09LC7RLFC?tag=eloabder-20&linkCode=osi&th=1&psc=1">View Product</a></div><div class="product"><a href="https://www.amazon.com/dp/B08BHLPZB1?tag=eloabder-20&linkCode=osi&th=1&psc=1"><img src="https://m.media-amazon.com/images/I/51ujyg-qk5L._SL500_.jpg" alt="Product Image"></a><p>59 by 39-Inch Cross Stitch Fabric, 14 Count Big Size Classic Reserve Aida Cloth,White</p><p>$13.97</p><a href="https://www.amazon.com/dp/B08BHLPZB1?tag=eloabder-20&linkCode=osi&th=1&psc=1">View Product</a></div><div class="product"><a href="https://www.amazon.com/dp/B089N8H68K?tag=eloabder-20&linkCode=osi&th=1&psc=1"><img src="https://m.media-amazon.com/images/I/61UXobKcmpL._SL500_.jpg" alt="Product Image"></a><p>Caydo 8 Pieces Aida Cloth 8 Color 14 Count Classic Reserve Cross Stitch Fabric, 12 by 18-Inch</p><p>$15.99</p><a href="https://www.amazon.com/dp/B089N8H68K?tag=eloabder-20&linkCode=osi&th=1&psc=1">View Product</a></div><div class="product"><a href="https://www.amazon.com/dp/B0B647GLFL?tag=eloabder-20&linkCode=osi&th=1&psc=1"><img src="https://m.media-amazon.com/images/I/51TmM7qAMBL._SL500_.jpg" alt="Product Image"></a><p>14CT Easy Count Thread Grid Aida Cloth Embroidery Cross Stitch Fabric, Green Grid, W29" x L39"</p><p>$16.50</p><a href="https://www.amazon.com/dp/B0B647GLFL?tag=eloabder-20&linkCode=osi&th=1&psc=1">View Product</a></div>



<div class="product"><a href="https://www.amazon.com/dp/B0D3HPD7WP?tag=eloabder-20&linkCode=osi&th=1&psc=1"><img src="https://m.media-amazon.com/images/I/31KSmmAWUWL._SL500_.jpg" alt="Product Image"></a><p>50 Sheets Grey Cardstock Paper, Colored Printer Paper 8.5 x 11, Thick Construction Paper for Cards Making, Scrapbook，Office Printing, Invitations, Certificates，DIY Crafting 92 lb/250gsm</p><p>$9.99</p><a href="https://www.amazon.com/dp/B0D3HPD7WP?tag=eloabder-20&linkCode=osi&th=1&psc=1">View Product</a></div>
<div class="product"><a href="https://www.amazon.com/dp/B076CP6F36?tag=eloabder-20&linkCode=osi&th=1&psc=1"><img src="https://m.media-amazon.com/images/I/51rfEIvgI+L._SL500_.jpg" alt="Product Image"></a><p>Apple Barrel, Vibrant Spectrum Collection Acrylic Craft Paint, PROMOABIII, 2 fl oz each, 16 assorted matte colors, 16 count</p><p>$15.97 ($0.50 / Fl Oz)</p><a href="https://www.amazon.com/dp/B076CP6F36?tag=eloabder-20&linkCode=osi&th=1&psc=1">View Product</a></div><div class="product"><a href="https://www.amazon.com/dp/B0BKFLSYQF?tag=eloabder-20&linkCode=osi&th=1&psc=1"><img src="https://m.media-amazon.com/images/I/51a0PmPRknL._SL500_.jpg" alt="Product Image"></a><p>72 Pack Acrylic Paint Set, Shuttle Art 60 Colors Acrylic Paint Including Extra White Black & 12 Brushes, 2oz/60ml, Rich Pigmented, Water Proof, Ideal for Artists, Beginners on Canvas Rock Wood Ceramic</p><p>$45.99 ($23.00 / Fl Oz)</p><a href="https://www.amazon.com/dp/B0BKFLSYQF?tag=eloabder-20&linkCode=osi&th=1&psc=1">View Product</a></div><div class="product"><a href="https://www.amazon.com/dp/B08CB3JH79?tag=eloabder-20&linkCode=osi&th=1&psc=1"><img src="https://m.media-amazon.com/images/I/51OUZsFdnTL._SL500_.jpg" alt="Product Image"></a><p>Acrylic Paint Set of 36 Colors 2fl oz 60ml Bottles,Non Toxic 36 Colors Acrylic Paint No Fading Rich Pigment for Kids Adults Artists Canvas Crafts Wood Painting</p><p>$32.99 ($0.46 / Fl Oz)</p><a href="https://www.amazon.com/dp/B08CB3JH79?tag=eloabder-20&linkCode=osi&th=1&psc=1">View Product</a></div><div class="product"><a href="https://www.amazon.com/dp/B0018NBVKQ?tag=eloabder-20&linkCode=osi&th=1&psc=1"><img src="https://m.media-amazon.com/images/I/31YlSvZMTCL._SL500_.jpg" alt="Product Image"></a><p>Apple Barrel Acrylic Paint in Assorted Colors (8 Ounce), 20403 White</p><p>$2.67 ($0.33 / Fl Oz)</p><a href="https://www.amazon.com/dp/B0018NBVKQ?tag=eloabder-20&linkCode=osi&th=1&psc=1">View Product</a></div><div class="product"><a href="https://www.amazon.com/dp/B077WSBLZ1?tag=eloabder-20&linkCode=osi&th=1&psc=1"><img src="https://m.media-amazon.com/images/I/51KPkXpLn1L._SL500_.jpg" alt="Product Image"></a><p>Shuttle Art Acrylic Paint Set, 30 x12ml Tubes Artist Quality Non Toxic Rich Pigments Colors Great for Kids Adults Professional Painting on Rocks Canvas Wood Clay Fabric Ceramic Crafts</p><p>$12.99 ($1.08 / Fl Oz)</p><a href="https://www.amazon.com/dp/B077WSBLZ1?tag=eloabder-20&linkCode=osi&th=1&psc=1">View Product</a></div><div class="product"><a href="https://www.amazon.com/dp/B00889Z5Y6?tag=eloabder-20&linkCode=osi&th=1&psc=1"><img src="https://m.media-amazon.com/images/I/41MQjsyDbSL._SL500_.jpg" alt="Product Image"></a><p>Apple Barrel Acrylic Paint in Assorted Colors (2 oz), 20764, Apricot</p><p>$0.58 ($0.29 / Fl Oz)</p><a href="https://www.amazon.com/dp/B00889Z5Y6?tag=eloabder-20&linkCode=osi&th=1&psc=1">View Product</a></div><div class="product"><a href="https://www.amazon.com/dp/B09TWQD5ZL?tag=eloabder-20&linkCode=osi&th=1&psc=1"><img src="https://m.media-amazon.com/images/I/41B0L003QXL._SL500_.jpg" alt="Product Image"></a><p>Artkey Acrylic Paint Set - 24 colors 2 oz/59 ml Acrylic Paints Professional Artists Painting Kit for Canvases Fabric Rock Leather Easter Egg Wood Ceramic Glass Art Craft Painting</p><p>$19.99 ($0.42 / Fl Oz)</p><a href="https://www.amazon.com/dp/B09TWQD5ZL?tag=eloabder-20&linkCode=osi&th=1&psc=1">View Product</a></div><div class="product"><a href="https://www.amazon.com/dp/B07Z93LQDB?tag=eloabder-20&linkCode=osi&th=1&psc=1"><img src="https://m.media-amazon.com/images/I/51veoN6zK0L._SL500_.jpg" alt="Product Image"></a><p>Shuttle Art Acrylic Paint Set, 36 Colors Acrylic Paint with Brushes & Palette, 2oz Bottles, Rich Pigments Non-toxic Paint for Artists Kids & Adults, Art Supplies for Canvas Rock Ceramic Wood Painting</p><p>$27.99</p><a href="https://www.amazon.com/dp/B07Z93LQDB?tag=eloabder-20&linkCode=osi&th=1&psc=1">View Product</a></div><div class="product"><a href="https://www.amazon.com/dp/B002665SYY?tag=eloabder-20&linkCode=osi&th=1&psc=1"><img src="https://m.media-amazon.com/images/I/31sJJeWK6OS._SL500_.jpg" alt="Product Image"></a><p>Liquitex BASICS Acrylic Paint, 250ml (8.5-oz) Tube, Titanium White</p><p>$9.99 ($1.18 / Fl Oz)</p><a href="https://www.amazon.com/dp/B002665SYY?tag=eloabder-20&linkCode=osi&th=1&psc=1">View Product</a></div>
<div class="product"><a href="https://www.amazon.com/dp/B0CC98XLGL?tag=eloabder-20&linkCode=osi&th=1&psc=1"><img src="https://m.media-amazon.com/images/I/51ZLw+nThiL._SL500_.jpg" alt="Product Image"></a><p>HUIRUSO 4 Pack Double Sided Tape Roller, Scrapbook Supplies, Glue Tape Roller for Crafts, Double-Sided Adhesive Tape Runner for Scrapbooking, School Office Journaling Supplies (0.31 in X 26.25 ft)</p><p>$6.99 ($1.75 / Count)</p><a href="https://www.amazon.com/dp/B0CC98XLGL?tag=eloabder-20&linkCode=osi&th=1&psc=1">View Product</a></div><div class="product"><a href="https://www.amazon.com/dp/B007XAAE6K?tag=eloabder-20&linkCode=osi&th=1&psc=1"><img src="https://m.media-amazon.com/images/I/414qxYVR0wL._SL500_.jpg" alt="Product Image"></a><p>Scotch Double Sided Tape Runner, 1-Pack, 0.27 in x 26 ft., Perfect for Holiday Crafts, Gifts, and More</p><p>$4.47</p><a href="https://www.amazon.com/dp/B007XAAE6K?tag=eloabder-20&linkCode=osi&th=1&psc=1">View Product</a></div><div class="product"><a href="https://www.amazon.com/dp/B0BZVGPFSK?tag=eloabder-20&linkCode=osi&th=1&psc=1"><img src="https://m.media-amazon.com/images/I/51-ue9+7JkL._SL500_.jpg" alt="Product Image"></a><p>Birllaid Double Sided Tape for Walls, Picture Hanging Strips Removable Mounting Dots Adhesive Heavy Duty, Removable for Art Craft, Decoration, Party Supplies, Multipurpose</p><p>$11.99</p><a href="https://www.amazon.com/dp/B0BZVGPFSK?tag=eloabder-20&linkCode=osi&th=1&psc=1">View Product</a></div><div class="product"><a href="https://www.amazon.com/dp/B0CGVN9SL1?tag=eloabder-20&linkCode=osi&th=1&psc=1"><img src="https://m.media-amazon.com/images/I/41Hy+i4CnoL._SL500_.jpg" alt="Product Image"></a><p>30Ft x 1 Inch Hook and Loop Strips with Adhesive,Double Rolls of Heavy Duty Self Adhesive Tape with Backing, Nylon Self Adhesive Tape for Home Office School and Crafting,White</p><p>$9.99</p><a href="https://www.amazon.com/dp/B0CGVN9SL1?tag=eloabder-20&linkCode=osi&th=1&psc=1">View Product</a></div><div class="product"><a href="https://www.amazon.com/dp/B07Y3VDPLF?tag=eloabder-20&linkCode=osi&th=1&psc=1"><img src="https://m.media-amazon.com/images/I/41cyKQ2OMuL._SL500_.jpg" alt="Product Image"></a><p>Melsan 1x4 inch Hook and Loop Strips with Adhesive - 15 Sets, Strong Back Adhesive Fasten Mounting Tape for Home or Office Use - Instead of Holes and Screws, Black</p><p>$7.82</p><a href="https://www.amazon.com/dp/B07Y3VDPLF?tag=eloabder-20&linkCode=osi&th=1&psc=1">View Product</a></div><div class="product"><a href="https://www.amazon.com/dp/B07V57VJT5?tag=eloabder-20&linkCode=osi&th=1&psc=1"><img src="https://m.media-amazon.com/images/I/514JO3bvl3L._SL500_.jpg" alt="Product Image"></a><p>XFasten Adhesive Roller for Scrapbooking, 8mm x 30ft 4-Pack Double Sided Glue Tape Roller, Scrapbook Supplies for Adults, Photo Tape for Scrapbooking</p><p>$9.99 ($2.50 / Count)</p><a href="https://www.amazon.com/dp/B07V57VJT5?tag=eloabder-20&linkCode=osi&th=1&psc=1">View Product</a></div><div class="product"><a href="https://www.amazon.com/dp/B07JLTGQHX?tag=eloabder-20&linkCode=osi&th=1&psc=1"><img src="https://m.media-amazon.com/images/I/51Eqfo7kUZL._SL500_.jpg" alt="Product Image"></a><p>UPINS 120 Pack Double Sided Foam Tape Square Self-Adhesive Foam Tape Black Strong Tape Pads for DIY Art Crafts Supplies</p><p>$9.99 ($0.08 / Count)</p><a href="https://www.amazon.com/dp/B07JLTGQHX?tag=eloabder-20&linkCode=osi&th=1&psc=1">View Product</a></div><div class="product"><a href="https://www.amazon.com/dp/B005FM6XF4?tag=eloabder-20&linkCode=osi&th=1&psc=1"><img src="https://m.media-amazon.com/images/I/51-vp1WJ89L._SL500_.jpg" alt="Product Image"></a><p>AdTech 5603 Permanent Crafter's Tape, 0.31" x 315", Pack of 4</p><p>$7.84 ($0.07 / Foot)</p><a href="https://www.amazon.com/dp/B005FM6XF4?tag=eloabder-20&linkCode=osi&th=1&psc=1">View Product</a></div><div class="product"><a href="https://www.amazon.com/dp/B0CJF1FLFJ?tag=eloabder-20&linkCode=osi&th=1&psc=1"><img src="https://m.media-amazon.com/images/I/51dig1RqzdL._SL500_.jpg" alt="Product Image"></a><p>UPINS 150Pack Double Sided Foam Tape Strong Sticky Double Sided Foam Pads for Crafts Self-Adhesive Mounting Foam Tape Heavy Duty for Home Wall Decor 40 * 40 * 2mm</p><p>$8.99 ($0.06 / Count)</p><a href="https://www.amazon.com/dp/B0CJF1FLFJ?tag=eloabder-20&linkCode=osi&th=1&psc=1">View Product</a></div><div class="product"><a href="https://www.amazon.com/dp/B0D4YWRGCL?tag=eloabder-20&linkCode=osi&th=1&psc=1"><img src="https://m.media-amazon.com/images/I/41EqJ553-KL._SL500_.jpg" alt="Product Image"></a><p>Amanbo Glue Tape for Scrapbooking, 6 Pack Scrapbook Tape, Double Sided Tape Roller for Crafts, Total 120 Ft x 0.24 in Tape Runner, Craft Supplies for Scrapbooking, Gift Wrapping and Photo Tape</p><p>$6.99</p><a href="https://www.amazon.com/dp/B0D4YWRGCL?tag=eloabder-20&linkCode=osi&th=1&psc=1">View Product</a></div>
<div class="product"><a href="https://www.amazon.com/dp/B0CC5HPPTN?tag=eloabder-20&linkCode=osi&th=1&psc=1"><img src="https://m.media-amazon.com/images/I/519M81S201L._SL500_.jpg" alt="Product Image"></a><p>Airbrush Paint - 30 Colors with 3 Thinner, Ready to Spray Airbrush Paint Set, Water-Based Acrylic Air brush Paints for Metal, Plastic Models, Canvas, Wood, 20ml/Bottle</p><p>$32.99 ($1.48 / Fl Oz)</p><a href="https://www.amazon.com/dp/B0CC5HPPTN?tag=eloabder-20&linkCode=osi&th=1&psc=1">View Product</a></div>
<div class="product"><a href="https://www.amazon.com/dp/B0CXPSGK36?tag=eloabder-20&linkCode=osi&th=1&psc=1"><img src="https://m.media-amazon.com/images/I/51dd2dYOtrL._SL500_.jpg" alt="Product Image"></a><p>Letter Stickers 30 Sheets 1500 PCS Large Alphabet Sticker 2 Inch Vinyl Self Adhesive Stick on Stickers for Water Bottles Cup Mailbox Number Address Craft Scrapbooking Bulletin Board Decor Multicolor</p><p>$9.99</p><a href="https://www.amazon.com/dp/B0CXPSGK36?tag=eloabder-20&linkCode=osi&th=1&psc=1">View Product</a></div><div class="product"><a href="https://www.amazon.com/dp/B07NNYFMGY?tag=eloabder-20&linkCode=osi&th=1&psc=1"><img src="https://m.media-amazon.com/images/I/51yDnU+gEXL._SL500_.jpg" alt="Product Image"></a><p>20 Sheets Alphabet Letter Stickers 10 Colors Self Adhesive Sticker Colorful PU Material Convex Feeling (Colored Letter Stickers 1)</p><p>$6.99 ($0.35 / Count)</p><a href="https://www.amazon.com/dp/B07NNYFMGY?tag=eloabder-20&linkCode=osi&th=1&psc=1">View Product</a></div>

<div class="product"><a href="https://www.amazon.com/dp/B01DDN8854?tag=eloabder-20&linkCode=osi&th=1&psc=1"><img src="https://m.media-amazon.com/images/I/61dPubDZBSL._SL500_.jpg" alt="Product Image"></a><p>Hugs 'n Kisses HNKHABY13 Applique Paper (20 Pack)</p><p>$19.72 ($0.99 / Count)</p><a href="https://www.amazon.com/dp/B01DDN8854?tag=eloabder-20&linkCode=osi&th=1&psc=1">View Product</a></div>
<div class="product"><a href="https://www.amazon.com/dp/B09KPNFJW1?tag=eloabder-20&linkCode=osi&th=1&psc=1"><img src="https://m.media-amazon.com/images/I/41abn5fELmL._SL500_.jpg" alt="Product Image"></a><p>UniPleased Disposable Aprons (50 Count), Plastic apron for Painting Party, Cooking, Housework, Picnic etc.</p><p>$5.69</p><a href="https://www.amazon.com/dp/B09KPNFJW1?tag=eloabder-20&linkCode=osi&th=1&psc=1">View Product</a></div>
<div class="product"><a href="https://www.amazon.com/dp/B087M21MM2?tag=eloabder-20&linkCode=osi&th=1&psc=1"><img src="https://m.media-amazon.com/images/I/41Xf-jehhLL._SL500_.jpg" alt="Product Image"></a><p>GOTIDEAL Stretched Canvas, Multi Pack 4x4, 5x7, 8x10,9x12, 11x14 Set of 10, Primed White - 100% Cotton Artist Canvas Boards for Painting, Acrylic Pouring, Oil Paint Dry & Wet Art Media</p><p>$24.99</p><a href="https://www.amazon.com/dp/B087M21MM2?tag=eloabder-20&linkCode=osi&th=1&psc=1">View Product</a></div><div class="product"><a href="https://www.amazon.com/dp/B00OQJYISG?tag=eloabder-20&linkCode=osi&th=1&psc=1"><img src="https://m.media-amazon.com/images/I/31fEDLPkkcL._SL500_.jpg" alt="Product Image"></a><p>6 Count 12” x 16” Super Value Canvas by Artist's Loft Necessities - Acid Free Cotton Canvas for Paint, Acrylic, & Oils - 1 Pack</p><p>$19.99</p><a href="https://www.amazon.com/dp/B00OQJYISG?tag=eloabder-20&linkCode=osi&th=1&psc=1">View Product</a></div><div class="product"><a href="https://www.amazon.com/dp/B09CDKB9HY?tag=eloabder-20&linkCode=osi&th=1&psc=1"><img src="https://m.media-amazon.com/images/I/51+p5xnClGL._SL500_.jpg" alt="Product Image"></a><p>DPDIAN Canvas Boards for Painting 40 Pack, 8 inch x 10 inch Super Value Pack, Artist Canvas Panels for Oil & Acrylic Painting</p><p>$29.99</p><a href="https://www.amazon.com/dp/B09CDKB9HY?tag=eloabder-20&linkCode=osi&th=1&psc=1">View Product</a></div><div class="product"><a href="https://www.amazon.com/dp/B0CFBGP29G?tag=eloabder-20&linkCode=osi&th=1&psc=1"><img src="https://m.media-amazon.com/images/I/3147Az5plbL._SL500_.jpg" alt="Product Image"></a><p>ArtSkills Stretched Canvases for Painting, 12x16 Canvas Painting Supplies for Artists, Blank Canvas Pack, 2-Pack</p><p>$16.99</p><a href="https://www.amazon.com/dp/B0CFBGP29G?tag=eloabder-20&linkCode=osi&th=1&psc=1">View Product</a></div><div class="product"><a href="https://www.amazon.com/dp/B07BNGQ1SS?tag=eloabder-20&linkCode=osi&th=1&psc=1"><img src="https://m.media-amazon.com/images/I/410ZVtygUwS._SL500_.jpg" alt="Product Image"></a><p>PHOENIX Stretched Canvas for Painting 8x10 Inch/10 Value Pack, 8 Oz Triple Primed 5/8 Inch Profile 100% Cotton White Blank Canvas, Artist Framed Canvas for Oil Acrylic & Pouring Art</p><p>$22.99</p><a href="https://www.amazon.com/dp/B07BNGQ1SS?tag=eloabder-20&linkCode=osi&th=1&psc=1">View Product</a></div><div class="product"><a href="https://www.amazon.com/dp/B0922JP1H4?tag=eloabder-20&linkCode=osi&th=1&psc=1"><img src="https://m.media-amazon.com/images/I/41BmiEND1KL._SL500_.jpg" alt="Product Image"></a><p>GOTIDEAL Canvases for Painting, 18 Pack Canvas Boards Multipack 4x4, 5x7, 8x10, 9x12,11x14,Primed White Blank Artist Canvas Variety Pack for Acrylic Paint, Oil Paint, Watercolor, Gouache</p><p>$19.99</p><a href="https://www.amazon.com/dp/B0922JP1H4?tag=eloabder-20&linkCode=osi&th=1&psc=1">View Product</a></div>


<div class="product"><a href="https://www.amazon.com/dp/B0872VFHBH?tag=eloabder-20&linkCode=osi&th=1&psc=1"><img src="https://m.media-amazon.com/images/I/51k3bekQheS._SL500_.jpg" alt="Product Image"></a><p>Bachmore Drawing Pad 9X12 Inch (110lb/180g), 60 Sheets, Top Spiral Bound Multi-Media for Artist Pro & Amateurs | Acrylic Art, Ink, Paint, Oil Pastels,Watercolor Mixed Media Sketch</p><p>$11.99</p><a href="https://www.amazon.com/dp/B0872VFHBH?tag=eloabder-20&linkCode=osi&th=1&psc=1">View Product</a></div><div class="product"><a href="https://www.amazon.com/dp/B0027A75A4?tag=eloabder-20&linkCode=osi&th=1&psc=1"><img src="https://m.media-amazon.com/images/I/51dyOxxcgYL._SL500_.jpg" alt="Product Image"></a><p>Strathmore 200 Series Sketch Pad, 9x12 inch, 100 Sheets, Tape Bound - Artist Sketchbook for Drawing, Illustration, Art Class Students</p><p>$6.99 ($0.07 / Count)</p><a href="https://www.amazon.com/dp/B0027A75A4?tag=eloabder-20&linkCode=osi&th=1&psc=1">View Product</a></div><div class="product"><a href="https://www.amazon.com/dp/B0BV13YQKX?tag=eloabder-20&linkCode=osi&th=1&psc=1"><img src="https://m.media-amazon.com/images/I/41VYfMpvXUL._SL500_.jpg" alt="Product Image"></a><p>Canson Graduate Watercolor Pad, Foldover, 9x12 inch, 20 Sheets | Artist Paper for Adults and Students - Painting, Gouache, Mixed Media and Ink</p><p>$4.97 ($0.41 / Count)</p><a href="https://www.amazon.com/dp/B0BV13YQKX?tag=eloabder-20&linkCode=osi&th=1&psc=1">View Product</a></div><div class="product"><a href="https://www.amazon.com/dp/B0024KMQ6K?tag=eloabder-20&linkCode=osi&th=1&psc=1"><img src="https://m.media-amazon.com/images/I/51sYdvPPUCL._SL500_.jpg" alt="Product Image"></a><p>Strathmore 400 Series Pastel Pad, Assorted Colors, 9"x12" Glue Bound, 24 Sheets</p><p>$9.11</p><a href="https://www.amazon.com/dp/B0024KMQ6K?tag=eloabder-20&linkCode=osi&th=1&psc=1">View Product</a></div><div class="product"><a href="https://www.amazon.com/dp/B00246O6PI?tag=eloabder-20&linkCode=osi&th=1&psc=1"><img src="https://m.media-amazon.com/images/I/517TUmckOIL._SL500_.jpg" alt="Product Image"></a><p>Strathmore 300 Series Drawing Paper Pad, Top Wire Bound, 11x14 inches, 50 Sheets (70lb/114g) - Artist Paper for Adults and Students - Charcoal, Colored Pencil, Ink, Pastel, Marker</p><p>$13.33</p><a href="https://www.amazon.com/dp/B00246O6PI?tag=eloabder-20&linkCode=osi&th=1&psc=1">View Product</a></div>
<div class="product"><a href="https://www.amazon.com/dp/B08ZMH7LJY?tag=eloabder-20&linkCode=osi&th=1&psc=1"><img src="https://m.media-amazon.com/images/I/51mJIsLJA-S._SL500_.jpg" alt="Product Image"></a><p>PANDAFLY Professional Drawing Sketching Pencil Set - 12 Pieces Graphite Pencils(14B - 2H), Ideal for Drawing Art, Sketching, Shading, Artist Pencils for Beginners & Pro Artists</p><p>$5.11</p><a href="https://www.amazon.com/dp/B08ZMH7LJY?tag=eloabder-20&linkCode=osi&th=1&psc=1">View Product</a></div><div class="product"><a href="https://www.amazon.com/dp/B088K1G5NL?tag=eloabder-20&linkCode=osi&th=1&psc=1"><img src="https://m.media-amazon.com/images/I/51F2bOMZWnL._SL500_.jpg" alt="Product Image"></a><p>MARKART Professional Drawing Sketching Pencil Set - 14 Pieces,Graphite,(12B - 4H), Ideal for Drawing Art, Sketching, Shading, Artist Pencils for Beginners & Pro Artists</p><p>$5.24</p><a href="https://www.amazon.com/dp/B088K1G5NL?tag=eloabder-20&linkCode=osi&th=1&psc=1">View Product</a></div><div class="product"><a href="https://www.amazon.com/dp/B08FHMRW4L?tag=eloabder-20&linkCode=osi&th=1&psc=1"><img src="https://m.media-amazon.com/images/I/51Pmn5gjyzL._SL500_.jpg" alt="Product Image"></a><p>Mr. Pen- Sketch Pencils for Drawing, 14 Pack, Drawing Pencils, Art Pencils, Graphite Pencils, Graphite Pencils for Drawing, Art Pencils for Drawing and Shading</p><p>$5.95</p><a href="https://www.amazon.com/dp/B08FHMRW4L?tag=eloabder-20&linkCode=osi&th=1&psc=1">View Product</a></div><div class="product"><a href="https://www.amazon.com/dp/B0BNQ58DC4?tag=eloabder-20&linkCode=osi&th=1&psc=1"><img src="https://m.media-amazon.com/images/I/51e-gQtCcCL._SL500_.jpg" alt="Product Image"></a><p>MARTCOLOR Drawing Sketching Pencils Set, 12 Pack Graphite Pencils(14B - 2H), Ideal for Drawing Art, Sketching, Shading, Artist Pencils for Beginners & Pro Artists</p><p>$5.99</p><a href="https://www.amazon.com/dp/B0BNQ58DC4?tag=eloabder-20&linkCode=osi&th=1&psc=1">View Product</a></div>

<div class="product"><a href="https://www.amazon.com/dp/B0851M3749?tag=eloabder-20&linkCode=osi&th=1&psc=1"><img src="https://m.media-amazon.com/images/I/41KKSGSDl5L._SL500_.jpg" alt="Product Image"></a><p>N NOROCME 12 PCS Blending Stumps and Tortillions Paper Art Blenders with Sandpaper Pencil Sharpener Pointer for Student Artist Charcoal Sketch Drawing Tools</p><p>$4.99</p><a href="https://www.amazon.com/dp/B0851M3749?tag=eloabder-20&linkCode=osi&th=1&psc=1">View Product</a></div><div class="product"><a href="https://www.amazon.com/dp/B09J3HKN8F?tag=eloabder-20&linkCode=osi&th=1&psc=1"><img src="https://m.media-amazon.com/images/I/51Qvx81eQLL._SL500_.jpg" alt="Product Image"></a><p>Eraser Pencils Set for Artists, Wooden Sketch Eraser Pen for Charcoal Drawings, Professional Highlight Painting Eraser for Sketching, Revise Erasing Details for Students Limner</p><p>$6.99</p><a href="https://www.amazon.com/dp/B09J3HKN8F?tag=eloabder-20&linkCode=osi&th=1&psc=1">View Product</a></div>
<div class="product"><a href="https://www.amazon.com/dp/B09WCQ89T8?tag=eloabder-20&linkCode=osi&th=1&psc=1"><img src="https://m.media-amazon.com/images/I/41gZz0qgBFL._SL500_.jpg" alt="Product Image"></a><p>Bernat BABY BLANKET BB Blue Dreams Yarn - 1 Pack of 10.5oz/300g - Polyester - #6 Super Bulky - 220 Yards - Knitting/Crochet</p><p>$6.97</p><a href="https://www.amazon.com/dp/B09WCQ89T8?tag=eloabder-20&linkCode=osi&th=1&psc=1">View Product</a></div><div class="product"><a href="https://www.amazon.com/dp/B07V5JVNFD?tag=eloabder-20&linkCode=osi&th=1&psc=1"><img src="https://m.media-amazon.com/images/I/41IS+HdtiOL._SL500_.jpg" alt="Product Image"></a><p>Lion Brand Yarn Basic Stitch Anti-Pilling Knitting Yarn, Yarn for Crocheting, 1-Pack, Baby Blue</p><p>$8.40 ($0.02 / Foot)</p><a href="https://www.amazon.com/dp/B07V5JVNFD?tag=eloabder-20&linkCode=osi&th=1&psc=1">View Product</a></div><div class="product"><a href="https://www.amazon.com/dp/B01M0AJID2?tag=eloabder-20&linkCode=osi&th=1&psc=1"><img src="https://m.media-amazon.com/images/I/41yVau0AUpL._SL500_.jpg" alt="Product Image"></a><p>Lion Brand Yarn (1 Skein) Lion Brand Yarn Babysoft Baby Yarn Yarn, Little Boy Blue Multicolor</p><p>$7.19 ($0.01 / Foot)</p><a href="https://www.amazon.com/dp/B01M0AJID2?tag=eloabder-20&linkCode=osi&th=1&psc=1">View Product</a></div><div class="product"><a href="https://www.amazon.com/dp/B09W1KHF42?tag=eloabder-20&linkCode=osi&th=1&psc=1"><img src="https://m.media-amazon.com/images/I/41maDlrio5L._SL500_.jpg" alt="Product Image"></a><p>Red Heart Super Saver Light Blue Yarn - 3 Pack of 198g/7oz - Acrylic - 4 Medium (Worsted) - 364 Yards - Knitting/Crochet</p><p>$13.29 ($4.43 / Count)</p><a href="https://www.amazon.com/dp/B09W1KHF42?tag=eloabder-20&linkCode=osi&th=1&psc=1">View Product</a></div><div class="product"><a href="https://www.amazon.com/dp/B08LKVZ3CX?tag=eloabder-20&linkCode=osi&th=1&psc=1"><img src="https://m.media-amazon.com/images/I/41GLizNx8UL._SL500_.jpg" alt="Product Image"></a><p>Bernat Baby Blanket Baby Blue Yarn - 3 Pack of 100g/3.5oz - Polyester - 6 Super Bulky - 72 Yards - Knitting/Crochet</p><p>$21.81</p><a href="https://www.amazon.com/dp/B08LKVZ3CX?tag=eloabder-20&linkCode=osi&th=1&psc=1">View Product</a></div><div class="product"><a href="https://www.amazon.com/dp/B0CHJ95WHJ?tag=eloabder-20&linkCode=osi&th=1&psc=1"><img src="https://m.media-amazon.com/images/I/314E1EQdihL._SL500_.jpg" alt="Product Image"></a><p>NORCIA Soft Velvet Yarn Chenille Yarn for Crocheting Baby Blanket Yarn for Knitting Amigurumi Yarn Fancy Yarn for Crochet Weaving Craft (Baby Blue, 1 Skein)</p><p>$9.99</p><a href="https://www.amazon.com/dp/B0CHJ95WHJ?tag=eloabder-20&linkCode=osi&th=1&psc=1">View Product</a></div>
<div class="product"><a href="https://www.amazon.com/dp/B0779F2TXJ?tag=eloabder-20&linkCode=osi&th=1&psc=1"><img src="https://m.media-amazon.com/images/I/31kqZr8DJzL._SL500_.jpg" alt="Product Image"></a><p>OPENDGO Feather Ballpoint Pen ，Black Ink Vintage Feather Quill Refined Plated Rod Quill Ballpoint Pen For School Writing ▏Wedding Gift Signature Pen (Black)</p><p>$6.97</p><a href="https://www.amazon.com/dp/B0779F2TXJ?tag=eloabder-20&linkCode=osi&th=1&psc=1">View Product</a></div><div class="product"><a href="https://www.amazon.com/dp/B0CQF3BJ3S?tag=eloabder-20&linkCode=osi&th=1&psc=1"><img src="https://m.media-amazon.com/images/I/41gs6AOiP6L._SL500_.jpg" alt="Product Image"></a><p>3 in 1 Retractable Ballpoint Pen with Light and Stylus, Nice Pens for Journaling Writing in The Dark - White/Red Light Tip- 0.7mm Black Ink</p><p>$12.99</p><a href="https://www.amazon.com/dp/B0CQF3BJ3S?tag=eloabder-20&linkCode=osi&th=1&psc=1">View Product</a></div><div class="product"><a href="https://www.amazon.com/dp/B08BBZ3B8G?tag=eloabder-20&linkCode=osi&th=1&psc=1"><img src="https://m.media-amazon.com/images/I/41cMHyw60wL._SL500_.jpg" alt="Product Image"></a><p>Mr. Pen- Pens, Black Pens, 12 Pack, Fast Dry, No Smear Pens, Bible Pens, Pens for Journaling, Pens No Bleed Through, Pens Fine Point, Journal Pens, Fine Tip, Planner Pens, Ball Point Journal Pens</p><p>$9.99</p><a href="https://www.amazon.com/dp/B08BBZ3B8G?tag=eloabder-20&linkCode=osi&th=1&psc=1">View Product</a></div><div class="product"><a href="https://www.amazon.com/dp/B0D4YWWGX6?tag=eloabder-20&linkCode=osi&th=1&psc=1"><img src="https://m.media-amazon.com/images/I/31xHBCCzJqL._SL500_.jpg" alt="Product Image"></a><p>PATIKIL 21cm/8" Feather Ballpoint Pen, 1Pcs Ink Vintage Quill Pen Refined Plated Dip Pen for Calligraphy Writing Signature Wedding Gift, Yellow</p><p>$7.49</p><a href="https://www.amazon.com/dp/B0D4YWWGX6?tag=eloabder-20&linkCode=osi&th=1&psc=1">View Product</a></div>

<div class="product"><a href="https://www.amazon.com/dp/B001TLDEVQ?tag=eloabder-20&linkCode=osi&th=1&psc=1"><img src="https://m.media-amazon.com/images/I/41jYF39F6lL._SL500_.jpg" alt="Product Image"></a><p>Beadalon SuppleMax Illusion Beading Cord, 0.40 mm / 0.016 in, Clear Monofilament, 50 m / 164 ft</p><p>$4.74</p><a href="https://www.amazon.com/dp/B001TLDEVQ?tag=eloabder-20&linkCode=osi&th=1&psc=1">View Product</a></div><div class="product"><a href="https://www.amazon.com/dp/B0D2HVFZ7Q?tag=eloabder-20&linkCode=osi&th=1&psc=1"><img src="https://m.media-amazon.com/images/I/41R66LMYz7L._SL500_.jpg" alt="Product Image"></a><p>Zxiixz 116Yards 0.5mm Bracelet String, Waxed String Cord for Bracelet Making, Beading Thread for Bracelet Beads, Friendship Bracelet String for Bracelet Making, Waxed Polyester Cord for Jewelry Making</p><p>$6.99</p><a href="https://www.amazon.com/dp/B0D2HVFZ7Q?tag=eloabder-20&linkCode=osi&th=1&psc=1">View Product</a></div><div class="product"><a href="https://www.amazon.com/dp/B07BNF8KH5?tag=eloabder-20&linkCode=osi&th=1&psc=1"><img src="https://m.media-amazon.com/images/I/51jVByheyVL._SL500_.jpg" alt="Product Image"></a><p>PH PandaHall 100 Yards 1mm Waxed Cotton Cord Thread Beading String for Bracelet Necklace Making Crafting Beading Macrame Vase Decor, Burlywood</p><p>$7.19 ($0.02 / Foot)</p><a href="https://www.amazon.com/dp/B07BNF8KH5?tag=eloabder-20&linkCode=osi&th=1&psc=1">View Product</a></div><div class="product"><a href="https://www.amazon.com/dp/B07HBPGXJG?tag=eloabder-20&linkCode=osi&th=1&psc=1"><img src="https://m.media-amazon.com/images/I/41xi8gO6kDL._SL500_.jpg" alt="Product Image"></a><p>Paxcoo 0.8mm Elastic String, Stretchy Bracelet String Crystal String Bead Cord for Bracelet, Beading and Jewelry Making (120m)</p><p>$6.99 ($0.02 / Foot)</p><a href="https://www.amazon.com/dp/B07HBPGXJG?tag=eloabder-20&linkCode=osi&th=1&psc=1">View Product</a></div><div class="product"><a href="https://www.amazon.com/dp/B0CNPST7D9?tag=eloabder-20&linkCode=osi&th=1&psc=1"><img src="https://m.media-amazon.com/images/I/41A9VISFC4L._SL500_.jpg" alt="Product Image"></a><p>Kblick Black Nylon String Cord - 1MM 100 Yards Black Twine, Bracelet String for Bracelet Making, Braided Ornament Lanyard Sting, Jewelry Thread Clay Bead String for Crafts, Macrame Satin Cord</p><p>$5.99 ($0.02 / Foot)</p><a href="https://www.amazon.com/dp/B0CNPST7D9?tag=eloabder-20&linkCode=osi&th=1&psc=1">View Product</a></div><div class="product"><a href="https://www.amazon.com/dp/B08GC3JF9X?tag=eloabder-20&linkCode=osi&th=1&psc=1"><img src="https://m.media-amazon.com/images/I/41FQZYhvQpL._SL500_.jpg" alt="Product Image"></a><p>Cheriswelry 100M 0.8mm Nylon Beading Cord Black Chinese Knotting Rattail Macrame Thread String Roll for Jewelry Making Kumihimo Wrapping Supplies DIY Crafts</p><p>$6.99 ($0.02 / Fl Oz)</p><a href="https://www.amazon.com/dp/B08GC3JF9X?tag=eloabder-20&linkCode=osi&th=1&psc=1">View Product</a></div><div class="product"><a href="https://www.amazon.com/dp/B0B3V9RWQC?tag=eloabder-20&linkCode=osi&th=1&psc=1"><img src="https://m.media-amazon.com/images/I/41F-OP+yCxL._SL500_.jpg" alt="Product Image"></a><p>Griffin Silk Bead Cord Perlseide – Black Color – Size 3 (0.50mm) – 2 Meters per Card – Stainless Steel Needle Attached – for Knotting Pearls, Gemstones, Crystals and Beads</p><p>$4.99 ($0.76 / Foot)</p><a href="https://www.amazon.com/dp/B0B3V9RWQC?tag=eloabder-20&linkCode=osi&th=1&psc=1">View Product</a></div><div class="product"><a href="https://www.amazon.com/dp/B08F49YVQP?tag=eloabder-20&linkCode=osi&th=1&psc=1"><img src="https://m.media-amazon.com/images/I/41yCMIpj0rS._SL500_.jpg" alt="Product Image"></a><p>1mm Stretchy Bracelet String, Sturdy Rainbow Elastic String Elastic Cord for Jewelry Making, Necklaces, Beading and Crafts</p><p>$6.99 ($0.04 / Foot)</p><a href="https://www.amazon.com/dp/B08F49YVQP?tag=eloabder-20&linkCode=osi&th=1&psc=1">View Product</a></div>

<div class="product"><a href="https://www.amazon.com/dp/B001GMUBJ6?tag=eloabder-20&linkCode=osi&th=1&psc=1"><img src="https://m.media-amazon.com/images/I/41V5qzn3H5L._SL500_.jpg" alt="Product Image"></a><p>The Beadsmith Fireline by Berkley – Micro-Fused Braided Thread – 6lb. Test, 006”/.15mm Diameter, 50 Yard Spool, Crystal Color – Super Strong Stringing Material for Jewelry Making and Bead Weaving</p><p>$12.59</p><a href="https://www.amazon.com/dp/B001GMUBJ6?tag=eloabder-20&linkCode=osi&th=1&psc=1">View Product</a></div><div class="product"><a href="https://www.amazon.com/dp/B001UAKK0Y?tag=eloabder-20&linkCode=osi&th=1&psc=1"><img src="https://m.media-amazon.com/images/I/41rY1D0wfuL._SL500_.jpg" alt="Product Image"></a><p>Beadalon Wildfire, 0.006 in, 0.15 mm, Break Strength 10 lb / 4.5 kg, Frost, 50 yd / 45 m</p><p>$8.85 ($0.06 / Foot)</p><a href="https://www.amazon.com/dp/B001UAKK0Y?tag=eloabder-20&linkCode=osi&th=1&psc=1">View Product</a></div><div class="product"><a href="https://www.amazon.com/dp/B095WY58F4?tag=eloabder-20&linkCode=osi&th=1&psc=1"><img src="https://m.media-amazon.com/images/I/41mXRfJqcjL._SL500_.jpg" alt="Product Image"></a><p>PH PandaHall 0.1mm Nylon Seed Bead Thread 100 Yards Black White Bracelet Cord Beading Thread Invisible Sewing Thread Nylon Braided Thread String for Leather Stitching Beading Jewelry Bracelets Making</p><p>$9.99 ($0.03 / Foot)</p><a href="https://www.amazon.com/dp/B095WY58F4?tag=eloabder-20&linkCode=osi&th=1&psc=1">View Product</a></div><div class="product"><a href="https://www.amazon.com/dp/B08RN2R2SZ?tag=eloabder-20&linkCode=osi&th=1&psc=1"><img src="https://m.media-amazon.com/images/I/41Tg2MMC++L._SL500_.jpg" alt="Product Image"></a><p>KO Nylon Beading Thread, White Color, Japanese Pre-Waxed 100% Nylon, 330TEX, Tangle Resistant Knotting Cords, 50m /55 yds Spool, Use for Seed Bead Projects, Loom Work & Bead Weaving</p><p>$7.06 ($0.04 / Foot)</p><a href="https://www.amazon.com/dp/B08RN2R2SZ?tag=eloabder-20&linkCode=osi&th=1&psc=1">View Product</a></div><div class="product"><a href="https://www.amazon.com/dp/B09J89ST79?tag=eloabder-20&linkCode=osi&th=1&psc=1"><img src="https://m.media-amazon.com/images/I/41hLuuOZeXL._SL500_.jpg" alt="Product Image"></a><p>2 Roll Polyester Thread, Heavy Duty Thread, 1500Yard/Reel 210D/3 nylon thread for sewing, Sewing Thread for Upholstery, Outdoor Market, Drapery, Leather, Beading, Crafts</p><p>$7.99 ($0.00 / Foot)</p><a href="https://www.amazon.com/dp/B09J89ST79?tag=eloabder-20&linkCode=osi&th=1&psc=1">View Product</a></div><div class="product"><a href="https://www.amazon.com/dp/B0C6MSY7QQ?tag=eloabder-20&linkCode=osi&th=1&psc=1"><img src="https://m.media-amazon.com/images/I/31Bn-MyA62L._SL500_.jpg" alt="Product Image"></a><p>PH PandaHall 0.1mm Nylon String 100 Yards Beading Thread White Nylon Seed Bead Thread Bracelet Beading Thread Sewing String for Leather Stitching Beading Jewelry Bracelets Making</p><p>$7.99 ($0.03 / Foot)</p><a href="https://www.amazon.com/dp/B0C6MSY7QQ?tag=eloabder-20&linkCode=osi&th=1&psc=1">View Product</a></div>

<div class="product"><a href="https://www.amazon.com/dp/B07NMNDT1W?tag=eloabder-20&linkCode=osi&th=1&psc=1"><img src="https://m.media-amazon.com/images/I/41-zwQIcVcL._SL500_.jpg" alt="Product Image"></a><p>Howemon White Beeswax Pellets 2LB 100% Pure and Natural Triple Filtered for Skin, Face, Body and Hair Care DIY Creams, Lotions, Lip Balm and Soap Making Supplies</p><p>$13.99 ($0.44 / Fl Oz)</p><a href="https://www.amazon.com/dp/B07NMNDT1W?tag=eloabder-20&linkCode=osi&th=1&psc=1">View Product</a></div><div class="product"><a href="https://www.amazon.com/dp/B00B3U0FW4?tag=eloabder-20&linkCode=osi&th=1&psc=1"><img src="https://m.media-amazon.com/images/I/51rWFCST+TL._SL500_.jpg" alt="Product Image"></a><p>Beesworks Yellow Beeswax Pellets (1 lb) | 100% Pure, Cosmetic Grade, Triple-Filtered Beeswax for DIY Skin care, Lip Balm, Lotion, and Candle Making</p><p>$13.99 ($0.87 / Ounce)</p><a href="https://www.amazon.com/dp/B00B3U0FW4?tag=eloabder-20&linkCode=osi&th=1&psc=1">View Product</a></div><div class="product"><a href="https://www.amazon.com/dp/B01LWX2IO1?tag=eloabder-20&linkCode=osi&th=1&psc=1"><img src="https://m.media-amazon.com/images/I/41MlNqhDyCL._SL500_.jpg" alt="Product Image"></a><p>Beesworks Yellow Beeswax Bars (6 oz) | 100% Pure, Cosmetic Grade, Triple-Filtered Beeswax for DIY Skin Care, Lip Balm, Lotion and Candle Making (1 oz Bars - Pack of 6)</p><p>$6.99</p><a href="https://www.amazon.com/dp/B01LWX2IO1?tag=eloabder-20&linkCode=osi&th=1&psc=1">View Product</a></div><div class="product"><a href="https://www.amazon.com/dp/B0BV77F19N?tag=eloabder-20&linkCode=osi&th=1&psc=1"><img src="https://m.media-amazon.com/images/I/41xzHaO1-EL._SL500_.jpg" alt="Product Image"></a><p>Beeswax Pellets 10LB Cosmetic Beeswax Triple Filtered Beeswax Pastilles for Candle Making Great for DIY Projects Creams Lotions Lip Balm and Soap Making Supplies(10LB)</p><p>$32.99</p><a href="https://www.amazon.com/dp/B0BV77F19N?tag=eloabder-20&linkCode=osi&th=1&psc=1">View Product</a></div><div class="product"><a href="https://www.amazon.com/dp/B0C9QSG3CY?tag=eloabder-20&linkCode=osi&th=1&psc=1"><img src="https://m.media-amazon.com/images/I/414XQcU6SRL._SL500_.jpg" alt="Product Image"></a><p>YASNAY White Beeswax Pellets 2LB, 100% Organic Beeswax, Beeswax for Candle Making, Body, Skin Care DIY, Lip Balm and Soap Making Supplies</p><p>$11.99</p><a href="https://www.amazon.com/dp/B0C9QSG3CY?tag=eloabder-20&linkCode=osi&th=1&psc=1">View Product</a></div><div class="product"><a href="https://www.amazon.com/dp/B097HTC4WN?tag=eloabder-20&linkCode=osi&th=1&psc=1"><img src="https://m.media-amazon.com/images/I/51pwMM7C6-L._SL500_.jpg" alt="Product Image"></a><p>Eco Lux 8 Yellow Beeswax Blocks 100% Pure Natural Organic Bees Wax 6.5oz</p><p>$8.49 ($1.35 / Ounce)</p><a href="https://www.amazon.com/dp/B097HTC4WN?tag=eloabder-20&linkCode=osi&th=1&psc=1">View Product</a></div><div class="product"><a href="https://www.amazon.com/dp/B00HDHQQCE?tag=eloabder-20&linkCode=osi&th=1&psc=1"><img src="https://m.media-amazon.com/images/I/41vF-7MwNhL._SL500_.jpg" alt="Product Image"></a><p>Murray's 100% Pure Beeswax 4 oz</p><p>$5.98 ($1.50 / Ounce)</p><a href="https://www.amazon.com/dp/B00HDHQQCE?tag=eloabder-20&linkCode=osi&th=1&psc=1">View Product</a></div><div class="product"><a href="https://www.amazon.com/dp/B09YM8JTLM?tag=eloabder-20&linkCode=osi&th=1&psc=1"><img src="https://m.media-amazon.com/images/I/41cjNuBnFEL._SL500_.jpg" alt="Product Image"></a><p>TRINIDa Beeswax Pellets 2LB(32 oz), 100% Organic Yellow Bees Wax for DIY Candles, Beeswax for Candle Making, Skin, Body, Face, and Hair Care, Lotions, DIY Creams, Lip Balm and Soap Making Supplies</p><p>$11.99</p><a href="https://www.amazon.com/dp/B09YM8JTLM?tag=eloabder-20&linkCode=osi&th=1&psc=1">View Product</a></div><div class="product"><a href="https://www.amazon.com/dp/B00F3CNMV4?tag=eloabder-20&linkCode=osi&th=1&psc=1"><img src="https://m.media-amazon.com/images/I/31pjrRAEa4L._SL500_.jpg" alt="Product Image"></a><p>Stakich Yellow Beeswax Block - Natural, Triple Filtered - 1 Pound, Honey Scent</p><p>$13.95 ($0.87 / Ounce)</p><a href="https://www.amazon.com/dp/B00F3CNMV4?tag=eloabder-20&linkCode=osi&th=1&psc=1">View Product</a></div><div class="product"><a href="https://www.amazon.com/dp/B0BXFZBZS9?tag=eloabder-20&linkCode=osi&th=1&psc=1"><img src="https://m.media-amazon.com/images/I/4178i9IB9KL._SL500_.jpg" alt="Product Image"></a><p>5LB Beeswax Pellets Beeswax for Candle Making Organic Beeswax Pellets for Skin Beeswax Beads Beeswax Bulk Beeswax for Lotion Making Organic for DIY and Craft Project</p><p>$22.99</p><a href="https://www.amazon.com/dp/B0BXFZBZS9?tag=eloabder-20&linkCode=osi&th=1&psc=1">View Product</a></div>
<div class="product"><a href="https://www.amazon.com/dp/B0052F1BVK?tag=eloabder-20&linkCode=osi&th=1&psc=1"><img src="https://m.media-amazon.com/images/I/41zE9eiGoLL._SL500_.jpg" alt="Product Image"></a><p>ACC Staples Large Binder Clips, 2" Width, 1" Capacity, Black, 12/Pk</p><p>$6.30</p><a href="https://www.amazon.com/dp/B0052F1BVK?tag=eloabder-20&linkCode=osi&th=1&psc=1">View Product</a></div><div class="product"><a href="https://www.amazon.com/dp/B07MLFR771?tag=eloabder-20&linkCode=osi&th=1&psc=1"><img src="https://m.media-amazon.com/images/I/51N2wxA7N0L._SL500_.jpg" alt="Product Image"></a><p>CooBigo 50 Pack Binder Ring, Metal Book Ring Paper Ring Holder 5/8-Inch Loose Leaf Binder Ring Clip for Index Card, Flash Card Ring, Card Calendar, Keychain Key Ring - Bronze</p><p>$6.99</p><a href="https://www.amazon.com/dp/B07MLFR771?tag=eloabder-20&linkCode=osi&th=1&psc=1">View Product</a></div><div class="product"><a href="https://www.amazon.com/dp/B01563NHGY?tag=eloabder-20&linkCode=osi&th=1&psc=1"><img src="https://m.media-amazon.com/images/I/41gj+0ZftqL._SL500_.jpg" alt="Product Image"></a><p>vanki Pack of 40 Cute Lovely Smiling Face Spring-Loaded File Organizer Paper Holder Metal Binder Clips, Assorted Color</p><p>$8.99</p><a href="https://www.amazon.com/dp/B01563NHGY?tag=eloabder-20&linkCode=osi&th=1&psc=1">View Product</a></div><div class="product"><a href="https://www.amazon.com/dp/B000GOUDSO?tag=eloabder-20&linkCode=osi&th=1&psc=1"><img src="https://m.media-amazon.com/images/I/41ZANISHgML._SL500_.jpg" alt="Product Image"></a><p>Small Binder Clips .75" 8/Pkg-Assorted Colors</p><p>$4.46</p><a href="https://www.amazon.com/dp/B000GOUDSO?tag=eloabder-20&linkCode=osi&th=1&psc=1">View Product</a></div>
<div class="product"><a href="https://www.amazon.com/dp/B07PRPX4VR?tag=eloabder-20&linkCode=osi&th=1&psc=1"><img src="https://m.media-amazon.com/images/I/41IMH12fdPL._SL500_.jpg" alt="Product Image"></a><p>Durable Sheet Lifters, Durable Easy Flow, 11" x 3", Lifts Sheets Over Rings and Protects Sheets from Tearing, Fit Standard 3-Ring Binders, Black (20 Pack)</p><p>$14.99</p><a href="https://www.amazon.com/dp/B07PRPX4VR?tag=eloabder-20&linkCode=osi&th=1&psc=1">View Product</a></div><div class="product"><a href="https://www.amazon.com/dp/B0CM8QJHFW?tag=eloabder-20&linkCode=osi&th=1&psc=1"><img src="https://m.media-amazon.com/images/I/31cJGS74oCL._SL500_.jpg" alt="Product Image"></a><p>Wantane D-Shaped Tape Storage Ring Tape Storage Ring 4" D-Shaped Washi Tape Storage Ring for DIY Decoration and Storage（Nickel）-2PCS</p><p>$7.99</p><a href="https://www.amazon.com/dp/B0CM8QJHFW?tag=eloabder-20&linkCode=osi&th=1&psc=1">View Product</a></div>
<div class="product"><a href="https://www.amazon.com/dp/B00006IAS3?tag=eloabder-20&linkCode=osi&th=1&psc=1"><img src="https://m.media-amazon.com/images/I/317DvSXhT1L._SL500_.jpg" alt="Product Image"></a><p>GBC Binding System, Manual, Desktop Binding Punch, 6 Sheet Punch Capacity, ProClick P50 (2515650)</p><p>$123.89</p><a href="https://www.amazon.com/dp/B00006IAS3?tag=eloabder-20&linkCode=osi&th=1&psc=1">View Product</a></div><div class="product"><a href="https://www.amazon.com/dp/B004BP81KQ?tag=eloabder-20&linkCode=osi&th=1&psc=1"><img src="https://m.media-amazon.com/images/I/51SqfeZ12KL._SL500_.jpg" alt="Product Image"></a><p>We R Memory Keepers Cinch Book Binding Wire (1-Inch, Silver (2 Pack))</p><p>$5.99</p><a href="https://www.amazon.com/dp/B004BP81KQ?tag=eloabder-20&linkCode=osi&th=1&psc=1">View Product</a></div>

<div class="product"><a href="https://www.amazon.com/dp/B0007ZJ8TM?tag=eloabder-20&linkCode=osi&th=1&psc=1"><img src="https://m.media-amazon.com/images/I/41i49sz3UAL._SL500_.jpg" alt="Product Image"></a><p>Speedball Super Black India Ink, 2-Ounce</p><p>$9.99 ($9.99 / Count)</p><a href="https://www.amazon.com/dp/B0007ZJ8TM?tag=eloabder-20&linkCode=osi&th=1&psc=1">View Product</a></div><div class="product"><a href="https://www.amazon.com/dp/B0026I10AI?tag=eloabder-20&linkCode=osi&th=1&psc=1"><img src="https://m.media-amazon.com/images/I/31vklP4uBsL._SL500_.jpg" alt="Product Image"></a><p>Dr. Ph. Martin's Bombay India (7BY) Ink Bottle, 1.0 oz, Black</p><p>$6.99</p><a href="https://www.amazon.com/dp/B0026I10AI?tag=eloabder-20&linkCode=osi&th=1&psc=1">View Product</a></div><div class="product"><a href="https://www.amazon.com/dp/B000KNP96C?tag=eloabder-20&linkCode=osi&th=1&psc=1"><img src="https://m.media-amazon.com/images/I/51e9srYtG0L._SL500_.jpg" alt="Product Image"></a><p>Winsor & Newton Drawing Ink, 14ml Bottle, Black Indian</p><p>$10.99</p><a href="https://www.amazon.com/dp/B000KNP96C?tag=eloabder-20&linkCode=osi&th=1&psc=1">View Product</a></div><div class="product"><a href="https://www.amazon.com/dp/B07BQG5QF4?tag=eloabder-20&linkCode=osi&th=1&psc=1"><img src="https://m.media-amazon.com/images/I/41nEMDYZaiL._SL500_.jpg" alt="Product Image"></a><p>Speedball Super Black India Ink, 16-Ounce</p><p>$19.99</p><a href="https://www.amazon.com/dp/B07BQG5QF4?tag=eloabder-20&linkCode=osi&th=1&psc=1">View Product</a></div><div class="product"><a href="https://www.amazon.com/dp/B001038NLY?tag=eloabder-20&linkCode=osi&th=1&psc=1"><img src="https://m.media-amazon.com/images/I/418i4sxJJ0L._SL500_.jpg" alt="Product Image"></a><p>Speedball Fabric Screen Printing Ink, 8-Ounce, Black for T-Shirt and Silkscreen Printmaking</p><p>$12.99 ($1.62 / Fl Oz)</p><a href="https://www.amazon.com/dp/B001038NLY?tag=eloabder-20&linkCode=osi&th=1&psc=1">View Product</a></div><div class="product"><a href="https://www.amazon.com/dp/B00161OPSA?tag=eloabder-20&linkCode=osi&th=1&psc=1"><img src="https://m.media-amazon.com/images/I/41C32y3CJAL._SL500_.jpg" alt="Product Image"></a><p>Tsukineko VersaFine inkpad, Full-Size, Onyx Black</p><p>$4.99 ($4.99 / Count)</p><a href="https://www.amazon.com/dp/B00161OPSA?tag=eloabder-20&linkCode=osi&th=1&psc=1">View Product</a></div>
<div class="product"><a href="https://www.amazon.com/dp/B07Q4TJCDJ?tag=eloabder-20&linkCode=osi&th=1&psc=1"><img src="https://m.media-amazon.com/images/I/315HYvYg-BL._SL500_.jpg" alt="Product Image"></a><p>Primbeeks 300pcs Blank Business Cards, Premium Blank White Cards, 3.5" x 2.2" Small Blank Cards, Blank Cardstock Cards, Small Note Cards, white blank cards, white business cards, kraft paper cards</p><p>$7.99</p><a href="https://www.amazon.com/dp/B07Q4TJCDJ?tag=eloabder-20&linkCode=osi&th=1&psc=1">View Product</a></div><div class="product"><a href="https://www.amazon.com/dp/B0CRGHFLT8?tag=eloabder-20&linkCode=osi&th=1&psc=1"><img src="https://m.media-amazon.com/images/I/41S1NLpb8hL._SL500_.jpg" alt="Product Image"></a><p>Watercolor Cards and Envelopes Set - 50 Folded 5x7 Inch Blank Heavyweight Paper Cards (140lb/300gsm) with Matching Envelopes for DIY Greeting Cards, Festivals, and Events</p><p>$17.99 ($0.36 / Count)</p><a href="https://www.amazon.com/dp/B0CRGHFLT8?tag=eloabder-20&linkCode=osi&th=1&psc=1">View Product</a></div><div class="product"><a href="https://www.amazon.com/dp/B08MX4TZ3H?tag=eloabder-20&linkCode=osi&th=1&psc=1"><img src="https://m.media-amazon.com/images/I/41D2u4vdLQL._SL500_.jpg" alt="Product Image"></a><p>50 Pack Blank Kraft Cards Cardstock Thick Paper Brown Greeting Cards for DIY Gift Card Menus, Baby Shower and Wedding Invitations (Multicolored, 5x7IN)</p><p>$8.99</p><a href="https://www.amazon.com/dp/B08MX4TZ3H?tag=eloabder-20&linkCode=osi&th=1&psc=1">View Product</a></div><div class="product"><a href="https://www.amazon.com/dp/B08BDGGVMK?tag=eloabder-20&linkCode=osi&th=1&psc=1"><img src="https://m.media-amazon.com/images/I/41W-dTUoBqL._SL500_.jpg" alt="Product Image"></a><p>100pcs 3.54"x2" Blank Kraft Paper Business Card, Words Message Notes paper Tags, Mini Craft Cardboard Festival gifts - 6 colors</p><p>$5.98</p><a href="https://www.amazon.com/dp/B08BDGGVMK?tag=eloabder-20&linkCode=osi&th=1&psc=1">View Product</a></div><div class="product"><a href="https://www.amazon.com/dp/B08BFDJJ78?tag=eloabder-20&linkCode=osi&th=1&psc=1"><img src="https://m.media-amazon.com/images/I/61LZ1Csb+dL._SL500_.jpg" alt="Product Image"></a><p>Nettbe 100pcs 3.54"x2" Blank Kraft Paper Business Card, Words Message Notes paper Tags, Mini Craft Cardboard Festival gifts</p><p>$5.99</p><a href="https://www.amazon.com/dp/B08BFDJJ78?tag=eloabder-20&linkCode=osi&th=1&psc=1">View Product</a></div><div class="product"><a href="https://www.amazon.com/dp/B07Q8YBJM3?tag=eloabder-20&linkCode=osi&th=1&psc=1"><img src="https://m.media-amazon.com/images/I/31w6U4cCqEL._SL500_.jpg" alt="Product Image"></a><p>Primbeeks 228pcs Blank Business Cards, Premium Blank White Cards, 3.5" x 2.2" Small Blank Cards, Blank Cardstock Cards, Small Note Cards, white blank cards, white business cards, kraft paper cards</p><p>$5.99</p><a href="https://www.amazon.com/dp/B07Q8YBJM3?tag=eloabder-20&linkCode=osi&th=1&psc=1">View Product</a></div><div class="product"><a href="https://www.amazon.com/dp/B08X4Z9TGN?tag=eloabder-20&linkCode=osi&th=1&psc=1"><img src="https://m.media-amazon.com/images/I/41Jqhe35tDL._SL500_.jpg" alt="Product Image"></a><p>321Done Blank Rustic Cards, Made in USA - 4x6 Thick, Heavy Cardstock - Make Invites, Greeting, Note, Thank You Cards - Plain Kraft for Writing, Stamping, Printing, Art - No Envelopes - Set of 50</p><p>$14.99</p><a href="https://www.amazon.com/dp/B08X4Z9TGN?tag=eloabder-20&linkCode=osi&th=1&psc=1">View Product</a></div><div class="product"><a href="https://www.amazon.com/dp/B0D2KDWBNM?tag=eloabder-20&linkCode=osi&th=1&psc=1"><img src="https://m.media-amazon.com/images/I/31dAhnBJ7aL._SL500_.jpg" alt="Product Image"></a><p>4x6 Blank White Cardstock (Set of 100) - Card Stock for Printer Postcards, Photo Paper Invitations, Greeting, Note, Thank You, DIY Making, Index Cards - Plain for Writing, Stamping, Printing, Art</p><p>$8.99</p><a href="https://www.amazon.com/dp/B0D2KDWBNM?tag=eloabder-20&linkCode=osi&th=1&psc=1">View Product</a></div><div class="product"><a href="https://www.amazon.com/dp/B0BB858RYN?tag=eloabder-20&linkCode=osi&th=1&psc=1"><img src="https://m.media-amazon.com/images/I/317zmriPKNL._SL500_.jpg" alt="Product Image"></a><p>WANDERINGS Handmade White Deckle Edge Blank Greeting Cards- Folded to 5x7” - Pack of 25 - Writers, Artists, Crafters - Thank Yous, Invitations, Menus, Greeting Cards, Notes - Thick 150 GSM</p><p>$21.99 ($0.88 / Count)</p><a href="https://www.amazon.com/dp/B0BB858RYN?tag=eloabder-20&linkCode=osi&th=1&psc=1">View Product</a></div><div class="product"><a href="https://www.amazon.com/dp/B0BZPPXRZW?tag=eloabder-20&linkCode=osi&th=1&psc=1"><img src="https://m.media-amazon.com/images/I/21Da-WQhrpL._SL500_.jpg" alt="Product Image"></a><p>100 Pack Thick Paper Cardstock Blank Heavy Cards Stock for Invitations, Greeting Cards Making, Postcards, Photos, 250GSM Thick Paper (White, 2x3.5 inches)</p><p>$5.99</p><a href="https://www.amazon.com/dp/B0BZPPXRZW?tag=eloabder-20&linkCode=osi&th=1&psc=1">View Product</a></div>
<div class="product"><a href="https://www.amazon.com/dp/B0BZRDQKH6?tag=eloabder-20&linkCode=osi&th=1&psc=1"><img src="https://m.media-amazon.com/images/I/41GYYRiusgL._SL500_.jpg" alt="Product Image"></a><p>feela 8 Pack Unlined Kraft Paper Notebooks, Blank Journal Note Pad for Drawing Writing, Small Sketchbook Travel Journal Bulk for Women Kids Students Office School Supplies, A5, 60 Pages, 8.3” X 5.5”</p><p>$9.99</p><a href="https://www.amazon.com/dp/B0BZRDQKH6?tag=eloabder-20&linkCode=osi&th=1&psc=1">View Product</a></div><div class="product"><a href="https://www.amazon.com/dp/B0BXLB74KK?tag=eloabder-20&linkCode=osi&th=1&psc=1"><img src="https://m.media-amazon.com/images/I/313vYzg7HpL._SL500_.jpg" alt="Product Image"></a><p>ZZTX 4 Pack Blank Kraft Notebooks, Blank Paper Sketchbooks for Drawing Doodling Writing,Travel Journal Set, A5, 36 Pages, 8.3” X 5.5”</p><p>$5.99</p><a href="https://www.amazon.com/dp/B0BXLB74KK?tag=eloabder-20&linkCode=osi&th=1&psc=1">View Product</a></div><div class="product"><a href="https://www.amazon.com/dp/B0BW5TNPXJ?tag=eloabder-20&linkCode=osi&th=1&psc=1"><img src="https://m.media-amazon.com/images/I/31Wu8UP78iL._SL500_.jpg" alt="Product Image"></a><p>EOOUT Kraft Notebooks, Blank Page Journals in Bulk, 16pcs A5, 8.3 X 5.5 Inches, 60 Pages, 80gsm, Travel Journal Set, for Art Camp, Travelers, Students and Office Supplies Sketchbooks Bulk for Kids</p><p>$15.99</p><a href="https://www.amazon.com/dp/B0BW5TNPXJ?tag=eloabder-20&linkCode=osi&th=1&psc=1">View Product</a></div><div class="product"><a href="https://www.amazon.com/dp/B08P3F46SD?tag=eloabder-20&linkCode=osi&th=1&psc=1"><img src="https://m.media-amazon.com/images/I/41jeBDcZJ1L._SL500_.jpg" alt="Product Image"></a><p>Krafty Soft Cover Blank Notebook Journal, Spiral Sketchbook Pad, Drawing Book, 60 Sheets/140gsm (A4)/120 Pages</p><p>$7.99</p><a href="https://www.amazon.com/dp/B08P3F46SD?tag=eloabder-20&linkCode=osi&th=1&psc=1">View Product</a></div><div class="product"><a href="https://www.amazon.com/dp/B0CWNPMC4T?tag=eloabder-20&linkCode=osi&th=1&psc=1"><img src="https://m.media-amazon.com/images/I/31BZeVGe6TL._SL500_.jpg" alt="Product Image"></a><p>zmybcpack 5 Pack Blank Journal Notebooks, Blank Paper Sketchbook for Drawing Writing, Travel Journal Notebook Kraft Paper Notebook for Travelers, Students, Office, A5, 8.26” x 5.5”, 60 Pages/30 Sheets</p><p>$8.99</p><a href="https://www.amazon.com/dp/B0CWNPMC4T?tag=eloabder-20&linkCode=osi&th=1&psc=1">View Product</a></div><div class="product"><a href="https://www.amazon.com/dp/B07WHYP9WN?tag=eloabder-20&linkCode=osi&th=1&psc=1"><img src="https://m.media-amazon.com/images/I/41ZhyCux1yL._SL500_.jpg" alt="Product Image"></a><p>Thick Blank Journal Notebook with Unlined / Unruled / Plain Pages | Deluxe 120gsm Ink Resistant Paper for Writing, Sketch Book, 160 Pages | Hardcover Sketchbook with Pen Holder, Pocket, Ribbon (Black)</p><p>$14.99</p><a href="https://www.amazon.com/dp/B07WHYP9WN?tag=eloabder-20&linkCode=osi&th=1&psc=1">View Product</a></div>
<div class="product"><a href="https://www.amazon.com/dp/B07MT7HKZW?tag=eloabder-20&linkCode=osi&th=1&psc=1"><img src="https://m.media-amazon.com/images/I/413JwH5JREL._SL500_.jpg" alt="Product Image"></a><p>Spiral Sketch Book Large Notebook（Built-in Drawing Board） Kraft Cover Blank Sketch Pad Wirebound Sketching for Drawing Painting 8.5x11-Inch (2 Pack) 200 Sheets, 100 Sheets, 200Pages Each</p><p>$17.99 ($9.00 / Count)</p><a href="https://www.amazon.com/dp/B07MT7HKZW?tag=eloabder-20&linkCode=osi&th=1&psc=1">View Product</a></div><div class="product"><a href="https://www.amazon.com/dp/B0BDQ82WB9?tag=eloabder-20&linkCode=osi&th=1&psc=1"><img src="https://m.media-amazon.com/images/I/51FoWr3GPwL._SL500_.jpg" alt="Product Image"></a><p>feela 170 Pack Blank Kraft Notebooks, Unlined Sketchbook Mini Cute Note Pad for Drawing Writing, Journal Bulk For Kids Students Office School Supplies, A6, 48 Pages, 4.25” X 5.5”, Black and Brown</p><p>$51.99</p><a href="https://www.amazon.com/dp/B0BDQ82WB9?tag=eloabder-20&linkCode=osi&th=1&psc=1">View Product</a></div><div class="product"><a href="https://www.amazon.com/dp/B0B3WWHWT2?tag=eloabder-20&linkCode=osi&th=1&psc=1"><img src="https://m.media-amazon.com/images/I/31m0FzXtPxL._SL500_.jpg" alt="Product Image"></a><p>Tamaki 6 Pack Colorful Blank Books for kids to Write, Drawing, Cute Sketchbook for Kid, 6 Colors (4.25 x 5.5 Inches)</p><p>$6.99</p><a href="https://www.amazon.com/dp/B0B3WWHWT2?tag=eloabder-20&linkCode=osi&th=1&psc=1">View Product</a></div>
<div class="product"><a href="https://www.amazon.com/dp/B0BGH2P9M6?tag=eloabder-20&linkCode=osi&th=1&psc=1"><img src="https://m.media-amazon.com/images/I/41ozOaYoHEL._SL500_.jpg" alt="Product Image"></a><p>EOOUT 100pcs A5 Kraft Notebooks, Blank Page Journals in Bulk, Sketchbooks Bulk for Kids, 60 Pages, 80GSM, 8.3 X 5.5 Inch, Travel Journal Set, for Art Camp, Travelers, Students and Office Supplies</p><p>$51.99</p><a href="https://www.amazon.com/dp/B0BGH2P9M6?tag=eloabder-20&linkCode=osi&th=1&psc=1">View Product</a></div><div class="product"><a href="https://www.amazon.com/dp/B07MT99F94?tag=eloabder-20&linkCode=osi&th=1&psc=1"><img src="https://m.media-amazon.com/images/I/41Ug7gpSWDL._SL500_.jpg" alt="Product Image"></a><p>Spiral Sketch Book Large Notebook（Built-in Drawing Board） Kraft Cover Blank Sketch Pad Wirebound Sketching for Drawing Painting 8.5x11-Inch (1 Pack) 200 Pages, 100 Sheets</p><p>$9.99</p><a href="https://www.amazon.com/dp/B07MT99F94?tag=eloabder-20&linkCode=osi&th=1&psc=1">View Product</a></div><div class="product"><a href="https://www.amazon.com/dp/B07CM32KLM?tag=eloabder-20&linkCode=osi&th=1&psc=1"><img src="https://m.media-amazon.com/images/I/41ENhBLE9DL._SL500_.jpg" alt="Product Image"></a><p>Kraft Cover Drawing Notebook & Sketchbook – Set of 2 Blank Plain Sketch Books – 125g Thick Paper A5 Size, 150x210mm Paper Ideal for Drawing & Sketching- 128 sheets/256 pages – 180 Degree Opening, 2pcs</p><p>$20.99 ($0.08 / Count)</p><a href="https://www.amazon.com/dp/B07CM32KLM?tag=eloabder-20&linkCode=osi&th=1&psc=1">View Product</a></div><div class="product"><a href="https://www.amazon.com/dp/B08ZLMLF7C?tag=eloabder-20&linkCode=osi&th=1&psc=1"><img src="https://m.media-amazon.com/images/I/41X-5yj83vL._SL500_.jpg" alt="Product Image"></a><p>BEECHMORE BOOKS Sketch Book, A4 8.5 x 11.5 inch Blank Sketchbook for Drawing, Paint and Draw, 156 Pages Thick Paper 160gsm, Hardcover Leather Art Notebook, Boxed for Gifts (Chestnut Brown)</p><p>$21.20</p><a href="https://www.amazon.com/dp/B08ZLMLF7C?tag=eloabder-20&linkCode=osi&th=1&psc=1">View Product</a></div>
<div class="product"><a href="https://www.amazon.com/dp/B075M9MSFH?tag=eloabder-20&linkCode=osi&th=1&psc=1"><img src="https://m.media-amazon.com/images/I/51x+szTX6TL._SL500_.jpg" alt="Product Image"></a><p>Bianyo Bleedproof Marker Paper Pad, A4(8.27"X11.69"), 50 Sheets, 18 LB / 70 GSM, Glue-Bound, 100% Cotton, White, Ideal for Use with Markers and Ink Mediums</p><p>$9.99</p><a href="https://www.amazon.com/dp/B075M9MSFH?tag=eloabder-20&linkCode=osi&th=1&psc=1">View Product</a></div><div class="product"><a href="https://www.amazon.com/dp/B08FX5S2NL?tag=eloabder-20&linkCode=osi&th=1&psc=1"><img src="https://m.media-amazon.com/images/I/41CA0ZfazKL._SL500_.jpg" alt="Product Image"></a><p>Marker Paper Sketchbook, Bleedproof Art Marker Pad, (8.27 X 11.69) Inch, White, 40 Sheets</p><p>$6.99</p><a href="https://www.amazon.com/dp/B08FX5S2NL?tag=eloabder-20&linkCode=osi&th=1&psc=1">View Product</a></div><div class="product"><a href="https://www.amazon.com/dp/B0CJRBFSJ8?tag=eloabder-20&linkCode=osi&th=1&psc=1"><img src="https://m.media-amazon.com/images/I/51DLA8TpwEL._SL500_.jpg" alt="Product Image"></a><p>Shuttle Art Marker Pad, 8.3”x8.9” Portable Square Sketchbook, 80 Sheets Marker Drawing Paper, 120LB/200GSM Bleedproof Art Paper, Spiral-Bound, Great for Professional Artist to Draw, Paint & Sketch</p><p>$16.99</p><a href="https://www.amazon.com/dp/B0CJRBFSJ8?tag=eloabder-20&linkCode=osi&th=1&psc=1">View Product</a></div><div class="product"><a href="https://www.amazon.com/dp/B09N7VX5Z5?tag=eloabder-20&linkCode=osi&th=1&psc=1"><img src="https://m.media-amazon.com/images/I/51xCPs9HZyL._SL500_.jpg" alt="Product Image"></a><p>Marker Paper Sketchbook - Marker Sketchbook with Bleedproof Smooth Coated Art Paper, 120 GSM 80 LBS - Marker Pad for Alcohol Markers, Sketching, Drawing - 8.11 x 8.5 Inch | 50 Sheets, 2 Pack</p><p>$15.99 ($8.00 / Count)</p><a href="https://www.amazon.com/dp/B09N7VX5Z5?tag=eloabder-20&linkCode=osi&th=1&psc=1">View Product</a></div><div class="product"><a href="https://www.amazon.com/dp/B07CK94W9T?tag=eloabder-20&linkCode=osi&th=1&psc=1"><img src="https://m.media-amazon.com/images/I/41ocoSNDjdL._SL500_.jpg" alt="Product Image"></a><p>BOXUN Premium 50 Sheets Sketch Marker Paper Pad, Bleedproof Artist Drawing Paper, 8.27 x 11.69 Inch</p><p>$8.29 ($0.17 / Count)</p><a href="https://www.amazon.com/dp/B07CK94W9T?tag=eloabder-20&linkCode=osi&th=1&psc=1">View Product</a></div><div class="product"><a href="https://www.amazon.com/dp/B0CPXWD11W?tag=eloabder-20&linkCode=osi&th=1&psc=1"><img src="https://m.media-amazon.com/images/I/51ApKzpDVNL._SL500_.jpg" alt="Product Image"></a><p>FEITAKE Marker Paper Pad Sketchbook Bleedproof for Alcohol Markers 120lb/200gsm Double Sided Thick Art Drawing Papers 60pages (30Sheets) / A4(8.3"x11.7") Gift for Artists Students Kids</p><p>$13.99 ($0.47 / Count)</p><a href="https://www.amazon.com/dp/B0CPXWD11W?tag=eloabder-20&linkCode=osi&th=1&psc=1">View Product</a></div><div class="product"><a href="https://www.amazon.com/dp/B0025TWYW6?tag=eloabder-20&linkCode=osi&th=1&psc=1"><img src="https://m.media-amazon.com/images/I/51t6UkUHCvL._SL500_.jpg" alt="Product Image"></a><p>Bee Paper Bleedproof Marker Pack, 8-1/2-Inch by 11-Inch, 50 Sheets per Pack</p><p>$17.09 ($0.34 / Count)</p><a href="https://www.amazon.com/dp/B0025TWYW6?tag=eloabder-20&linkCode=osi&th=1&psc=1">View Product</a></div><div class="product"><a href="https://www.amazon.com/dp/B0CJRBYYQB?tag=eloabder-20&linkCode=osi&th=1&psc=1"><img src="https://m.media-amazon.com/images/I/41knBnjZ25L._SL500_.jpg" alt="Product Image"></a><p>Shuttle Art Marker Pad, 8.3”x7.67” Portable Square Sketchbook, 50 Sheets Marker Drawing Paper, 60LB/90GSM Smooth Surface Bleedproof Art Paper, Glue-Bound, Great for Beginners to Draw, Paint & Sketch</p><p>$8.99 ($0.18 / Count)</p><a href="https://www.amazon.com/dp/B0CJRBYYQB?tag=eloabder-20&linkCode=osi&th=1&psc=1">View Product</a></div>
<div class="product"><a href="https://www.amazon.com/dp/B00881IU8M?tag=eloabder-20&linkCode=osi&th=1&psc=1"><img src="https://m.media-amazon.com/images/I/41hbSgdLBtL._SL500_.jpg" alt="Product Image"></a><p>Speedball Fabric & Paper Block Printing Ink 6-Color Set, 1.25-Ounce x 6</p><p>$28.99 ($28.99 / Count)</p><a href="https://www.amazon.com/dp/B00881IU8M?tag=eloabder-20&linkCode=osi&th=1&psc=1">View Product</a></div><div class="product"><a href="https://www.amazon.com/dp/B000J09PFM?tag=eloabder-20&linkCode=osi&th=1&psc=1"><img src="https://m.media-amazon.com/images/I/51yPRc4nvoL._SL500_.jpg" alt="Product Image"></a><p>Speedball Water-Soluble Block Printing Ink Starter Set, 6 Bold Colors with Satin Finish, 1.25-Ounce Tubes</p><p>$29.99 ($4.00 / Fl Oz)</p><a href="https://www.amazon.com/dp/B000J09PFM?tag=eloabder-20&linkCode=osi&th=1&psc=1">View Product</a></div><div class="product"><a href="https://www.amazon.com/dp/B000BYT24U?tag=eloabder-20&linkCode=osi&th=1&psc=1"><img src="https://m.media-amazon.com/images/I/51pDlo+LlKL._SL500_.jpg" alt="Product Image"></a><p>Speedball Water-Soluble Block Printing Ink, 8-Ounce Jar, Black</p><p>$14.49</p><a href="https://www.amazon.com/dp/B000BYT24U?tag=eloabder-20&linkCode=osi&th=1&psc=1">View Product</a></div><div class="product"><a href="https://www.amazon.com/dp/B00C1JUJWW?tag=eloabder-20&linkCode=osi&th=1&psc=1"><img src="https://m.media-amazon.com/images/I/41zDtJ6f5hL._SL500_.jpg" alt="Product Image"></a><p>Speedball Fabric Block Printing Ink, 2.5-Ounce, Black</p><p>$9.99 ($4.00 / Fl Oz)</p><a href="https://www.amazon.com/dp/B00C1JUJWW?tag=eloabder-20&linkCode=osi&th=1&psc=1">View Product</a></div><div class="product"><a href="https://www.amazon.com/dp/B004PZ1ZJG?tag=eloabder-20&linkCode=osi&th=1&psc=1"><img src="https://m.media-amazon.com/images/I/41+GkhhpR5L._SL500_.jpg" alt="Product Image"></a><p>Speedball Water-Soluble Block Printing Ink Starter Set, 4-Color Set, 1.25-Ounce Tubes</p><p>$20.99</p><a href="https://www.amazon.com/dp/B004PZ1ZJG?tag=eloabder-20&linkCode=osi&th=1&psc=1">View Product</a></div><div class="product"><a href="https://www.amazon.com/dp/B0017CZF3C?tag=eloabder-20&linkCode=osi&th=1&psc=1"><img src="https://m.media-amazon.com/images/I/41S17SYPAZL._SL500_.jpg" alt="Product Image"></a><p>Speedball Water Soluble Block Printing Ink, Black, 2-1/2 Ounces - 380663</p><p>$9.99</p><a href="https://www.amazon.com/dp/B0017CZF3C?tag=eloabder-20&linkCode=osi&th=1&psc=1">View Product</a></div><div class="product"><a href="https://www.amazon.com/dp/B0BXNX8FSH?tag=eloabder-20&linkCode=osi&th=1&psc=1"><img src="https://m.media-amazon.com/images/I/51JGm1VxVOL._SL500_.jpg" alt="Product Image"></a><p>Falling in Art Water-Soluble Block Printing Ink, 6-Color Printmaking Ink Set for Linoleum Block, 3.5 floz</p><p>$28.99</p><a href="https://www.amazon.com/dp/B0BXNX8FSH?tag=eloabder-20&linkCode=osi&th=1&psc=1">View Product</a></div><div class="product"><a href="https://www.amazon.com/dp/B0027ACJBO?tag=eloabder-20&linkCode=osi&th=1&psc=1"><img src="https://m.media-amazon.com/images/I/41OzayB9ojL._SL500_.jpg" alt="Product Image"></a><p>Speedball 3476 Oil-Based Block Printing Ink Starter Set for Professional, Permanent Prints AP Certified – 1.25 FL OZ Tubes</p><p>$33.99</p><a href="https://www.amazon.com/dp/B0027ACJBO?tag=eloabder-20&linkCode=osi&th=1&psc=1">View Product</a></div>
<div class="product"><a href="https://www.amazon.com/dp/B0027AGDWK?tag=eloabder-20&linkCode=osi&th=1&psc=1"><img src="https://m.media-amazon.com/images/I/515LDer6GPL._SL500_.jpg" alt="Product Image"></a><p>Speedball Deluxe Block Printing Kit - Includes Inks, Brayer, Bench Hook, Lino Handle and Cutters, Speedy-Carve Block, Mounted Linoleum Block</p><p>$59.99</p><a href="https://www.amazon.com/dp/B0027AGDWK?tag=eloabder-20&linkCode=osi&th=1&psc=1">View Product</a></div><div class="product"><a href="https://www.amazon.com/dp/B07ZJBZN5S?tag=eloabder-20&linkCode=osi&th=1&psc=1"><img src="https://m.media-amazon.com/images/I/41UbN58y9uS._SL500_.jpg" alt="Product Image"></a><p>SGHUO 12pcs 4"x6" Pink Rubber Carving Blocks Linoleum Block Stamp Making Kit</p><p>$22.99 ($1.92 / Count)</p><a href="https://www.amazon.com/dp/B07ZJBZN5S?tag=eloabder-20&linkCode=osi&th=1&psc=1">View Product</a></div>
<div class="product"><a href="https://www.amazon.com/dp/B00L2DYUM8?tag=eloabder-20&linkCode=osi&th=1&psc=1"><img src="https://m.media-amazon.com/images/I/51l5FZ0+5AL._SL500_.jpg" alt="Product Image"></a><p>Strathmore 300 Series Printmaking Paper Pad, Glue Bound, 5x7 inches, 40 Sheets (120g) - Artist Paper for Adults and Students - Block Printing, Linocut, Screen Printing, White</p><p>$7.26</p><a href="https://www.amazon.com/dp/B00L2DYUM8?tag=eloabder-20&linkCode=osi&th=1&psc=1">View Product</a></div><div class="product"><a href="https://www.amazon.com/dp/B07BSYS5XC?tag=eloabder-20&linkCode=osi&th=1&psc=1"><img src="https://m.media-amazon.com/images/I/51Uwfq0jv+L._SL500_.jpg" alt="Product Image"></a><p>Ucreate Printmaking Paper, 9"x12", White, 100 Sheet, P9001</p><p>$9.79</p><a href="https://www.amazon.com/dp/B07BSYS5XC?tag=eloabder-20&linkCode=osi&th=1&psc=1">View Product</a></div><div class="product"><a href="https://www.amazon.com/dp/B00K5562WA?tag=eloabder-20&linkCode=osi&th=1&psc=1"><img src="https://m.media-amazon.com/images/I/51Dm+TeJGdL._SL500_.jpg" alt="Product Image"></a><p>Strathmore Printmaking Paper Pad 8"X10"-20 Sheets -62433800, White</p><p>$10.19</p><a href="https://www.amazon.com/dp/B00K5562WA?tag=eloabder-20&linkCode=osi&th=1&psc=1">View Product</a></div><div class="product"><a href="https://www.amazon.com/dp/B001DNH8I0?tag=eloabder-20&linkCode=osi&th=1&psc=1"><img src="https://m.media-amazon.com/images/I/51UzoKdUojL._SL500_.jpg" alt="Product Image"></a><p>Black Ink 9-Inch by 12-Inch Bleached Mulberry Block Printing Paper, 25-Pack</p><p>$19.35 ($0.77 / Count)</p><a href="https://www.amazon.com/dp/B001DNH8I0?tag=eloabder-20&linkCode=osi&th=1&psc=1">View Product</a></div><div class="product"><a href="https://www.amazon.com/dp/B00C6G6L5Y?tag=eloabder-20&linkCode=osi&th=1&psc=1"><img src="https://m.media-amazon.com/images/I/5103h0Rm8sL._SL500_.jpg" alt="Product Image"></a><p>Black Ink Thai Mulberry Block Printing Paper Packs small assorted colors</p><p>$21.99</p><a href="https://www.amazon.com/dp/B00C6G6L5Y?tag=eloabder-20&linkCode=osi&th=1&psc=1">View Product</a></div>
<div class="product"><a href="https://www.amazon.com/dp/B003IG27OK?tag=eloabder-20&linkCode=osi&th=1&psc=1"><img src="https://m.media-amazon.com/images/I/416NUaYo1DL._SL500_.jpg" alt="Product Image"></a><p>Speedball Block Printing Baren - Comfortable Wooden Handle, Made in the USA - 4 Inches</p><p>$29.49</p><a href="https://www.amazon.com/dp/B003IG27OK?tag=eloabder-20&linkCode=osi&th=1&psc=1">View Product</a></div>
<div class="product"><a href="https://www.amazon.com/dp/B0CMZYY8CJ?tag=eloabder-20&linkCode=osi&th=1&psc=1"><img src="https://m.media-amazon.com/images/I/41TifSIP7SL._SL500_.jpg" alt="Product Image"></a><p>Ecoofor Blotting Paper for Flower Press, 20 Sheets Highly Absorbent and Reusable Blotter Paper for Flower Press Paper Craft 9 x 9 inch</p><p>$9.99</p><a href="https://www.amazon.com/dp/B0CMZYY8CJ?tag=eloabder-20&linkCode=osi&th=1&psc=1">View Product</a></div><div class="product"><a href="https://www.amazon.com/dp/B0CYRT3RM4?tag=eloabder-20&linkCode=osi&th=1&psc=1"><img src="https://m.media-amazon.com/images/I/31+qvVq3giL._SL500_.jpg" alt="Product Image"></a><p>Hygge & Sage Premium Natural Fiber Blotting Paper for Flower Press Art; 20 Large Sheets for a Press up to 8x11 Inches; Absorbent, Versatile, and Acid-Free Reusable Blotter Paper for Flower Pressing</p><p>$9.50 ($0.48 / Count)</p><a href="https://www.amazon.com/dp/B0CYRT3RM4?tag=eloabder-20&linkCode=osi&th=1&psc=1">View Product</a></div><div class="product"><a href="https://www.amazon.com/dp/B0D41GDLHM?tag=eloabder-20&linkCode=osi&th=1&psc=1"><img src="https://m.media-amazon.com/images/I/41LIF5dHXaL._SL500_.jpg" alt="Product Image"></a><p>Aboofx 20 Sheets Blotting Paper for Flower Press, 15" x 10" Extra Large Highly Absorbent Blotter Paper for Flower Press Reusable Herbarium Paper Craft Blotter Paper Sheets</p><p>$19.99</p><a href="https://www.amazon.com/dp/B0D41GDLHM?tag=eloabder-20&linkCode=osi&th=1&psc=1">View Product</a></div><div class="product"><a href="https://www.amazon.com/dp/B0CQMMYSBR?tag=eloabder-20&linkCode=osi&th=1&psc=1"><img src="https://m.media-amazon.com/images/I/413SlUi6IDL._SL500_.jpg" alt="Product Image"></a><p>Wisreach Blotting Paper for Flower Press, 20 Sheets Flower Press Paper Highly Absorbent and Reusable Blotter Paper for Flower Art A4 Size 8.26 x 11.4 inch</p><p>$9.99</p><a href="https://www.amazon.com/dp/B0CQMMYSBR?tag=eloabder-20&linkCode=osi&th=1&psc=1">View Product</a></div><div class="product"><a href="https://www.amazon.com/dp/B093FQ22PG?tag=eloabder-20&linkCode=osi&th=1&psc=1"><img src="https://m.media-amazon.com/images/I/41B2jXhe+QL._SL500_.jpg" alt="Product Image"></a><p>Blotting Paper for Flower Press by Berstuk® • Large A4 Flower Press Paper • Highly Absorbent and Reusable Herbarium Paper • Pack of 10 Blotter Paper Sheets</p><p>$6.99 ($69.90 / 100 Sheets)</p><a href="https://www.amazon.com/dp/B093FQ22PG?tag=eloabder-20&linkCode=osi&th=1&psc=1">View Product</a></div><div class="product"><a href="https://www.amazon.com/dp/B0C6PW4VGB?tag=eloabder-20&linkCode=osi&th=1&psc=1"><img src="https://m.media-amazon.com/images/I/21C64VB3iVL._SL500_.jpg" alt="Product Image"></a><p>PATIKIL 16"x12" Flower Press Paper, 1 Set/30 Sheet Refill Lining Blotter Paper Absorbent Reusable Blotting Paper for DIY Art Handicraft Scrapbook</p><p>$11.19</p><a href="https://www.amazon.com/dp/B0C6PW4VGB?tag=eloabder-20&linkCode=osi&th=1&psc=1">View Product</a></div><div class="product"><a href="https://www.amazon.com/dp/B0C6PTK915?tag=eloabder-20&linkCode=osi&th=1&psc=1"><img src="https://m.media-amazon.com/images/I/21UviFCGjtL._SL500_.jpg" alt="Product Image"></a><p>PATIKIL 12"x8" Flower Press Paper, 2 Set/60 Sheet Refill Lining Blotter Paper Absorbent Reusable Blotting Paper for DIY Art Handicraft Scrapbook</p><p>$13.69</p><a href="https://www.amazon.com/dp/B0C6PTK915?tag=eloabder-20&linkCode=osi&th=1&psc=1">View Product</a></div><div class="product"><a href="https://www.amazon.com/dp/B0CDJZ4MD7?tag=eloabder-20&linkCode=osi&th=1&psc=1"><img src="https://m.media-amazon.com/images/I/41iwkW+QQOL._SL500_.jpg" alt="Product Image"></a><p>30 PCS Blotting Paper for Flower Press Large A4 Flower Press Paper Highly Absorbent and Reusable Blotter Paper Refill Lining Paper for Flower Press Art Craft Scrapbook Making, 11.8 x 7.9 Inches Blue</p><p>$9.99</p><a href="https://www.amazon.com/dp/B0CDJZ4MD7?tag=eloabder-20&linkCode=osi&th=1&psc=1">View Product</a></div>

<div class="product"><a href="https://www.amazon.com/dp/B0D2T4F1DZ?tag=eloabder-20&linkCode=osi&th=1&psc=1"><img src="https://m.media-amazon.com/images/I/41KNcatyBWL._SL500_.jpg" alt="Product Image"></a><p>10pcs Book Cloth,14”x10”,Fabric Surface and Paper Backed, book cloth for book binding,book binding fabric,5 Colors Bookbinding Cloth for DIY fabric book cover,bookbinding paper (Style B)</p><p>$9.99</p><a href="https://www.amazon.com/dp/B0D2T4F1DZ?tag=eloabder-20&linkCode=osi&th=1&psc=1">View Product</a></div><div class="product"><a href="https://www.amazon.com/dp/B0CMD2LWR8?tag=eloabder-20&linkCode=osi&th=1&psc=1"><img src="https://m.media-amazon.com/images/I/31QVUZVSB+L._SL500_.jpg" alt="Product Image"></a><p>Mozeat Lens 33 ft Bookbinding Tape Book Tape Repair Book Binding Tape Cloth Book Repair Kit 2 Inch Wide Book Spine Tape Cloth Bookbinding Repair Tape White Book Tape for Reinforcing Book Spine Tape</p><p>$7.99</p><a href="https://www.amazon.com/dp/B0CMD2LWR8?tag=eloabder-20&linkCode=osi&th=1&psc=1">View Product</a></div><div class="product"><a href="https://www.amazon.com/dp/B0D1KC168C?tag=eloabder-20&linkCode=osi&th=1&psc=1"><img src="https://m.media-amazon.com/images/I/31wWgk-1V4L._SL500_.jpg" alt="Product Image"></a><p>AKONEGE Book Cloth for Book Binding 35 x 16 Inch Fabric Surface and Paper Backed, Strong, Easy to Use, Fabric Materials Bookbinding Supplies Bookcloth for Scrapbooking Album DIY Crafts, Black</p><p>$9.99</p><a href="https://www.amazon.com/dp/B0D1KC168C?tag=eloabder-20&linkCode=osi&th=1&psc=1">View Product</a></div><div class="product"><a href="https://www.amazon.com/dp/B0BC48CCWW?tag=eloabder-20&linkCode=osi&th=1&psc=1"><img src="https://m.media-amazon.com/images/I/41vTc+L-XyL._SL500_.jpg" alt="Product Image"></a><p>Wooqu Book Cloth, Fabric Surface and Paper Backed, Easy to Use, Strong, 17x29”, for Book Binding, Dark Green</p><p>$13.99</p><a href="https://www.amazon.com/dp/B0BC48CCWW?tag=eloabder-20&linkCode=osi&th=1&psc=1">View Product</a></div><div class="product"><a href="https://www.amazon.com/dp/B00W3S7LU4?tag=eloabder-20&linkCode=osi&th=1&psc=1"><img src="https://m.media-amazon.com/images/I/41mUL1LmSHS._SL500_.jpg" alt="Product Image"></a><p>BookGuard 2 inch Premium Bookbinding Repair Cloth Tape, 15 Yard Roll Burgundy</p><p>$14.95</p><a href="https://www.amazon.com/dp/B00W3S7LU4?tag=eloabder-20&linkCode=osi&th=1&psc=1">View Product</a></div>

<div class="product"><a href="https://www.amazon.com/dp/B08217DGL7?tag=eloabder-20&linkCode=osi&th=1&psc=1"><img src="https://m.media-amazon.com/images/I/51Gy-qfph7L._SL500_.jpg" alt="Product Image"></a><p>24 Colors Waxed Thread, Leather Sewing Thread,Hand Stitching Thread for Hand Sewing Leather and Bookbinding, 13Yards Per Color</p><p>$11.99 ($0.01 / Foot)</p><a href="https://www.amazon.com/dp/B08217DGL7?tag=eloabder-20&linkCode=osi&th=1&psc=1">View Product</a></div><div class="product"><a href="https://www.amazon.com/dp/B08GCHJ3FP?tag=eloabder-20&linkCode=osi&th=1&psc=1"><img src="https://m.media-amazon.com/images/I/41TK-XNxTFL._SL500_.jpg" alt="Product Image"></a><p>FANDOL 100% Natural Linen Thread Waxed thread for Bookbingding, Leather Sewing, Beading or Macrame (Natural)</p><p>$14.98</p><a href="https://www.amazon.com/dp/B08GCHJ3FP?tag=eloabder-20&linkCode=osi&th=1&psc=1">View Product</a></div><div class="product"><a href="https://www.amazon.com/dp/B0025U108E?tag=eloabder-20&linkCode=osi&th=1&psc=1"><img src="https://m.media-amazon.com/images/I/4172yrURiVL._SL500_.jpg" alt="Product Image"></a><p>Books by Hand Linen Thread, Archival Quality Natural Unbleached and Unwaxed, 50 Yards 35/3 Gauge, Ideal for Bookbinding and Sewing Signatures</p><p>$9.47</p><a href="https://www.amazon.com/dp/B0025U108E?tag=eloabder-20&linkCode=osi&th=1&psc=1">View Product</a></div><div class="product"><a href="https://www.amazon.com/dp/B08S78KLRN?tag=eloabder-20&linkCode=osi&th=1&psc=1"><img src="https://m.media-amazon.com/images/I/413NGMtJdrL._SL500_.jpg" alt="Product Image"></a><p>Jupean Waxed Thread, 150m /164Yards Beige Leather Waxed Thread, Leather Sewing Thread, Hand Stitching Thread for Hand Sewing Leather, Bookbinding, and Beginners Leather Craft DIY</p><p>$6.49 ($0.01 / Foot)</p><a href="https://www.amazon.com/dp/B08S78KLRN?tag=eloabder-20&linkCode=osi&th=1&psc=1">View Product</a></div><div class="product"><a href="https://www.amazon.com/dp/B015D9E6UM?tag=eloabder-20&linkCode=osi&th=1&psc=1"><img src="https://m.media-amazon.com/images/I/51VnWPI+Q5L._SL500_.jpg" alt="Product Image"></a><p>Lineco, Natural Waxed Linen Thread 20 Yards, Books by Hand Natural, Black, Brown Color for Sewing, Bookbinding (3/Pkg)</p><p>$13.77</p><a href="https://www.amazon.com/dp/B015D9E6UM?tag=eloabder-20&linkCode=osi&th=1&psc=1">View Product</a></div>
<div class="product"><a href="https://www.amazon.com/dp/B0CMD53C1C?tag=eloabder-20&linkCode=osi&th=1&psc=1"><img src="https://m.media-amazon.com/images/I/31dU4wqS0rL._SL500_.jpg" alt="Product Image"></a><p>5-in-1 Bookbinding Kit,Book Cover Guide, Bookbinding Cover Tool, Stainless Steel Book Binding Kit, Bookbinding Ruler, Scrapbooking Tools for Making Book Cover Chipboard Covers Album Planner</p><p>$7.88</p><a href="https://www.amazon.com/dp/B0CMD53C1C?tag=eloabder-20&linkCode=osi&th=1&psc=1">View Product</a></div>
<div class="product"><a href="https://www.amazon.com/dp/B007TIEG6U?tag=eloabder-20&linkCode=osi&th=1&psc=1"><img src="https://m.media-amazon.com/images/I/31d6r6R5lGL._SL500_.jpg" alt="Product Image"></a><p>Handy Art Empty 2 ounce Marker Bottle, Dauber Tip and Cap, 12-Each (900-003) , White</p><p>$23.12 ($1.93 / Count)</p><a href="https://www.amazon.com/dp/B007TIEG6U?tag=eloabder-20&linkCode=osi&th=1&psc=1">View Product</a></div>
<div class="product"><a href="https://www.amazon.com/dp/B07YDNKSH6?tag=eloabder-20&linkCode=osi&th=1&psc=1"><img src="https://m.media-amazon.com/images/I/41JGrHa7mSL._SL500_.jpg" alt="Product Image"></a><p>4-Inch Rubber Brayer Roller for Printmaking, Great for Gluing Application Also. (Original Version)</p><p>$6.99</p><a href="https://www.amazon.com/dp/B07YDNKSH6?tag=eloabder-20&linkCode=osi&th=1&psc=1">View Product</a></div>
<div class="product"><a href="https://www.amazon.com/dp/B005U7BNPE?tag=eloabder-20&linkCode=osi&th=1&psc=1"><img src="https://m.media-amazon.com/images/I/418YfTClSxL._SL500_.jpg" alt="Product Image"></a><p>Apple Barrel Acrylic Paint in Assorted Colors (2 oz), 20513, Bright Yellow</p><p>$0.58 ($0.29 / Fl Oz)</p><a href="https://www.amazon.com/dp/B005U7BNPE?tag=eloabder-20&linkCode=osi&th=1&psc=1">View Product</a></div><div class="product"><a href="https://www.amazon.com/dp/B099DWCRZ5?tag=eloabder-20&linkCode=osi&th=1&psc=1"><img src="https://m.media-amazon.com/images/I/41rr5hT-8TL._SL500_.jpg" alt="Product Image"></a><p>milo Fluorescent Acrylic Paint Set of 6 Colors | 4 oz Bottles | Student Neon Colors Acrylics Painting Pack | Made in the USA | Non-Toxic Art & Craft Paints for Artists, Kids, & Hobby Painters</p><p>$22.90 ($0.95 / Fl Oz)</p><a href="https://www.amazon.com/dp/B099DWCRZ5?tag=eloabder-20&linkCode=osi&th=1&psc=1">View Product</a></div><div class="product"><a href="https://www.amazon.com/dp/B07ZPPPWPL?tag=eloabder-20&linkCode=osi&th=1&psc=1"><img src="https://m.media-amazon.com/images/I/51Vqk2rrZwL._SL500_.jpg" alt="Product Image"></a><p>Apple Barrel, Pastel Dreams & Vivid Wonders Collection Acrylic Craft Paint, PROMOTCK, 2 fl oz each, 18 assorted matte colors, 18 count</p><p>$22.66 ($0.63 / Fl Oz)</p><a href="https://www.amazon.com/dp/B07ZPPPWPL?tag=eloabder-20&linkCode=osi&th=1&psc=1">View Product</a></div><div class="product"><a href="https://www.amazon.com/dp/B0CKQR52XC?tag=eloabder-20&linkCode=osi&th=1&psc=1"><img src="https://m.media-amazon.com/images/I/51WTPlhN2WL._SL500_.jpg" alt="Product Image"></a><p>ARTME Glow in The Dark Paint, 10 Bright Colors 60ml/2oz Blacklight Paint Set, Neon Craft Paint, Acrylic Glow Fluorescent Paint Perfect for Art Painting, DIY projects, Halloween and Christmas</p><p>$23.99 ($1.20 / Fl Oz)</p><a href="https://www.amazon.com/dp/B0CKQR52XC?tag=eloabder-20&linkCode=osi&th=1&psc=1">View Product</a></div><div class="product"><a href="https://www.amazon.com/dp/B09XXHBL3Y?tag=eloabder-20&linkCode=osi&th=1&psc=1"><img src="https://m.media-amazon.com/images/I/51taBeDdeIL._SL500_.jpg" alt="Product Image"></a><p>Fantastory Glow in the Dark Acrylic Paint, 10 Extra Bright Colors, 30ml/1oz Waterproof Glow in Dark Paint,Indoor Outdoor Blacklight Paint for Kids,Adults, Rocks,Walls,Halloween,Craft &Fabric</p><p>$9.99 ($1.00 / Fl Oz)</p><a href="https://www.amazon.com/dp/B09XXHBL3Y?tag=eloabder-20&linkCode=osi&th=1&psc=1">View Product</a></div><div class="product"><a href="https://www.amazon.com/dp/B0BS3JM8ZR?tag=eloabder-20&linkCode=osi&th=1&psc=1"><img src="https://m.media-amazon.com/images/I/51S8FteGgPL._SL500_.jpg" alt="Product Image"></a><p>Acrylic Paint, Shuttle Art 24 Colors Acrylic Paint Bottle Set, 250ml/8.45oz Each, Rich Pigments, High Viscosity, Bulk Paint for Artists, Beginners and Kids Painting on Rocks Crafts Canvas Wood Ceramic</p><p>$49.99 ($0.25 / Fl Oz)</p><a href="https://www.amazon.com/dp/B0BS3JM8ZR?tag=eloabder-20&linkCode=osi&th=1&psc=1">View Product</a></div><div class="product"><a href="https://www.amazon.com/dp/B00CIW3EDI?tag=eloabder-20&linkCode=osi&th=1&psc=1"><img src="https://m.media-amazon.com/images/I/41PMnxyBo5L._SL500_.jpg" alt="Product Image"></a><p>FolkArt Multi-Surface Acrylic Paint in Assorted Colors (2 oz), 2896, Bright Pink</p><p>$1.47 ($0.74 / Fl Oz)</p><a href="https://www.amazon.com/dp/B00CIW3EDI?tag=eloabder-20&linkCode=osi&th=1&psc=1">View Product</a></div><div class="product"><a href="https://www.amazon.com/dp/B085ZB5ZK9?tag=eloabder-20&linkCode=osi&th=1&psc=1"><img src="https://m.media-amazon.com/images/I/51nmRq1eicL._SL500_.jpg" alt="Product Image"></a><p>FolkArt 4 Bottle Multi-Surface Acrylic Paint Set, 2oz, Neon Blacklight Colors</p><p>$8.12 ($1.02 / Fl Oz)</p><a href="https://www.amazon.com/dp/B085ZB5ZK9?tag=eloabder-20&linkCode=osi&th=1&psc=1">View Product</a></div><div class="product"><a href="https://www.amazon.com/dp/B08N585VN5?tag=eloabder-20&linkCode=osi&th=1&psc=1"><img src="https://m.media-amazon.com/images/I/51nwFBdxwVL._SL500_.jpg" alt="Product Image"></a><p>Acrylic Paint Set Value Pack of 12 Colors | Craft Painting Kit with 2 oz Squeeze Bottles for Beginners, Artists, Professionals | Non-Toxic Water Based Paints for Canvas, Paper, Wood | Bright Hues</p><p>$11.99 ($0.50 / Fl Oz)</p><a href="https://www.amazon.com/dp/B08N585VN5?tag=eloabder-20&linkCode=osi&th=1&psc=1">View Product</a></div>
<div class="product"><a href="https://www.amazon.com/dp/B0009RRT9Y?tag=eloabder-20&linkCode=osi&th=1&psc=1"><img src="https://m.media-amazon.com/images/I/51ZhyYPOB5L._SL500_.jpg" alt="Product Image"></a><p>General Pencil Company The Masters Brush Cleaner & Preserver 2.5 0z.</p><p>$12.00</p><a href="https://www.amazon.com/dp/B0009RRT9Y?tag=eloabder-20&linkCode=osi&th=1&psc=1">View Product</a></div><div class="product"><a href="https://www.amazon.com/dp/B00F38YVQS?tag=eloabder-20&linkCode=osi&th=1&psc=1"><img src="https://m.media-amazon.com/images/I/51yjmSTzzML._SL500_.jpg" alt="Product Image"></a><p>B & J Original Brush Cleaner - 2.5 Oz/12ct Display</p><p>$12.77</p><a href="https://www.amazon.com/dp/B00F38YVQS?tag=eloabder-20&linkCode=osi&th=1&psc=1">View Product</a></div><div class="product"><a href="https://www.amazon.com/dp/B004BN7QQ8?tag=eloabder-20&linkCode=osi&th=1&psc=1"><img src="https://m.media-amazon.com/images/I/31fEWB-h4VL._SL500_.jpg" alt="Product Image"></a><p>Winsor & Newton Brush Cleaner & Restorer, 16.0-oz Bottle</p><p>$21.87 ($1.37 / Fl Oz)</p><a href="https://www.amazon.com/dp/B004BN7QQ8?tag=eloabder-20&linkCode=osi&th=1&psc=1">View Product</a></div><div class="product"><a href="https://www.amazon.com/dp/B09NCHL2LM?tag=eloabder-20&linkCode=osi&th=1&psc=1"><img src="https://m.media-amazon.com/images/I/31UzwasdL6L._SL500_.jpg" alt="Product Image"></a><p>U.S. Art Supply Brush Cleaner and Restorer, 4 Ounce Bottle - Quickly Cleans Paint Brushes, Airbrushes, Art Tools - Cleaning Solution to Remove Dried On Acrylic, Oil and Water-Based Paint Colors</p><p>$8.99 ($2.25 / Fl Oz)</p><a href="https://www.amazon.com/dp/B09NCHL2LM?tag=eloabder-20&linkCode=osi&th=1&psc=1">View Product</a></div><div class="product"><a href="https://www.amazon.com/dp/B09J8L55SK?tag=eloabder-20&linkCode=osi&th=1&psc=1"><img src="https://m.media-amazon.com/images/I/41qgWS2nSsL._SL500_.jpg" alt="Product Image"></a><p>Green Piece® Paint Brush Cleaner and Restorer for Art Paint Brushes - 100% Natural - Non-Toxic - Wet or Dry Paint - No Chemicals - Oil or Acrylic Paints, Wood and Metal - Amazing Power - 18 Oz</p><p>$19.88</p><a href="https://www.amazon.com/dp/B09J8L55SK?tag=eloabder-20&linkCode=osi&th=1&psc=1">View Product</a></div><div class="product"><a href="https://www.amazon.com/dp/B0027A79I2?tag=eloabder-20&linkCode=osi&th=1&psc=1"><img src="https://m.media-amazon.com/images/I/31J6S+mCjuL._SL500_.jpg" alt="Product Image"></a><p>Pink Soap 12-Ounce Paint Brush Cleaner and Conditioner, Solution Cleans and Restores, Removes Dried Paint on Airbrushes and Other Artist Tools & Supplies</p><p>$15.49 ($1.29 / Fl Oz)</p><a href="https://www.amazon.com/dp/B0027A79I2?tag=eloabder-20&linkCode=osi&th=1&psc=1">View Product</a></div><div class="product"><a href="https://www.amazon.com/dp/B0027AEANE?tag=eloabder-20&linkCode=osi&th=1&psc=1"><img src="https://m.media-amazon.com/images/I/51bHOLU1pVL._SL500_.jpg" alt="Product Image"></a><p>General Pencil General 105-BP Pencil Masters Brush Cleaner & Preserver, 1 Pack, Clear</p><p>$9.99 ($4.00 / Ounce)</p><a href="https://www.amazon.com/dp/B0027AEANE?tag=eloabder-20&linkCode=osi&th=1&psc=1">View Product</a></div>

<div class="product"><a href="https://www.amazon.com/dp/B00N9UUWLA?tag=eloabder-20&linkCode=osi&th=1&psc=1"><img src="https://m.media-amazon.com/images/I/41be4n09wZL._SL500_.jpg" alt="Product Image"></a><p>Pentel Arts Portable Pocket Brush Pen (Medium Point), 1Pen & 2Refills</p><p>$7.00</p><a href="https://www.amazon.com/dp/B00N9UUWLA?tag=eloabder-20&linkCode=osi&th=1&psc=1">View Product</a></div><div class="product"><a href="https://www.amazon.com/dp/B07DQ4292Y?tag=eloabder-20&linkCode=osi&th=1&psc=1"><img src="https://m.media-amazon.com/images/I/41-kgHpaPvL._SL500_.jpg" alt="Product Image"></a><p>Tombow 62039 Fudenosuke Brush Pens, 3-Pack. Soft, Hard, and Twin Tip Markers for Calligraphy and Art Drawings</p><p>$7.59 ($2.53 / Count)</p><a href="https://www.amazon.com/dp/B07DQ4292Y?tag=eloabder-20&linkCode=osi&th=1&psc=1">View Product</a></div><div class="product"><a href="https://www.amazon.com/dp/B0995FNMKW?tag=eloabder-20&linkCode=osi&th=1&psc=1"><img src="https://m.media-amazon.com/images/I/51kpGsTNvlL._SL500_.jpg" alt="Product Image"></a><p>WRITECH Arts Sign Brush Pen Brush Tip Marker Felt Tip Water Based Ink Color Pens 12 Assorted Vintage Colors Great for Lettering Journaling Calligraphy (Vintage)</p><p>$13.99 ($1.17 / Count)</p><a href="https://www.amazon.com/dp/B0995FNMKW?tag=eloabder-20&linkCode=osi&th=1&psc=1">View Product</a></div><div class="product"><a href="https://www.amazon.com/dp/B07H89R749?tag=eloabder-20&linkCode=osi&th=1&psc=1"><img src="https://m.media-amazon.com/images/I/51nTGZ-eAsL._SL500_.jpg" alt="Product Image"></a><p>Tombow Fudenosuke Brush Pen - Hard - 10 Colors Set (WS-BH10C)</p><p>$11.73</p><a href="https://www.amazon.com/dp/B07H89R749?tag=eloabder-20&linkCode=osi&th=1&psc=1">View Product</a></div><div class="product"><a href="https://www.amazon.com/dp/B002PIFTRE?tag=eloabder-20&linkCode=osi&th=1&psc=1"><img src="https://m.media-amazon.com/images/I/41IVnNPD1hL._SL500_.jpg" alt="Product Image"></a><p>Pentel Color Brush Pen, Black (GFLBP101)</p><p>$7.89</p><a href="https://www.amazon.com/dp/B002PIFTRE?tag=eloabder-20&linkCode=osi&th=1&psc=1">View Product</a></div>
<div class="product"><a href="https://www.amazon.com/dp/B0CLLSY2BT?tag=eloabder-20&linkCode=osi&th=1&psc=1"><img src="https://m.media-amazon.com/images/I/51sQM3lrN9L._SL500_.jpg" alt="Product Image"></a><p>CUGEBANNA Paint Brush Washer,Airtight Stainless Steel Brush Cleaner for Oil Painting Acrylic,Brush Washer with Cleaning Beads and Wringer</p><p>$22.99</p><a href="https://www.amazon.com/dp/B0CLLSY2BT?tag=eloabder-20&linkCode=osi&th=1&psc=1">View Product</a></div><div class="product"><a href="https://www.amazon.com/dp/B013PB35N4?tag=eloabder-20&linkCode=osi&th=1&psc=1"><img src="https://m.media-amazon.com/images/I/419miJHrhtL._SL500_.jpg" alt="Product Image"></a><p>US Art Supply Deluxe Brush Cleaner-Brush Washer with Wash Tank</p><p>$18.99</p><a href="https://www.amazon.com/dp/B013PB35N4?tag=eloabder-20&linkCode=osi&th=1&psc=1">View Product</a></div>
<div class="product"><a href="https://www.amazon.com/dp/B07GH7WGC3?tag=eloabder-20&linkCode=osi&th=1&psc=1"><img src="https://m.media-amazon.com/images/I/51vzX1OZI6L._SL500_.jpg" alt="Product Image"></a><p>BOSOBO Paint Brushes Set, 2 Pack 20 Pcs Round-Pointed Tip Paintbrushes Nylon Hair Artist Acrylic Paint Brushes for Acrylic Oil Watercolor, Face Nail Art, Miniature Detailing & Rock Painting, Blue</p><p>$7.49 ($0.37 / Count)</p><a href="https://www.amazon.com/dp/B07GH7WGC3?tag=eloabder-20&linkCode=osi&th=1&psc=1">View Product</a></div><div class="product"><a href="https://www.amazon.com/dp/B078XJ2DCJ?tag=eloabder-20&linkCode=osi&th=1&psc=1"><img src="https://m.media-amazon.com/images/I/616oHEXPN1S._SL500_.jpg" alt="Product Image"></a><p>Pro Grade - Chip Paint Brushes - 36-Pack - 2 Inch Chip Brush for Paints, Stains, Varnishes, Glues, & Gesso</p><p>$17.99</p><a href="https://www.amazon.com/dp/B078XJ2DCJ?tag=eloabder-20&linkCode=osi&th=1&psc=1">View Product</a></div>

<div class="product"><a href="https://www.amazon.com/dp/B000YQJVFA?tag=eloabder-20&linkCode=osi&th=1&psc=1"><img src="https://m.media-amazon.com/images/I/51so-OSRt+L._SL500_.jpg" alt="Product Image"></a><p>Winsor & Newton Calligraphy Ink, 30ml (1-oz) Bottle, Black</p><p>$10.07 ($10.07 / Count)</p><a href="https://www.amazon.com/dp/B000YQJVFA?tag=eloabder-20&linkCode=osi&th=1&psc=1">View Product</a></div><div class="product"><a href="https://www.amazon.com/dp/B0026SBYUE?tag=eloabder-20&linkCode=osi&th=1&psc=1"><img src="https://m.media-amazon.com/images/I/412Ga9k1q8L._SL500_.jpg" alt="Product Image"></a><p>Higgins Black Calligraphy Ink, 2.5 Ounce Bottle (44314)</p><p>$5.99</p><a href="https://www.amazon.com/dp/B0026SBYUE?tag=eloabder-20&linkCode=osi&th=1&psc=1">View Product</a></div><div class="product"><a href="https://www.amazon.com/dp/B0CXDBD77N?tag=eloabder-20&linkCode=osi&th=1&psc=1"><img src="https://m.media-amazon.com/images/I/41x1EZv3P3L._SL500_.jpg" alt="Product Image"></a><p>SEAMEW 250 ML/8.8 OZ Calligraphy and Sumi Liquid Ink - Versatile Elegance for Chinese Traditional Art Works and Japanese Brush Art</p><p>$11.49</p><a href="https://www.amazon.com/dp/B0CXDBD77N?tag=eloabder-20&linkCode=osi&th=1&psc=1">View Product</a></div><div class="product"><a href="https://www.amazon.com/dp/B0CR3ML8VS?tag=eloabder-20&linkCode=osi&th=1&psc=1"><img src="https://m.media-amazon.com/images/I/41fLIKySQZL._SL500_.jpg" alt="Product Image"></a><p>Hmayart Prepared Super Thick Liquid Black Ink for Japanese Brush Calligraphy & Chinese Traditional Artworks (MZ010 250g)</p><p>$11.99</p><a href="https://www.amazon.com/dp/B0CR3ML8VS?tag=eloabder-20&linkCode=osi&th=1&psc=1">View Product</a></div><div class="product"><a href="https://www.amazon.com/dp/B0039OQ0J4?tag=eloabder-20&linkCode=osi&th=1&psc=1"><img src="https://m.media-amazon.com/images/I/41RRlR55P9L._SL500_.jpg" alt="Product Image"></a><p>Daiso Sumi Calligraphy Liquid Ink in a 180ml Bottle (Japan Import)</p><p>$8.99</p><a href="https://www.amazon.com/dp/B0039OQ0J4?tag=eloabder-20&linkCode=osi&th=1&psc=1">View Product</a></div><div class="product"><a href="https://www.amazon.com/dp/B074KJ289G?tag=eloabder-20&linkCode=osi&th=1&psc=1"><img src="https://m.media-amazon.com/images/I/41FZT3aCChL._SL500_.jpg" alt="Product Image"></a><p>Easyou Redstar Liquid Ink for Professioanl Traditional Calligraphy and Brush Painting Chinese Ink Liquid (Black&1pcs*180ML)</p><p>$10.99</p><a href="https://www.amazon.com/dp/B074KJ289G?tag=eloabder-20&linkCode=osi&th=1&psc=1">View Product</a></div><div class="product"><a href="https://www.amazon.com/dp/B07JYJ6C1W?tag=eloabder-20&linkCode=osi&th=1&psc=1"><img src="https://m.media-amazon.com/images/I/51IAnrWkw6L._SL500_.jpg" alt="Product Image"></a><p>MZ001 HmayartBlack Sumi Liquid Ink for Japanese Brush Calligraphy & Chinese Traditional Artworks 250ml (black)</p><p>$13.99</p><a href="https://www.amazon.com/dp/B07JYJ6C1W?tag=eloabder-20&linkCode=osi&th=1&psc=1">View Product</a></div><div class="product"><a href="https://www.amazon.com/dp/B0894L9M2C?tag=eloabder-20&linkCode=osi&th=1&psc=1"><img src="https://m.media-amazon.com/images/I/51H5LBUAZcL._SL500_.jpg" alt="Product Image"></a><p>24 Colors Calligraphy Ink Set, Calligraphy Fountain Glass Dip Pen Color Ink Caligrapher Pen Ink Bottle Set, Gold Powder Drawing Writing Art Ink with Gift Box - 24 x 7ml</p><p>$21.98</p><a href="https://www.amazon.com/dp/B0894L9M2C?tag=eloabder-20&linkCode=osi&th=1&psc=1">View Product</a></div><div class="product"><a href="https://www.amazon.com/dp/B0C49WVM7L?tag=eloabder-20&linkCode=osi&th=1&psc=1"><img src="https://m.media-amazon.com/images/I/41zxtjGWS1L._SL500_.jpg" alt="Product Image"></a><p>AOKUY 24 Colors Calligraphy Ink Set,Calligraphy Inks,Colorful Dip Pen Ink Set,Gold Powder Drawing Writing Art Ink with Gift Box</p><p>$16.99</p><a href="https://www.amazon.com/dp/B0C49WVM7L?tag=eloabder-20&linkCode=osi&th=1&psc=1">View Product</a></div>
<div class="product"><a href="https://www.amazon.com/dp/B0007ZJ8QU?tag=eloabder-20&linkCode=osi&th=1&psc=1"><img src="https://m.media-amazon.com/images/I/41vTwN7L9NL._SL500_.jpg" alt="Product Image"></a><p>Speedball C-Series Lettering Pen Set - 1 Penholder w/ 6 Nibs</p><p>$11.99</p><a href="https://www.amazon.com/dp/B0007ZJ8QU?tag=eloabder-20&linkCode=osi&th=1&psc=1">View Product</a></div><div class="product"><a href="https://www.amazon.com/dp/B003IGNH30?tag=eloabder-20&linkCode=osi&th=1&psc=1"><img src="https://m.media-amazon.com/images/I/412WGB9WzGL._SL500_.jpg" alt="Product Image"></a><p>Speedball 30710 10 Pen Nib Assorted Set</p><p>$21.99</p><a href="https://www.amazon.com/dp/B003IGNH30?tag=eloabder-20&linkCode=osi&th=1&psc=1">View Product</a></div><div class="product"><a href="https://www.amazon.com/dp/B0CQTCZRYC?tag=eloabder-20&linkCode=osi&th=1&psc=1"><img src="https://m.media-amazon.com/images/I/41+d7oXaTvL._SL500_.jpg" alt="Product Image"></a><p>10PCS Oblique Calligraphy Dip Pen Set Comic Pen Nib Set Fluid Writer Pen, 2-in-1 Drawing Pen Holder with 8 Pieces Stainless Steel Pen Replacement Nibs Nib for Writing, Painting, Signing, Sketch</p><p>$6.49</p><a href="https://www.amazon.com/dp/B0CQTCZRYC?tag=eloabder-20&linkCode=osi&th=1&psc=1">View Product</a></div><div class="product"><a href="https://www.amazon.com/dp/B000BYQLT4?tag=eloabder-20&linkCode=osi&th=1&psc=1"><img src="https://m.media-amazon.com/images/I/41Tmn+y1-xL._SL500_.jpg" alt="Product Image"></a><p>Speedball Calligraphy Pen Set - 1 Penholder w/ 4 Nibs, 2 Pen Tips</p><p>$13.99</p><a href="https://www.amazon.com/dp/B000BYQLT4?tag=eloabder-20&linkCode=osi&th=1&psc=1">View Product</a></div><div class="product"><a href="https://www.amazon.com/dp/B0B3CVPWMF?tag=eloabder-20&linkCode=osi&th=1&psc=1"><img src="https://m.media-amazon.com/images/I/41Zw4tqW+HL._SL500_.jpg" alt="Product Image"></a><p>Mewutal 2Pcs/Set Comic Pen Nib Set Pen Nibs Replacements for Calligraphy Manga Writing Painting(Pumpkin Head Nib)</p><p>$7.99</p><a href="https://www.amazon.com/dp/B0B3CVPWMF?tag=eloabder-20&linkCode=osi&th=1&psc=1">View Product</a></div><div class="product"><a href="https://www.amazon.com/dp/B0BVR4M5X4?tag=eloabder-20&linkCode=osi&th=1&psc=1"><img src="https://m.media-amazon.com/images/I/515TyiGpQKL._SL500_.jpg" alt="Product Image"></a><p>Wonwood_direct Calligraphy set, 7 Calligraphy Pens with Different Nibs and 40 Ink Cartridges in 13 Colors for Beginner Writing Drawing for Greeting Card Signature Calligraphy (Type 1)</p><p>$15.99</p><a href="https://www.amazon.com/dp/B0BVR4M5X4?tag=eloabder-20&linkCode=osi&th=1&psc=1">View Product</a></div><div class="product"><a href="https://www.amazon.com/dp/B0BGRM97MF?tag=eloabder-20&linkCode=osi&th=1&psc=1"><img src="https://m.media-amazon.com/images/I/41vB7fs3VbL._SL500_.jpg" alt="Product Image"></a><p>Gullor A Bunch of Nibs for Comic Dip Pen, Assorted Calligraphy Dip Pen Nibs, Various Sizes and Shapes, 33 Nibs in Box</p><p>$9.99</p><a href="https://www.amazon.com/dp/B0BGRM97MF?tag=eloabder-20&linkCode=osi&th=1&psc=1">View Product</a></div>
<div class="product"><a href="https://www.amazon.com/dp/B000KNNVX0?tag=eloabder-20&linkCode=osi&th=1&psc=1"><img src="https://m.media-amazon.com/images/I/51RAGoN6UsL._SL500_.jpg" alt="Product Image"></a><p>Strathmore STR- 50 Sheet Tape Bound Calligraphy Pad, 8.5 by 11", White</p><p>$7.83</p><a href="https://www.amazon.com/dp/B000KNNVX0?tag=eloabder-20&linkCode=osi&th=1&psc=1">View Product</a></div><div class="product"><a href="https://www.amazon.com/dp/B00PGBVNM2?tag=eloabder-20&linkCode=osi&th=1&psc=1"><img src="https://m.media-amazon.com/images/I/51VvCXPD-QL._SL500_.jpg" alt="Product Image"></a><p>U.S. Art Supply (Pack of 2 Pads) - 9" x 12" Premium Calligraphic Practice Paper Pad, 19 Pound Bond (70gsm), Pad of 50-Sheets, Calligraphy Paper with Printed Practice Rule and Slanted Grid</p><p>$12.99</p><a href="https://www.amazon.com/dp/B00PGBVNM2?tag=eloabder-20&linkCode=osi&th=1&psc=1">View Product</a></div><div class="product"><a href="https://www.amazon.com/dp/B0CQ1VTM1R?tag=eloabder-20&linkCode=osi&th=1&psc=1"><img src="https://m.media-amazon.com/images/I/31pMzPI5pdL._SL500_.jpg" alt="Product Image"></a><p>50 Sheets Watercolor Paper 8 x 6inch Deckled Edge Paper 190 GSM Rough/Textured Handmade Paper Cotton Paper White Textured Paper for Watercolor, Writing Calligraphy, Invitations, Letters</p><p>$12.99 ($0.26 / Count)</p><a href="https://www.amazon.com/dp/B0CQ1VTM1R?tag=eloabder-20&linkCode=osi&th=1&psc=1">View Product</a></div><div class="product"><a href="https://www.amazon.com/dp/B0CGHVSX6W?tag=eloabder-20&linkCode=osi&th=1&psc=1"><img src="https://m.media-amazon.com/images/I/41pAexcoWlL._SL500_.jpg" alt="Product Image"></a><p>KYMY Chinese/Japanese Calligraphy Paper 100PCS, Sumi/Rice Paper for Writing Painting Drawing Practice, Chinese Brush Ink Xuan Paper, Half Sheng Shu (Half Raw Ripe) (34 x 34 cm (13.38 x 13.38 Inch))</p><p>$10.99 ($0.11 / Count)</p><a href="https://www.amazon.com/dp/B0CGHVSX6W?tag=eloabder-20&linkCode=osi&th=1&psc=1">View Product</a></div>
<div class="product"><a href="https://www.amazon.com/dp/B08FCZC2R3?tag=eloabder-20&linkCode=osi&th=1&psc=1"><img src="https://m.media-amazon.com/images/I/51TWqPlqpfL._SL500_.jpg" alt="Product Image"></a><p>Craft 'n' Beyond Calligraphy Brush Pens Pack of 3 Small, Medium and Large Markers for Hand Lettering, Art Drawing, Sketching, Scrapbooking, Journaling - Beginner Kit with Fadeproof Black Ink</p><p>$5.49</p><a href="https://www.amazon.com/dp/B08FCZC2R3?tag=eloabder-20&linkCode=osi&th=1&psc=1">View Product</a></div><div class="product"><a href="https://www.amazon.com/dp/B0B67TWWDG?tag=eloabder-20&linkCode=osi&th=1&psc=1"><img src="https://m.media-amazon.com/images/I/5188ARIL9sL._SL500_.jpg" alt="Product Image"></a><p>Brusarth Calligraphy Pens, 8 Size Calligraphy Pens for Writing, Brush Pens Calligraphy Set for Beginners, Hand Lettering Pens, Brush Markers Set, Black Ink Drawing Pens</p><p>$8.95</p><a href="https://www.amazon.com/dp/B0B67TWWDG?tag=eloabder-20&linkCode=osi&th=1&psc=1">View Product</a></div><div class="product"><a href="https://www.amazon.com/dp/B000SHQFEA?tag=eloabder-20&linkCode=osi&th=1&psc=1"><img src="https://m.media-amazon.com/images/I/41sx3qStImL._SL500_.jpg" alt="Product Image"></a><p>edding 1255 calligraphy pen - black - 3 pens - calligraphy nib 2 - 5 mm - fibre pens for paper, wood, terracotta, canvas - hand lettering, bullet journals, thank you cards, calligraphy books</p><p>$6.50</p><a href="https://www.amazon.com/dp/B000SHQFEA?tag=eloabder-20&linkCode=osi&th=1&psc=1">View Product</a></div><div class="product"><a href="https://www.amazon.com/dp/B001DKJLEC?tag=eloabder-20&linkCode=osi&th=1&psc=1"><img src="https://m.media-amazon.com/images/I/41x7A8wo7YL._SL500_.jpg" alt="Product Image"></a><p>Speedball Elegant Writer Calligraphy 4 Marker Set, Black, 2.0 mm, 2.5 mm & 3.0 mm Chisel Nib Tip Pens for Drawing, Journaling, and Scrapbooking</p><p>$9.99 ($2.50 / Count)</p><a href="https://www.amazon.com/dp/B001DKJLEC?tag=eloabder-20&linkCode=osi&th=1&psc=1">View Product</a></div><div class="product"><a href="https://www.amazon.com/dp/B08RYWH185?tag=eloabder-20&linkCode=osi&th=1&psc=1"><img src="https://m.media-amazon.com/images/I/51GFkyfC3iL._SL500_.jpg" alt="Product Image"></a><p>Piochoo Calligraphy Pens,8 Size Calligraphy Pens for Writing,Brush Pens Calligraphy Set for Beginners, Hand Lettering Pens</p><p>$12.99</p><a href="https://www.amazon.com/dp/B08RYWH185?tag=eloabder-20&linkCode=osi&th=1&psc=1">View Product</a></div>
<div class="product"><a href="https://www.amazon.com/dp/B0C66K9NHR?tag=eloabder-20&linkCode=osi&th=1&psc=1"><img src="https://m.media-amazon.com/images/I/51As2T+7gzL._SL500_.jpg" alt="Product Image"></a><p>Calligraphy Kit for Beginners - Calligraphy Pen Set with Calligraphy Workbook</p><p>$26.89</p><a href="https://www.amazon.com/dp/B0C66K9NHR?tag=eloabder-20&linkCode=osi&th=1&psc=1">View Product</a></div><div class="product"><a href="https://www.amazon.com/dp/B081J6QLZN?tag=eloabder-20&linkCode=osi&th=1&psc=1"><img src="https://m.media-amazon.com/images/I/41lK2Gw0JZL._SL500_.jpg" alt="Product Image"></a><p>Trustela Calligraphy Set for Beginners, Dip Pen Set with 19 Nibs, Oblique Pen Holder, Wooden Pen Set</p><p>$21.99</p><a href="https://www.amazon.com/dp/B081J6QLZN?tag=eloabder-20&linkCode=osi&th=1&psc=1">View Product</a></div><div class="product"><a href="https://www.amazon.com/dp/B0BCVDNPRJ?tag=eloabder-20&linkCode=osi&th=1&psc=1"><img src="https://m.media-amazon.com/images/I/51J-hFN4AeL._SL500_.jpg" alt="Product Image"></a><p>GC QUILL Calligraphy Pens Set 64pcs - Calligraphy Fountain Pen Set with 3 Fountain Pens, 7 Varied Nibs, 54 Ink Cartridges(10 Colors) - Writing, Drawing and Calligraphy Practice for beginner GC-F354</p><p>$23.99</p><a href="https://www.amazon.com/dp/B0BCVDNPRJ?tag=eloabder-20&linkCode=osi&th=1&psc=1">View Product</a></div>
<div class="product"><a href="https://www.amazon.com/dp/B092Q8BQC1?tag=eloabder-20&linkCode=osi&th=1&psc=1"><img src="https://m.media-amazon.com/images/I/51gdXkGIguS._SL500_.jpg" alt="Product Image"></a><p>AIYNC Feather Calligraphy Pen Ink Set, Includes Quill Pen and Wooden Dip Pen, Ink,17 Replacement Nib, Pen Base, 3 Wax Seal Sticks, Stamp, White Wax, Spoon, Envelope Letter Paper, Envelope Tool(Green)</p><p>$22.99</p><a href="https://www.amazon.com/dp/B092Q8BQC1?tag=eloabder-20&linkCode=osi&th=1&psc=1">View Product</a></div>
<div class="product"><a href="https://www.amazon.com/dp/B09J228BSF?tag=eloabder-20&linkCode=osi&th=1&psc=1"><img src="https://m.media-amazon.com/images/I/61MByvIyHGL._SL500_.jpg" alt="Product Image"></a><p>Candle dye - 18 Colors Liquid Oil-Based dye for Candle Wax, Vivid Candle Color for DIY Candle Making, Highly Concentrate Natural Candle Color</p><p>$15.59 ($2.47 / Fl Oz)</p><a href="https://www.amazon.com/dp/B09J228BSF?tag=eloabder-20&linkCode=osi&th=1&psc=1">View Product</a></div><div class="product"><a href="https://www.amazon.com/dp/B06Y3T5RV4?tag=eloabder-20&linkCode=osi&th=1&psc=1"><img src="https://m.media-amazon.com/images/I/61yZyP8eZTL._SL500_.jpg" alt="Product Image"></a><p>Candle Dyes for Soy Candle Making - Wax Сolor Dye Color Chips for Soy Wax - 16 Popular Colors Wax Dye Flakes</p><p>$16.99 ($10.62 / Ounce)</p><a href="https://www.amazon.com/dp/B06Y3T5RV4?tag=eloabder-20&linkCode=osi&th=1&psc=1">View Product</a></div><div class="product"><a href="https://www.amazon.com/dp/B0CMCPGLQZ?tag=eloabder-20&linkCode=osi&th=1&psc=1"><img src="https://m.media-amazon.com/images/I/51G9e-Epa0L._SL500_.jpg" alt="Product Image"></a><p>Candle Dye - 12 Colors Wax Melt Dye for Candle Making, Oil-Based Dye for Wax, Highly Concentrate Liquid Candle Color Dye</p><p>$8.99</p><a href="https://www.amazon.com/dp/B0CMCPGLQZ?tag=eloabder-20&linkCode=osi&th=1&psc=1">View Product</a></div><div class="product"><a href="https://www.amazon.com/dp/B09GLMZ5PS?tag=eloabder-20&linkCode=osi&th=1&psc=1"><img src="https://m.media-amazon.com/images/I/51SCG6n6Y4L._SL500_.jpg" alt="Product Image"></a><p>OSBANG Oil-Based Candle Color Dye Non-Toxic Non-Irritating 20 Colors for DIY Candle Making Supplies - Vibrant Concentrated Candle Coloring for Soy Wax Dyes, Beeswax, Gel Wax, Candle Making Kit</p><p>$14.99 ($2.22 / Fl Oz)</p><a href="https://www.amazon.com/dp/B09GLMZ5PS?tag=eloabder-20&linkCode=osi&th=1&psc=1">View Product</a></div><div class="product"><a href="https://www.amazon.com/dp/B0C8D2X4F1?tag=eloabder-20&linkCode=osi&th=1&psc=1"><img src="https://m.media-amazon.com/images/I/51e0mqPDEJL._SL500_.jpg" alt="Product Image"></a><p>Candle Dye - 14 Colors Highly Concentrate Oil-Based Liquid Candle Dye Kit, Candle Dyes for Candle Making, Beeswax, Gel Wax, Paraffin Wax - Each 0.35 fl oz</p><p>$9.99</p><a href="https://www.amazon.com/dp/B0C8D2X4F1?tag=eloabder-20&linkCode=osi&th=1&psc=1">View Product</a></div>

<div class="product"><a href="https://www.amazon.com/dp/B0C6FHSQR7?tag=eloabder-20&linkCode=osi&th=1&psc=1"><img src="https://m.media-amazon.com/images/I/41hBOCPELBL._SL500_.jpg" alt="Product Image"></a><p>Mold Release, Silicone Mold Release Spray (16.9 fl oz / 500ml) Mold Release for Epoxy Resin and Candle Mold Release Spray (1 Pack Mega Size)</p><p>$9.99 ($0.59 / Fl Oz)</p><a href="https://www.amazon.com/dp/B0C6FHSQR7?tag=eloabder-20&linkCode=osi&th=1&psc=1">View Product</a></div>
<div class="product"><a href="https://www.amazon.com/dp/B015W8DWUO?tag=eloabder-20&linkCode=osi&th=1&psc=1"><img src="https://m.media-amazon.com/images/I/41umHqV4zhL._SL500_.jpg" alt="Product Image"></a><p>EricX Light 100 Piece Cotton Candle Wick 6" Pre-Waxed for Candle Making,Candle DIY</p><p>$5.35</p><a href="https://www.amazon.com/dp/B015W8DWUO?tag=eloabder-20&linkCode=osi&th=1&psc=1">View Product</a></div><div class="product"><a href="https://www.amazon.com/dp/B08XZB43NZ?tag=eloabder-20&linkCode=osi&th=1&psc=1"><img src="https://m.media-amazon.com/images/I/51cyFvwhpJL._SL500_.jpg" alt="Product Image"></a><p>Candle Wicks 100 Pcs 6 inch with 30Pcs Candle Wick Stickers and 10 Pcs Wooden Candle Wick Centering Device for Soy Beeswax Candle Making and Candle DIY</p><p>$4.99</p><a href="https://www.amazon.com/dp/B08XZB43NZ?tag=eloabder-20&linkCode=osi&th=1&psc=1">View Product</a></div><div class="product"><a href="https://www.amazon.com/dp/B084ZSZQ4T?tag=eloabder-20&linkCode=osi&th=1&psc=1"><img src="https://m.media-amazon.com/images/I/41vLRbXIHhL._SL500_.jpg" alt="Product Image"></a><p>Candle Wick,100 Piece Candle Wicks for Candle Making DIY, 6 Inch Pre-Waxed Cotton Wick with Tabs</p><p>$4.79</p><a href="https://www.amazon.com/dp/B084ZSZQ4T?tag=eloabder-20&linkCode=osi&th=1&psc=1">View Product</a></div><div class="product"><a href="https://www.amazon.com/dp/B097D7S6KB?tag=eloabder-20&linkCode=osi&th=1&psc=1"><img src="https://m.media-amazon.com/images/I/41jpnnrDAjL._SL500_.jpg" alt="Product Image"></a><p>CandMak Candle Wick Kit, 60 Cotton Candle Wicks with Candle Making Tools for Candle Making (Thick 4"+6"+8")</p><p>$5.99</p><a href="https://www.amazon.com/dp/B097D7S6KB?tag=eloabder-20&linkCode=osi&th=1&psc=1">View Product</a></div><div class="product"><a href="https://www.amazon.com/dp/B08DLSG8NW?tag=eloabder-20&linkCode=osi&th=1&psc=1"><img src="https://m.media-amazon.com/images/I/41QkciWLWjL._SL500_.jpg" alt="Product Image"></a><p>Bulk 6inch Candle Wicks 100 Pcs with 60Pcs Candle Wick Stickers and 10 Pcs Wooden Candle Wick Centering Device for Soy Beeswax Candle Making (6inch)</p><p>$5.45</p><a href="https://www.amazon.com/dp/B08DLSG8NW?tag=eloabder-20&linkCode=osi&th=1&psc=1">View Product</a></div><div class="product"><a href="https://www.amazon.com/dp/B08Z334W66?tag=eloabder-20&linkCode=osi&th=1&psc=1"><img src="https://m.media-amazon.com/images/I/51nsfCzAwwL._SL500_.jpg" alt="Product Image"></a><p>DINGPAI 100pcs Cotton Candle Wicks, 6 inches Low Smoke Pre-Waxed Candle Wicks for Candle Making, Candle DIY</p><p>$4.99</p><a href="https://www.amazon.com/dp/B08Z334W66?tag=eloabder-20&linkCode=osi&th=1&psc=1">View Product</a></div><div class="product"><a href="https://www.amazon.com/dp/B0BV1NCQ28?tag=eloabder-20&linkCode=osi&th=1&psc=1"><img src="https://m.media-amazon.com/images/I/41lmQ4K9ccL._SL500_.jpg" alt="Product Image"></a><p>Ziosxin 100pcs Smokeless Cherry Wood Candle Wicks, Long Lasting Flame, Easily Burn, Natural Candle Cores with Stand and Glue Dot, Warning Label for DIY Candle Making</p><p>$9.99</p><a href="https://www.amazon.com/dp/B0BV1NCQ28?tag=eloabder-20&linkCode=osi&th=1&psc=1">View Product</a></div><div class="product"><a href="https://www.amazon.com/dp/B08LPKTVZW?tag=eloabder-20&linkCode=osi&th=1&psc=1"><img src="https://m.media-amazon.com/images/I/41AtaynrIqL._SL500_.jpg" alt="Product Image"></a><p>BEADNOVA Candle Cotton Wicks 4 Inch 150pcs Short Candle Making Wicks Cotton Wicks for Candle Making DIY</p><p>$4.99</p><a href="https://www.amazon.com/dp/B08LPKTVZW?tag=eloabder-20&linkCode=osi&th=1&psc=1">View Product</a></div><div class="product"><a href="https://www.amazon.com/dp/B0925G2VBY?tag=eloabder-20&linkCode=osi&th=1&psc=1"><img src="https://m.media-amazon.com/images/I/51EzgDRsxoL._SL500_.jpg" alt="Product Image"></a><p>CHEFBEE 200 FT Organic Hemp Wick, Hemp Wick Well Coated Natural Beeswax for Hemp Wick Lighter or Candle Making, Slow Burn, No Dripping, Standard Size(1.1mm)</p><p>$6.99</p><a href="https://www.amazon.com/dp/B0925G2VBY?tag=eloabder-20&linkCode=osi&th=1&psc=1">View Product</a></div>
<div class="product"><a href="https://www.amazon.com/dp/B0BJZYCQV3?tag=eloabder-20&linkCode=osi&th=1&psc=1"><img src="https://m.media-amazon.com/images/I/41dS7xm9bKL._SL500_.jpg" alt="Product Image"></a><p>Simetufy Canvas Boards for Painting 12 Pack,8 x 10 Inch Painting Canvas Panels, Blank Canvas for Painting- Gesso Primed Acid-Free 100% Cotton for Acrylics Oil Watercolor Tempera Paints</p><p>$12.99</p><a href="https://www.amazon.com/dp/B0BJZYCQV3?tag=eloabder-20&linkCode=osi&th=1&psc=1">View Product</a></div><div class="product"><a href="https://www.amazon.com/dp/B085F4JH1H?tag=eloabder-20&linkCode=osi&th=1&psc=1"><img src="https://m.media-amazon.com/images/I/41l7Efp7ILL._SL500_.jpg" alt="Product Image"></a><p>KEFF Canvas Boards for Painting - 24 Pack - Art Supplies Paint Canvas 5x7, 8x10, 9x12, 11x14 Canvas Panels, 100% Cotton Pre-Primed Large Canvas for Painting Supplies, Acrylic, Oil, Watercolor, Tempera</p><p>$24.99</p><a href="https://www.amazon.com/dp/B085F4JH1H?tag=eloabder-20&linkCode=osi&th=1&psc=1">View Product</a></div><div class="product"><a href="https://www.amazon.com/dp/B0CMXFTNDC?tag=eloabder-20&linkCode=osi&th=1&psc=1"><img src="https://m.media-amazon.com/images/I/41WZD2Y6GfL._SL500_.jpg" alt="Product Image"></a><p>ESRICH Canvas Boards for Painting, 5 Pack Canvases for Painting 8x10 Cotton Primed Acid Free Blank Canvas Panels for Oil Paint, Watercolor, Acrylic Paint, Gouache and Tempera.</p><p>$5.99</p><a href="https://www.amazon.com/dp/B0CMXFTNDC?tag=eloabder-20&linkCode=osi&th=1&psc=1">View Product</a></div><div class="product"><a href="https://www.amazon.com/dp/B0C6LMPMPJ?tag=eloabder-20&linkCode=osi&th=1&psc=1"><img src="https://m.media-amazon.com/images/I/51QF5c5qRiL._SL500_.jpg" alt="Product Image"></a><p>Simetufy Canvas Boards for Painting 32 Pack, Paint Canvas Panels Set - 5x7, 8x10, 9x12, 11x14 Inches, Pre-Primed 100% Cotton Blank Canvases for Oil Acrylic Watercolor Pouring Paint for Kids & Artists</p><p>$24.99</p><a href="https://www.amazon.com/dp/B0C6LMPMPJ?tag=eloabder-20&linkCode=osi&th=1&psc=1">View Product</a></div><div class="product"><a href="https://www.amazon.com/dp/B0CSD8VYYM?tag=eloabder-20&linkCode=osi&th=1&psc=1"><img src="https://m.media-amazon.com/images/I/41PeXd8MwvL._SL500_.jpg" alt="Product Image"></a><p>4 Pack 11x14 Inch Canvas Boards for Painting, Blank Canvases for Painting,Triple Primed for Oil & Acrylic Paints,100% Cotton Canvas Panels for Acrylics Oil Watercolor Tempera Paints,3mm Thickness</p><p>$8.49</p><a href="https://www.amazon.com/dp/B0CSD8VYYM?tag=eloabder-20&linkCode=osi&th=1&psc=1">View Product</a></div><div class="product"><a href="https://www.amazon.com/dp/B0D59RDVM5?tag=eloabder-20&linkCode=osi&th=1&psc=1"><img src="https://m.media-amazon.com/images/I/519TRFsibfL._SL500_.jpg" alt="Product Image"></a><p>Paroto Canvas Boards for Painting 12 Pack, Multi-Size Painting Canvas Set 5x7, 8x10, 10x12, 12x16 Inches, 100% Cotton Blank Canvas Oil Acrylic Watercolor Pouring Paint for Kids, Beginners, Artists</p><p>$23.99</p><a href="https://www.amazon.com/dp/B0D59RDVM5?tag=eloabder-20&linkCode=osi&th=1&psc=1">View Product</a></div><div class="product"><a href="https://www.amazon.com/dp/B0CSD8YM4L?tag=eloabder-20&linkCode=osi&th=1&psc=1"><img src="https://m.media-amazon.com/images/I/41ZgWqkIMFL._SL500_.jpg" alt="Product Image"></a><p>4 Pack 8x10 Inch Canvas Boards for Painting, Blank Canvases for Painting,Triple Primed for Oil & Acrylic Paints, 100% Cotton Canvas Panels, 3mm Thickness</p><p>$3.99</p><a href="https://www.amazon.com/dp/B0CSD8YM4L?tag=eloabder-20&linkCode=osi&th=1&psc=1">View Product</a></div><div class="product"><a href="https://www.amazon.com/dp/B0CQFTW7MH?tag=eloabder-20&linkCode=osi&th=1&psc=1"><img src="https://m.media-amazon.com/images/I/41PiitKvQTL._SL500_.jpg" alt="Product Image"></a><p>Simetufy 4 Pack Canvas Boards for Painting 12x16 inch, Canvases for Painting, Gesso Primed Acid-Free 100% Cotton Large Canvas Panels for Acrylics Oil Watercolor Tempera Paints</p><p>$11.99</p><a href="https://www.amazon.com/dp/B0CQFTW7MH?tag=eloabder-20&linkCode=osi&th=1&psc=1">View Product</a></div>
<div class="product"><a href="https://www.amazon.com/dp/B07D6V7H85?tag=eloabder-20&linkCode=osi&th=1&psc=1"><img src="https://m.media-amazon.com/images/I/41EEPf6prIL._SL500_.jpg" alt="Product Image"></a><p>U.S. Art Supply 36" Wide x 6 Yards (18 Feet) Long Unstretched Canvas Roll - 100% Cotton, 12-Ounce Triple Primed Gesso, Acid-Free - Pro Artist Quality, Oil & Acrylic Painting, Murals Backdrop, Cut Size</p><p>$49.99</p><a href="https://www.amazon.com/dp/B07D6V7H85?tag=eloabder-20&linkCode=osi&th=1&psc=1">View Product</a></div><div class="product"><a href="https://www.amazon.com/dp/B0C98L44GG?tag=eloabder-20&linkCode=osi&th=1&psc=1"><img src="https://m.media-amazon.com/images/I/31gEyNH9+sL._SL500_.jpg" alt="Product Image"></a><p>Kinlop Double Primed Cotton Canvas White Canvas Roll for Oil and Acrylic Paint (20 Feet x 48 Inch)</p><p>$38.99</p><a href="https://www.amazon.com/dp/B0C98L44GG?tag=eloabder-20&linkCode=osi&th=1&psc=1">View Product</a></div><div class="product"><a href="https://www.amazon.com/dp/B0CLSXCD1W?tag=eloabder-20&linkCode=osi&th=1&psc=1"><img src="https://m.media-amazon.com/images/I/414jbnjcrQL._SL500_.jpg" alt="Product Image"></a><p>U.S. Art Supply 10-Ounce Unprimed 63" Wide x 2 Yards (6 Feet) Long Heavyweight Unstretched Canvas Roll - 100% Cotton, Woven - Oil & Acrylic Painting, Murals, Backdrop - Cut To Stretcher Bar Frame Size</p><p>$24.99</p><a href="https://www.amazon.com/dp/B0CLSXCD1W?tag=eloabder-20&linkCode=osi&th=1&psc=1">View Product</a></div><div class="product"><a href="https://www.amazon.com/dp/B09MCHDSPR?tag=eloabder-20&linkCode=osi&th=1&psc=1"><img src="https://m.media-amazon.com/images/I/41S+37Lx2wL._SL500_.jpg" alt="Product Image"></a><p>100% Natural Cotton 7 oz Canvas Fabric (Duck), 63 Inches Wide X 3 Yards Long</p><p>$29.95</p><a href="https://www.amazon.com/dp/B09MCHDSPR?tag=eloabder-20&linkCode=osi&th=1&psc=1">View Product</a></div><div class="product"><a href="https://www.amazon.com/dp/B07VX9TLM1?tag=eloabder-20&linkCode=osi&th=1&psc=1"><img src="https://m.media-amazon.com/images/I/41-bqGVrblL._SL500_.jpg" alt="Product Image"></a><p>Premium Polyster Matte Canvas Roll, Quick Dry, Wide Format Inkjet Printer Compatible, Perfect for Fine Art, Photography, Giclée Printing, Archival Quality Prints. (24"x60' 290gsm Polyester)</p><p>$69.99</p><a href="https://www.amazon.com/dp/B07VX9TLM1?tag=eloabder-20&linkCode=osi&th=1&psc=1">View Product</a></div><div class="product"><a href="https://www.amazon.com/dp/B079VP3F1B?tag=eloabder-20&linkCode=osi&th=1&psc=1"><img src="https://m.media-amazon.com/images/I/31eaUH1-cWL._SL500_.jpg" alt="Product Image"></a><p>VViViD Double Primed Cotton Canvas 12" Wide Roll Choose Your Size! (10ft x 12" Roll)</p><p>$16.88</p><a href="https://www.amazon.com/dp/B079VP3F1B?tag=eloabder-20&linkCode=osi&th=1&psc=1">View Product</a></div><div class="product"><a href="https://www.amazon.com/dp/B09954KKH3?tag=eloabder-20&linkCode=osi&th=1&psc=1"><img src="https://m.media-amazon.com/images/I/41SwQCPSmAL._SL500_.jpg" alt="Product Image"></a><p>Polyester Canvas Roll Professional Matte Canvas Roll Wide format Inkjet Printing For Printing Drawing Oil Acrylic Or Water-Based Painting (200GSM Polyester 36"x100ft)</p><p>$123.99</p><a href="https://www.amazon.com/dp/B09954KKH3?tag=eloabder-20&linkCode=osi&th=1&psc=1">View Product</a></div>
<div class="product"><a href="https://www.amazon.com/dp/B003A2I5T8?tag=eloabder-20&linkCode=osi&th=1&psc=1"><img src="https://m.media-amazon.com/images/I/41LvtrGFjVL._SL500_.jpg" alt="Product Image"></a><p>Astrobrights/Neenah Bright White Cardstock, 8.5" x 11", 65 lb/176 gsm, White, 75 Sheets (90905-02) - Packaging May Vary</p><p>$6.99</p><a href="https://www.amazon.com/dp/B003A2I5T8?tag=eloabder-20&linkCode=osi&th=1&psc=1">View Product</a></div><div class="product"><a href="https://www.amazon.com/dp/B00006IDRW?tag=eloabder-20&linkCode=osi&th=1&psc=1"><img src="https://m.media-amazon.com/images/I/412xLv5ae7L._SL500_.jpg" alt="Product Image"></a><p>Neenah Premium Cardstock, 8.5" x 11", 65 lb/176 gsm, Bright White, 250 Sheets (91904)</p><p>$14.29</p><a href="https://www.amazon.com/dp/B00006IDRW?tag=eloabder-20&linkCode=osi&th=1&psc=1">View Product</a></div><div class="product"><a href="https://www.amazon.com/dp/B07FX5LCXK?tag=eloabder-20&linkCode=osi&th=1&psc=1"><img src="https://m.media-amazon.com/images/I/41n9D1rlKgL._SL500_.jpg" alt="Product Image"></a><p>Printworks White Cardstock, 67 lb, 92 Bright, FSC Certified, Perfect for School and Craft Projects, 8.5 x 11 Inch, 100 Sheets (00540)</p><p>$11.49</p><a href="https://www.amazon.com/dp/B07FX5LCXK?tag=eloabder-20&linkCode=osi&th=1&psc=1">View Product</a></div><div class="product"><a href="https://www.amazon.com/dp/B07QQ3L753?tag=eloabder-20&linkCode=osi&th=1&psc=1"><img src="https://m.media-amazon.com/images/I/41n0Ue3DLbL._SL500_.jpg" alt="Product Image"></a><p>Neenah White Index Paper, Mediumweight, 300 Sheets, 199 gsm, 94 Brightness, 8.5" x 11" - MORE SHEETS! (91635)</p><p>$15.99</p><a href="https://www.amazon.com/dp/B07QQ3L753?tag=eloabder-20&linkCode=osi&th=1&psc=1">View Product</a></div><div class="product"><a href="https://www.amazon.com/dp/B07D4YF3K4?tag=eloabder-20&linkCode=osi&th=1&psc=1"><img src="https://m.media-amazon.com/images/I/41ffykOOE7L._SL500_.jpg" alt="Product Image"></a><p>Neenah Index Cardstock, 8.5" x 11", 90 lb/163 gsm, White, Lightweight, 94 Brightness, 300 Sheets (91437)</p><p>$19.24</p><a href="https://www.amazon.com/dp/B07D4YF3K4?tag=eloabder-20&linkCode=osi&th=1&psc=1">View Product</a></div><div class="product"><a href="https://www.amazon.com/dp/B08DCF5B4P?tag=eloabder-20&linkCode=osi&th=1&psc=1"><img src="https://m.media-amazon.com/images/I/41GRzmuulDL._SL500_.jpg" alt="Product Image"></a><p>Hammermill White Cardstock, 110 Lb, 8.5 x 11 Colored Cardstock, 1 Pack (200 Sheets) - Thick Card Stock, Made in the USA, 168380R</p><p>$13.32</p><a href="https://www.amazon.com/dp/B08DCF5B4P?tag=eloabder-20&linkCode=osi&th=1&psc=1">View Product</a></div><div class="product"><a href="https://www.amazon.com/dp/B0CYPPHFV9?tag=eloabder-20&linkCode=osi&th=1&psc=1"><img src="https://m.media-amazon.com/images/I/51IQR4E5R1L._SL500_.jpg" alt="Product Image"></a><p>96 Sheets Colored Cardstock 24 Colors, 8.5x11 Color Cardstock Bulk, 200gsm/75lb Assorted Colors Construction Paper for Printing, Card Making, Die Cutting, Crafts, Scrapbooking, Party Decorations</p><p>$12.99</p><a href="https://www.amazon.com/dp/B0CYPPHFV9?tag=eloabder-20&linkCode=osi&th=1&psc=1">View Product</a></div><div class="product"><a href="https://www.amazon.com/dp/B07QNMF4ZP?tag=eloabder-20&linkCode=osi&th=1&psc=1"><img src="https://m.media-amazon.com/images/I/41mVi2qUcyL._SL500_.jpg" alt="Product Image"></a><p>Printworks White Cardstock, Standard, 67 lb. Vellum, 92 Bright, 250 sheets, 8.5 x 11, For Office, Home & School Printing, Craft Projects (00564)</p><p>$12.92</p><a href="https://www.amazon.com/dp/B07QNMF4ZP?tag=eloabder-20&linkCode=osi&th=1&psc=1">View Product</a></div><div class="product"><a href="https://www.amazon.com/dp/B09Y681BML?tag=eloabder-20&linkCode=osi&th=1&psc=1"><img src="https://m.media-amazon.com/images/I/41whFoq6OEL._SL500_.jpg" alt="Product Image"></a><p>Astrobrights Mega Collection, Colored Cardstock, Punchy Pastel 5-Color Assortment, 320 Sheets, 65 lb./176 gsm, 8.5" x 11" - MORE SHEETS! (91780)</p><p>$19.87</p><a href="https://www.amazon.com/dp/B09Y681BML?tag=eloabder-20&linkCode=osi&th=1&psc=1">View Product</a></div>


<div class="product"><a href="https://www.amazon.com/dp/B0B7DZ4YPN?tag=eloabder-20&linkCode=osi&th=1&psc=1"><img src="https://m.media-amazon.com/images/I/51NIBuS801L._SL500_.jpg" alt="Product Image"></a><p>Epoxy Resin 64OZ - Crystal Clear Epoxy Resin Kit - No Yellowing No Bubble Art Resin Casting Resin for Art Crafts, Jewelry Making, Wood & Resin Molds(32OZ x 2)</p><p>$34.99 ($0.55 / Ounce)</p><a href="https://www.amazon.com/dp/B0B7DZ4YPN?tag=eloabder-20&linkCode=osi&th=1&psc=1">View Product</a></div><div class="product"><a href="https://www.amazon.com/dp/B0CPVCRD93?tag=eloabder-20&linkCode=osi&th=1&psc=1"><img src="https://m.media-amazon.com/images/I/51mBmD2NCqL._SL500_.jpg" alt="Product Image"></a><p>Puduo Epoxy Resin Kit 72OZ，Newly Formulated Crystal Clear Epoxy Resin，Strong, Bubble-Free, Anti-Yellowing Art Resin That，Suitable for Casting, DIY, Resin Art, Molds, Jewelry, Easy to Mix 1:1 Ratio</p><p>$36.99 ($0.51 / Ounce)</p><a href="https://www.amazon.com/dp/B0CPVCRD93?tag=eloabder-20&linkCode=osi&th=1&psc=1">View Product</a></div><div class="product"><a href="https://www.amazon.com/dp/B0BY2PFY62?tag=eloabder-20&linkCode=osi&th=1&psc=1"><img src="https://m.media-amazon.com/images/I/51jY4DbLEVL._SL500_.jpg" alt="Product Image"></a><p>LET'S RESIN Polyurethane Resin, 60oz 2 Part Casting Resin, Fast Cured Resin within 10 Minutes, Ultra Low Viscosity & Low Odor Pourable Liquid Plastic for Casting Models, Prototypes & Other Resin Craft</p><p>$40.99 ($0.68 / Ounce)</p><a href="https://www.amazon.com/dp/B0BY2PFY62?tag=eloabder-20&linkCode=osi&th=1&psc=1">View Product</a></div><div class="product"><a href="https://www.amazon.com/dp/B0CXLX1BF1?tag=eloabder-20&linkCode=osi&th=1&psc=1"><img src="https://m.media-amazon.com/images/I/51B03piFSWL._SL500_.jpg" alt="Product Image"></a><p>Epoxy Resin,1 Gallon Crystal Clear Epoxy Resin Kit, High-Gloss & Bubbles Free Resin and Hardener Kit, Art Resin Casting Resin for Art Crafts, Jewelry Making, Wood & Resin Molds…</p><p>$49.99</p><a href="https://www.amazon.com/dp/B0CXLX1BF1?tag=eloabder-20&linkCode=osi&th=1&psc=1">View Product</a></div><div class="product"><a href="https://www.amazon.com/dp/B0B79JKMTN?tag=eloabder-20&linkCode=osi&th=1&psc=1"><img src="https://m.media-amazon.com/images/I/51awzY+fOoL._SL500_.jpg" alt="Product Image"></a><p>Teexpert Crystal Clear Epoxy Resin Kit 1 Gallon Self-Leveling Coating and Casting Resin, High-Gloss & Bubbles Free Resin and Hardener Kit for DIY Art, Jewelry, Table Top, Molds, Wood 1:1 Ratio</p><p>$49.49 ($0.39 / Fl Oz)</p><a href="https://www.amazon.com/dp/B0B79JKMTN?tag=eloabder-20&linkCode=osi&th=1&psc=1">View Product</a></div><div class="product"><a href="https://www.amazon.com/dp/B0CZDCWRDS?tag=eloabder-20&linkCode=osi&th=1&psc=1"><img src="https://m.media-amazon.com/images/I/51NoC3Siy8L._SL500_.jpg" alt="Product Image"></a><p>Puduo Epoxy Resin Kit 1.1Gallon，Newly Formulated Crystal Clear Epoxy Resin，Strong, Bubble-Free, Anti-Yellowing Art Resin That，Suitable for Casting, DIY, Resin Art, Molds, Easy to Mix 1:1 Ratio</p><p>$48.99 ($0.35 / Ounce)</p><a href="https://www.amazon.com/dp/B0CZDCWRDS?tag=eloabder-20&linkCode=osi&th=1&psc=1">View Product</a></div><div class="product"><a href="https://www.amazon.com/dp/B0C786S8ZW?tag=eloabder-20&linkCode=osi&th=1&psc=1"><img src="https://m.media-amazon.com/images/I/51PD1cgR+-L._SL500_.jpg" alt="Product Image"></a><p>LET'S RESIN EPOXY RESIN 2 Gallon Casting Resin with Pumps, Bubble Free & High-Gloss Resin Epoxy Kit, Crystal Clear Epoxy Resin and Hardener for DIY Art, Molds Casting,Craft</p><p>$87.00 ($0.34 / Fl Oz)</p><a href="https://www.amazon.com/dp/B0C786S8ZW?tag=eloabder-20&linkCode=osi&th=1&psc=1">View Product</a></div><div class="product"><a href="https://www.amazon.com/dp/B0BYV7YX2K?tag=eloabder-20&linkCode=osi&th=1&psc=1"><img src="https://m.media-amazon.com/images/I/41dTpbgWB+L._SL500_.jpg" alt="Product Image"></a><p>TAKIMO 1 Gallon Crystal Clear Resin Kit,No Bubble & Not Yellowing Epoxy Resin for Coating, Casting, Table Top,DIY, Bar Top, River Tables, Resin Art, Wood with High Gloss Finish</p><p>$39.99</p><a href="https://www.amazon.com/dp/B0BYV7YX2K?tag=eloabder-20&linkCode=osi&th=1&psc=1">View Product</a></div>
<div class="product"><a href="https://www.amazon.com/dp/B093D6Q4V2?tag=eloabder-20&linkCode=osi&th=1&psc=1"><img src="https://m.media-amazon.com/images/I/51GS6ht5RsS._SL500_.jpg" alt="Product Image"></a><p>Brusarth Professional Charcoal Pencils Drawing Set - 6 Pieces Soft Medium and Hard Charcoal Pencils for Drawing, Sketching, Shading</p><p>$5.57</p><a href="https://www.amazon.com/dp/B093D6Q4V2?tag=eloabder-20&linkCode=osi&th=1&psc=1">View Product</a></div><div class="product"><a href="https://www.amazon.com/dp/B000VXONF4?tag=eloabder-20&linkCode=osi&th=1&psc=1"><img src="https://m.media-amazon.com/images/I/51DxvUPz4nL._SL500_.jpg" alt="Product Image"></a><p>General Pencil 957ABP Compressed Charcoal Sticks 4/Pkg-Black - Soft Assorted</p><p>$6.09 ($1.52 / Count)</p><a href="https://www.amazon.com/dp/B000VXONF4?tag=eloabder-20&linkCode=osi&th=1&psc=1">View Product</a></div><div class="product"><a href="https://www.amazon.com/dp/B0BZSZ2W1B?tag=eloabder-20&linkCode=osi&th=1&psc=1"><img src="https://m.media-amazon.com/images/I/41aJEjrQ16L._SL500_.jpg" alt="Product Image"></a><p>ANNECOSK Willow Charcoal Sticks, 10PCS Willow Charcoal Pencils for Artists Drawing, Sketching</p><p>$7.99</p><a href="https://www.amazon.com/dp/B0BZSZ2W1B?tag=eloabder-20&linkCode=osi&th=1&psc=1">View Product</a></div><div class="product"><a href="https://www.amazon.com/dp/B088K31QB7?tag=eloabder-20&linkCode=osi&th=1&psc=1"><img src="https://m.media-amazon.com/images/I/51giSzQeUzL._SL500_.jpg" alt="Product Image"></a><p>MARKART Professional Charcoal Pencils Drawing Set - 10 Pieces Soft Medium and Hard Charcoal Pencils for Drawing, Sketching, Shading</p><p>$5.99</p><a href="https://www.amazon.com/dp/B088K31QB7?tag=eloabder-20&linkCode=osi&th=1&psc=1">View Product</a></div><div class="product"><a href="https://www.amazon.com/dp/B0CHM9YB18?tag=eloabder-20&linkCode=osi&th=1&psc=1"><img src="https://m.media-amazon.com/images/I/51-cFJewi5L._SL500_.jpg" alt="Product Image"></a><p>PANDAFLY Willow Charcoal Sticks, Soft, Black Artist Vine Charcoal for Artists, Beginners, Students, Great for Sketching, Drawing, Shading and Fine Art, 7-9mm, 25 Pack</p><p>$7.99</p><a href="https://www.amazon.com/dp/B0CHM9YB18?tag=eloabder-20&linkCode=osi&th=1&psc=1">View Product</a></div><div class="product"><a href="https://www.amazon.com/dp/B004O7FFR8?tag=eloabder-20&linkCode=osi&th=1&psc=1"><img src="https://m.media-amazon.com/images/I/51JJnYm-n2L._SL500_.jpg" alt="Product Image"></a><p>Strathmore 300 Series Charcoal Paper Pad, Top Wire Bound, 9x12 inches, 32 Sheets (64lb/95g) - Artist Paper for Adults and Students - Charcoal and Pastel</p><p>$8.86</p><a href="https://www.amazon.com/dp/B004O7FFR8?tag=eloabder-20&linkCode=osi&th=1&psc=1">View Product</a></div><div class="product"><a href="https://www.amazon.com/dp/B09KY8MT2T?tag=eloabder-20&linkCode=osi&th=1&psc=1"><img src="https://m.media-amazon.com/images/I/31buTPEV5IL._SL500_.jpg" alt="Product Image"></a><p>Raven Powders Premium Charcoal Powder for Drawing and Art</p><p>$9.99</p><a href="https://www.amazon.com/dp/B09KY8MT2T?tag=eloabder-20&linkCode=osi&th=1&psc=1">View Product</a></div><div class="product"><a href="https://www.amazon.com/dp/B0021IK626?tag=eloabder-20&linkCode=osi&th=1&psc=1"><img src="https://m.media-amazon.com/images/I/317wgA0GITL._SL500_.jpg" alt="Product Image"></a><p>Winsor & Newton Artist Vine Charcoal Sticks, Soft, Box of 12 Sticks</p><p>$10.56</p><a href="https://www.amazon.com/dp/B0021IK626?tag=eloabder-20&linkCode=osi&th=1&psc=1">View Product</a></div>
<div class="product"><a href="https://www.amazon.com/dp/B0CHF9KZSW?tag=eloabder-20&linkCode=osi&th=1&psc=1"><img src="https://m.media-amazon.com/images/I/61lm2iV1gGL._SL500_.jpg" alt="Product Image"></a><p>KALOUR Professional Charcoal Pencils Drawing Set -12 Pieces Soft, Medium and Hard Charcoal Pencils for Drawing, Sketching, Shading, Artist Pencils for Beginners & Artists</p><p>$5.99</p><a href="https://www.amazon.com/dp/B0CHF9KZSW?tag=eloabder-20&linkCode=osi&th=1&psc=1">View Product</a></div><div class="product"><a href="https://www.amazon.com/dp/B0D41JG73W?tag=eloabder-20&linkCode=osi&th=1&psc=1"><img src="https://m.media-amazon.com/images/I/41K5KaeEE0L._SL500_.jpg" alt="Product Image"></a><p>Aenir White Charcoal Pencils, Pack of 12 Charcoal Drawing Pencils, Charcoal Pencils for Artists, Art Supplies for Drawing and Highlighting, Charcoal Pencils for Drawing, Sketching, Shading & Coloring.</p><p>$7.99</p><a href="https://www.amazon.com/dp/B0D41JG73W?tag=eloabder-20&linkCode=osi&th=1&psc=1">View Product</a></div><div class="product"><a href="https://www.amazon.com/dp/B004BPNUMA?tag=eloabder-20&linkCode=osi&th=1&psc=1"><img src="https://m.media-amazon.com/images/I/41EWfMXntlL._SL500_.jpg" alt="Product Image"></a><p>Peel & Sketch Charcoal Pencils 3/Pkg-</p><p>$6.96</p><a href="https://www.amazon.com/dp/B004BPNUMA?tag=eloabder-20&linkCode=osi&th=1&psc=1">View Product</a></div><div class="product"><a href="https://www.amazon.com/dp/B0C5V1QWPJ?tag=eloabder-20&linkCode=osi&th=1&psc=1"><img src="https://m.media-amazon.com/images/I/51bZBOoKtoL._SL500_.jpg" alt="Product Image"></a><p>Brusarth Charcoal Drawing Set -12 pc Black charcoal pencils, White Charcoal Pencils, Eraser Pencils, Blending Stumps for Drawing, Sketching, Shading, Artist Pencils for Beginners & Artists</p><p>$7.99</p><a href="https://www.amazon.com/dp/B0C5V1QWPJ?tag=eloabder-20&linkCode=osi&th=1&psc=1">View Product</a></div>
<div class="product"><a href="https://www.amazon.com/dp/B001BYK7RA?tag=eloabder-20&linkCode=osi&th=1&psc=1"><img src="https://m.media-amazon.com/images/I/316EZYjc1XL._SL500_.jpg" alt="Product Image"></a><p>Winsor & Newton Artist Vine Charcoal Sticks, Soft, Box of 3 Sticks</p><p>$4.09 ($1.36 / Count)</p><a href="https://www.amazon.com/dp/B001BYK7RA?tag=eloabder-20&linkCode=osi&th=1&psc=1">View Product</a></div>
<div class="product"><a href="https://www.amazon.com/dp/B08LR2TBPG?tag=eloabder-20&linkCode=osi&th=1&psc=1"><img src="https://m.media-amazon.com/images/I/31VBhMwmhTL._SL500_.jpg" alt="Product Image"></a><p>Chipboard Sheets 8.5" x 11" - 100 Sheets of 22 Point Chip Board for Crafts - This Kraft Board is a Great Alternative to MDF Board and Cardboard Sheets</p><p>$19.97</p><a href="https://www.amazon.com/dp/B08LR2TBPG?tag=eloabder-20&linkCode=osi&th=1&psc=1">View Product</a></div><div class="product"><a href="https://www.amazon.com/dp/B079F1FYG3?tag=eloabder-20&linkCode=osi&th=1&psc=1"><img src="https://m.media-amazon.com/images/I/41-kpBNtjSL._SL500_.jpg" alt="Product Image"></a><p>100 Thick Kraft Chipboard (30pt) - 8 1/2" x 11" - Perfect for Scrapbooking, Crafts & Product Backing…</p><p>$19.95</p><a href="https://www.amazon.com/dp/B079F1FYG3?tag=eloabder-20&linkCode=osi&th=1&psc=1">View Product</a></div><div class="product"><a href="https://www.amazon.com/dp/B07BYPGP5H?tag=eloabder-20&linkCode=osi&th=1&psc=1"><img src="https://m.media-amazon.com/images/I/31rUtsWIN5L._SL500_.jpg" alt="Product Image"></a><p>100 Chipboard Sheets 8 x 10 inch - 22pt (point) Light Weight Brown Kraft Cardboard for Scrapbooking & Picture Frame Backing (.022 Caliper Thick) Paper Board | MagicWater Supply</p><p>$21.99</p><a href="https://www.amazon.com/dp/B07BYPGP5H?tag=eloabder-20&linkCode=osi&th=1&psc=1">View Product</a></div><div class="product"><a href="https://www.amazon.com/dp/B07BYP99DJ?tag=eloabder-20&linkCode=osi&th=1&psc=1"><img src="https://m.media-amazon.com/images/I/31EMxvnjGrL._SL500_.jpg" alt="Product Image"></a><p>25 Chipboard Sheets 11 x 17 inch - 50pt (point) Heavy Weight Brown Kraft Cardboard for Scrapbooking & Picture Frame Backing (.050 Caliper Thick) Paper Board | MagicWater Supply</p><p>$26.99</p><a href="https://www.amazon.com/dp/B07BYP99DJ?tag=eloabder-20&linkCode=osi&th=1&psc=1">View Product</a></div><div class="product"><a href="https://www.amazon.com/dp/B07BYFXJDL?tag=eloabder-20&linkCode=osi&th=1&psc=1"><img src="https://m.media-amazon.com/images/I/310RbtxO26L._SL500_.jpg" alt="Product Image"></a><p>100 Chipboard Sheets 5 x 7 inch - 22pt (point) Light Weight Brown Kraft Cardboard for Scrapbooking & Picture Frame Backing (.022 Caliper Thick) Paper Board | MagicWater Supply</p><p>$14.99</p><a href="https://www.amazon.com/dp/B07BYFXJDL?tag=eloabder-20&linkCode=osi&th=1&psc=1">View Product</a></div><div class="product"><a href="https://www.amazon.com/dp/B0B6GK2MFD?tag=eloabder-20&linkCode=osi&th=1&psc=1"><img src="https://m.media-amazon.com/images/I/31-IEV+iYgL._SL500_.jpg" alt="Product Image"></a><p>10 EcoSwift 8.5x11 Chipboard Cardboard Craft Scrapbook Material Scrapbooking Packaging Sheets Shipping Pads Inserts 8 1/2 inch x 11 inch Chip Board</p><p>$4.99</p><a href="https://www.amazon.com/dp/B0B6GK2MFD?tag=eloabder-20&linkCode=osi&th=1&psc=1">View Product</a></div><div class="product"><a href="https://www.amazon.com/dp/B07BYKB2ZL?tag=eloabder-20&linkCode=osi&th=1&psc=1"><img src="https://m.media-amazon.com/images/I/31WIwma4xfL._SL500_.jpg" alt="Product Image"></a><p>Chipboard Sheets 8.5 x 11 inch - 50pt (Point) Heavy Weight Brown Kraft Cardboard for Scrapbooking & Picture Frame Backing (.050 Caliper Thick) Paper Board | MagicWater Supply (Kraft 100 Pack)</p><p>$38.99</p><a href="https://www.amazon.com/dp/B07BYKB2ZL?tag=eloabder-20&linkCode=osi&th=1&psc=1">View Product</a></div><div class="product"><a href="https://www.amazon.com/dp/B00161W6L8?tag=eloabder-20&linkCode=osi&th=1&psc=1"><img src="https://m.media-amazon.com/images/I/41MflHlo3JL._SL500_.jpg" alt="Product Image"></a><p>GRAFIX Natural Medium Weight Chipboard Sheets 8.5"X11" 25/Pkg, 8.5"x11"x0.057", Count</p><p>$15.14 ($0.61 / Count)</p><a href="https://www.amazon.com/dp/B00161W6L8?tag=eloabder-20&linkCode=osi&th=1&psc=1">View Product</a></div><div class="product"><a href="https://www.amazon.com/dp/B0013JRFUA?tag=eloabder-20&linkCode=osi&th=1&psc=1"><img src="https://m.media-amazon.com/images/I/41JzQAJkDoL._SL500_.jpg" alt="Product Image"></a><p>Grafix Medium Weight Acid-Free 0.057” Chipboard Sheets, Create Three-Dimensional Embellishments for Cards, Papercrafts, Mixed Media, Home Décor, and More, 12 x 12, Natural, 25 Count</p><p>$14.51 ($0.58 / Count)</p><a href="https://www.amazon.com/dp/B0013JRFUA?tag=eloabder-20&linkCode=osi&th=1&psc=1">View Product</a></div>








<div class="product"><a href="https://www.amazon.com/dp/B0C2YPJDFL?tag=eloabder-20&linkCode=osi&th=1&psc=1"><img src="https://m.media-amazon.com/images/I/51WB6B3vguL._SL500_.jpg" alt="Product Image"></a><p>Yagol Colored Pencils for Adult Coloring Books, 72 Colored Professional Drawing Pencils, Coloring Pencils for Adults Beginners kids & Pro.</p><p>$9.99</p><a href="https://www.amazon.com/dp/B0C2YPJDFL?tag=eloabder-20&linkCode=osi&th=1&psc=1">View Product</a></div><div class="product"><a href="https://www.amazon.com/dp/B01N09ZDEI?tag=eloabder-20&linkCode=osi&th=1&psc=1"><img src="https://m.media-amazon.com/images/I/51awfumPEiL._SL500_.jpg" alt="Product Image"></a><p>Soucolor 72-Color Colored Pencils for Adult Coloring Books, Back to School Supplies, Soft Core Artist Sketching Drawing Pencils Drawing Supplies, Art Supplies Kit for Adults Kids, Coloring Pencils Set</p><p>$9.99</p><a href="https://www.amazon.com/dp/B01N09ZDEI?tag=eloabder-20&linkCode=osi&th=1&psc=1">View Product</a></div><div class="product"><a href="https://www.amazon.com/dp/B0B772BZ4G?tag=eloabder-20&linkCode=osi&th=1&psc=1"><img src="https://m.media-amazon.com/images/I/41VSyVENyTL._SL500_.jpg" alt="Product Image"></a><p>FUNLAVIE Colored Pencils 48 Coloring Pencils Premium Professional Art Drawing Pencil for Adults Coloring Book</p><p>$9.99</p><a href="https://www.amazon.com/dp/B0B772BZ4G?tag=eloabder-20&linkCode=osi&th=1&psc=1">View Product</a></div><div class="product"><a href="https://www.amazon.com/dp/B0B8MFGW36?tag=eloabder-20&linkCode=osi&th=1&psc=1"><img src="https://m.media-amazon.com/images/I/51umBJsfZDL._SL500_.jpg" alt="Product Image"></a><p>KALOUR Premium Colored Pencils,Set of 120 Colors,Artists Soft Core with Vibrant Color,Ideal for Drawing Sketching Shading,Coloring Pencils for Adults Beginners kids</p><p>$24.99</p><a href="https://www.amazon.com/dp/B0B8MFGW36?tag=eloabder-20&linkCode=osi&th=1&psc=1">View Product</a></div><div class="product"><a href="https://www.amazon.com/dp/B0D5GSMGMG?tag=eloabder-20&linkCode=osi&th=1&psc=1"><img src="https://m.media-amazon.com/images/I/41aprDliB4L._SL500_.jpg" alt="Product Image"></a><p>Colored Pencils for Adult Coloring Books, Set of 72 Color Pencils, Oil-Based Core Drawing Pencils, 3.8mm Soft Leads with Adult Coloring Pencils, Professional Art Supplies for Adults, Beginner and Kids</p><p>$9.99</p><a href="https://www.amazon.com/dp/B0D5GSMGMG?tag=eloabder-20&linkCode=osi&th=1&psc=1">View Product</a></div><div class="product"><a href="https://www.amazon.com/dp/B0CZBPK6L5?tag=eloabder-20&linkCode=osi&th=1&psc=1"><img src="https://m.media-amazon.com/images/I/31Q1khczz5L._SL500_.jpg" alt="Product Image"></a><p>Colored Pencils for Adult Coloring Books, 72 Colors Drawing Pencils with Oil-Based Cores, Professional Art Supplies for Artists, Coloring Pencils for Adults, Color Pencils Set for Beginners and Teens.</p><p>$9.49</p><a href="https://www.amazon.com/dp/B0CZBPK6L5?tag=eloabder-20&linkCode=osi&th=1&psc=1">View Product</a></div>
<div class="product"><a href="https://www.amazon.com/dp/B0BTJRPJHJ?tag=eloabder-20&linkCode=osi&th=1&psc=1"><img src="https://m.media-amazon.com/images/I/61eh6iSlGRL._SL500_.jpg" alt="Product Image"></a><p>READY 2 LEARN Colored Sand - Turquoise - 2.2 lbs - Play Sand for Kids - Perfect for Arts and Crafts, Sensory Bins, Wedding Decorations and Vase Filler</p><p>$9.32</p><a href="https://www.amazon.com/dp/B0BTJRPJHJ?tag=eloabder-20&linkCode=osi&th=1&psc=1">View Product</a></div><div class="product"><a href="https://www.amazon.com/dp/B0BTJWH6L3?tag=eloabder-20&linkCode=osi&th=1&psc=1"><img src="https://m.media-amazon.com/images/I/61OHaobOoGL._SL500_.jpg" alt="Product Image"></a><p>READY 2 LEARN Colored Sand - Light Blue - 2.2 lbs - Play Sand for Kids - Perfect for Wedding Unity Ceremonies, Crafts, Sensory Bins and Vase Filler</p><p>$9.99</p><a href="https://www.amazon.com/dp/B0BTJWH6L3?tag=eloabder-20&linkCode=osi&th=1&psc=1">View Product</a></div><div class="product"><a href="https://www.amazon.com/dp/B00DZS4AA0?tag=eloabder-20&linkCode=osi&th=1&psc=1"><img src="https://m.media-amazon.com/images/I/41htpdoeWSL._SL500_.jpg" alt="Product Image"></a><p>Activa Pink Decorative Colored Sand in Resealable Bag, 5lb (2.27kg) | Fine Grain & Fade-Proof Sand For Arts & Crafts</p><p>$8.99</p><a href="https://www.amazon.com/dp/B00DZS4AA0?tag=eloabder-20&linkCode=osi&th=1&psc=1">View Product</a></div><div class="product"><a href="https://www.amazon.com/dp/B00GNED6YE?tag=eloabder-20&linkCode=osi&th=1&psc=1"><img src="https://m.media-amazon.com/images/I/41T-AKVqV5L._SL500_.jpg" alt="Product Image"></a><p>Sandsational Sparkle Champagne Unity Sand - 1.5 LB (22oz), Beige Colored Sand for Weddings, Vase Filler, Home Décor, Craft Sand, Aquarium Sand, and More</p><p>$15.99</p><a href="https://www.amazon.com/dp/B00GNED6YE?tag=eloabder-20&linkCode=osi&th=1&psc=1">View Product</a></div><div class="product"><a href="https://www.amazon.com/dp/B007VC4F6A?tag=eloabder-20&linkCode=osi&th=1&psc=1"><img src="https://m.media-amazon.com/images/I/51EtMIBeueL._SL500_.jpg" alt="Product Image"></a><p>Sandsational Sparkle Tropic Blue Unity Sand, 1 LB (16 oz), Colored Sand for Weddings, Vase Filler, Home Décor, Craft Sand, Aquarium Sand, and More</p><p>$9.99</p><a href="https://www.amazon.com/dp/B007VC4F6A?tag=eloabder-20&linkCode=osi&th=1&psc=1">View Product</a></div><div class="product"><a href="https://www.amazon.com/dp/B007VC497K?tag=eloabder-20&linkCode=osi&th=1&psc=1"><img src="https://m.media-amazon.com/images/I/51oZOs1VRDL._SL500_.jpg" alt="Product Image"></a><p>Sandsational Sparkle Burnt Orange Unity Sand, 1 LB (16 oz), Colored Sand for Weddings, Vase Filler, Home Décor, Craft Sand, Aquarium Sand, and More</p><p>$9.99</p><a href="https://www.amazon.com/dp/B007VC497K?tag=eloabder-20&linkCode=osi&th=1&psc=1">View Product</a></div><div class="product"><a href="https://www.amazon.com/dp/B004BN9WWY?tag=eloabder-20&linkCode=osi&th=1&psc=1"><img src="https://m.media-amazon.com/images/I/41Hehnr6HkL._SL500_.jpg" alt="Product Image"></a><p>Activa Turquoise Decorative Colored Sand in Resealable Bag, 5lb (2.27kg) | Fine Grain & Fade-Proof Sand For Arts & Crafts</p><p>$17.99 ($0.22 / Ounce)</p><a href="https://www.amazon.com/dp/B004BN9WWY?tag=eloabder-20&linkCode=osi&th=1&psc=1">View Product</a></div><div class="product"><a href="https://www.amazon.com/dp/B007VC4CMM?tag=eloabder-20&linkCode=osi&th=1&psc=1"><img src="https://m.media-amazon.com/images/I/51MDELk9-bL._SL500_.jpg" alt="Product Image"></a><p>Sandsational Sparkle Hazelnut Unity Sand, 1 LB (16 oz), Colored Sand for Weddings, Vase Filler, Home Décor, Craft Sand, Aquarium Sand, and More</p><p>$9.99</p><a href="https://www.amazon.com/dp/B007VC4CMM?tag=eloabder-20&linkCode=osi&th=1&psc=1">View Product</a></div>

<div class="product"><a href="https://www.amazon.com/dp/B0868M9MFP?tag=eloabder-20&linkCode=osi&th=1&psc=1"><img src="https://m.media-amazon.com/images/I/41MathwPKuL._SL500_.jpg" alt="Product Image"></a><p>SIMETUFY 360 Sheets 36 Multicolor Tissue Paper Bulk Gift Wrapping Tissue Paper Decorative Art Rainbow Tissue Paper 11.5in x 8in for Art Craft Floral Birthday Party Festival Tissue Paper Pom Pom</p><p>$6.98 ($0.02 / Count)</p><a href="https://www.amazon.com/dp/B0868M9MFP?tag=eloabder-20&linkCode=osi&th=1&psc=1">View Product</a></div><div class="product"><a href="https://www.amazon.com/dp/B0CZNYNJL3?tag=eloabder-20&linkCode=osi&th=1&psc=1"><img src="https://m.media-amazon.com/images/I/41ZspqqmKpL._SL500_.jpg" alt="Product Image"></a><p>160 Sheets Colored Tissue Paper, Tissue Paper Bulk 14 X 20 Inches Tissue Paper for Gift Bags Wrapping DIY Crafts Wedding Birthday</p><p>$7.99 ($0.03 / Sq Ft)</p><a href="https://www.amazon.com/dp/B0CZNYNJL3?tag=eloabder-20&linkCode=osi&th=1&psc=1">View Product</a></div><div class="product"><a href="https://www.amazon.com/dp/B07QY9FQN2?tag=eloabder-20&linkCode=osi&th=1&psc=1"><img src="https://m.media-amazon.com/images/I/51DR9nknn7L._SL500_.jpg" alt="Product Image"></a><p>120 Sheets Colored Tissue Paper Bulk Wrapping Craft Paper 20 x 26" for Art Gift Tissue Decoration (24 Colors)</p><p>$15.59 ($0.13 / Count)</p><a href="https://www.amazon.com/dp/B07QY9FQN2?tag=eloabder-20&linkCode=osi&th=1&psc=1">View Product</a></div><div class="product"><a href="https://www.amazon.com/dp/B0CWR5FKGQ?tag=eloabder-20&linkCode=osi&th=1&psc=1"><img src="https://m.media-amazon.com/images/I/31iRzSH4cbL._SL500_.jpg" alt="Product Image"></a><p>Hlonon 100 Sheets Colored Tissue Paper 12×20 Inch Tissue Paper Bulk Gift Wrapping for Gift Bags DIY Crafts Birthday Wedding Holidays Decor 10 Colors</p><p>$4.59</p><a href="https://www.amazon.com/dp/B0CWR5FKGQ?tag=eloabder-20&linkCode=osi&th=1&psc=1">View Product</a></div><div class="product"><a href="https://www.amazon.com/dp/B09RXR9SXB?tag=eloabder-20&linkCode=osi&th=1&psc=1"><img src="https://m.media-amazon.com/images/I/51xWE-5f2lL._SL500_.jpg" alt="Product Image"></a><p>120 Sheets Colored Tissue Paper for Gift Bags - 25 Assorted Colors Tissue Paper for Packaging Bulk Colored Tissue Paper for Gift Wrapping -Tissue Paper Bulk for Crafts Large 20 X 26 Sheets</p><p>$13.99 ($0.12 / Count)</p><a href="https://www.amazon.com/dp/B09RXR9SXB?tag=eloabder-20&linkCode=osi&th=1&psc=1">View Product</a></div><div class="product"><a href="https://www.amazon.com/dp/B0BWPNFLXM?tag=eloabder-20&linkCode=osi&th=1&psc=1"><img src="https://m.media-amazon.com/images/I/51KYkgeBLCL._SL500_.jpg" alt="Product Image"></a><p>Colored Tissue Paper for Gift Bags, Colored Tissue Paper for Crafts, Gift Wrapping Tissue Paper Bulk - 375 Sheets in 36 Assorted Colors (12 in x 8.4 in)</p><p>$12.99 ($0.03 / Count)</p><a href="https://www.amazon.com/dp/B0BWPNFLXM?tag=eloabder-20&linkCode=osi&th=1&psc=1">View Product</a></div><div class="product"><a href="https://www.amazon.com/dp/B0D1JYM64F?tag=eloabder-20&linkCode=osi&th=1&psc=1"><img src="https://m.media-amazon.com/images/I/41wvUKH9PbL._SL500_.jpg" alt="Product Image"></a><p>Phinus 6300 Pcs 1 Inch Tissue Paper Squares, Tissue Paper for Crafts, 42 Assorted Colored Tissue Paper, Colors Art Rainbow Tissue Paper Bulk for Crafts, Art Projects, Birthday Party</p><p>$5.99</p><a href="https://www.amazon.com/dp/B0D1JYM64F?tag=eloabder-20&linkCode=osi&th=1&psc=1">View Product</a></div>
<div class="product"><a href="https://www.amazon.com/dp/B085DP36VF?tag=eloabder-20&linkCode=osi&th=1&psc=1"><img src="https://m.media-amazon.com/images/I/516vaNkg0iL._SL500_.jpg" alt="Product Image"></a><p>Soucolor Art Brush Markers Pens for Adult Coloring Books, 34 Colors Numbered Dual Tip (Brush and Fine Point) Marker Pen for Kids Note taking Planner Lettering Calligraphy Drawing Preppy School Stuff</p><p>$9.99</p><a href="https://www.amazon.com/dp/B085DP36VF?tag=eloabder-20&linkCode=osi&th=1&psc=1">View Product</a></div><div class="product"><a href="https://www.amazon.com/dp/B075WQPKNK?tag=eloabder-20&linkCode=osi&th=1&psc=1"><img src="https://m.media-amazon.com/images/I/51EOXvmdwnL._SL500_.jpg" alt="Product Image"></a><p>Dual Brush Marker Pens for Coloring Books, Tanmit Fine Tip Coloring Marker & Brush Pen Set for Journaling Note Taking Writing Planning Art Project</p><p>$7.97</p><a href="https://www.amazon.com/dp/B075WQPKNK?tag=eloabder-20&linkCode=osi&th=1&psc=1">View Product</a></div>
<div class="product"><a href="https://www.amazon.com/dp/B0BWH7CWFW?tag=eloabder-20&linkCode=osi&th=1&psc=1"><img src="https://m.media-amazon.com/images/I/51jUg2AkDyL._SL500_.jpg" alt="Product Image"></a><p>AnyMark 60 Colors Alcohol Markers, Markers Set, Dual Tip Alcohol Based Art Markers for Kids Adults Coloring Drawing, Chisel & Fine</p><p>$19.99 ($0.33 / Count)</p><a href="https://www.amazon.com/dp/B0BWH7CWFW?tag=eloabder-20&linkCode=osi&th=1&psc=1">View Product</a></div><div class="product"><a href="https://www.amazon.com/dp/B07CJ8QXF8?tag=eloabder-20&linkCode=osi&th=1&psc=1"><img src="https://m.media-amazon.com/images/I/51bChi4-H4L._SL500_.jpg" alt="Product Image"></a><p>Dual Markers Brush Pens, 36 Fine Point Art Marker, Double Tip Colored Pen for Adult Coloring Hand Lettering, School Classroom Art Suppliers</p><p>$9.99</p><a href="https://www.amazon.com/dp/B07CJ8QXF8?tag=eloabder-20&linkCode=osi&th=1&psc=1">View Product</a></div><div class="product"><a href="https://www.amazon.com/dp/B0CMLFSJ32?tag=eloabder-20&linkCode=osi&th=1&psc=1"><img src="https://m.media-amazon.com/images/I/51tOlopoSsL._SL500_.jpg" alt="Product Image"></a><p>TOSHARE Double Brush Marker Pens, 72 Colors Art Markers Set with Fine Tip and Brush Tip for Kids Adult Coloring Book Hand Lettering Calligraphy Drawing Art Supplies Kit</p><p>$29.99</p><a href="https://www.amazon.com/dp/B0CMLFSJ32?tag=eloabder-20&linkCode=osi&th=1&psc=1">View Product</a></div><div class="product"><a href="https://www.amazon.com/dp/B0BYD5M7LQ?tag=eloabder-20&linkCode=osi&th=1&psc=1"><img src="https://m.media-amazon.com/images/I/51sfVuA2MJL._SL500_.jpg" alt="Product Image"></a><p>AnyMark 48 Colors Alcohol Markers, Markers Set, Dual Tip Alcohol Based Art Markers for Kids Adults Coloring Drawing, Chisel & Fine</p><p>$12.99 ($0.27 / Count)</p><a href="https://www.amazon.com/dp/B0BYD5M7LQ?tag=eloabder-20&linkCode=osi&th=1&psc=1">View Product</a></div><div class="product"><a href="https://www.amazon.com/dp/B078N2RFJ9?tag=eloabder-20&linkCode=osi&th=1&psc=1"><img src="https://m.media-amazon.com/images/I/415IZ1EQzEL._SL500_.jpg" alt="Product Image"></a><p>MemOffice 80 Colors Dual Tip Artist Alcohol Markers Set with Carrying Case - Perfect for Coloring, Drawing, Sketching, Card Making and Illustration - Perfect for Adults and Kids</p><p>$22.99</p><a href="https://www.amazon.com/dp/B078N2RFJ9?tag=eloabder-20&linkCode=osi&th=1&psc=1">View Product</a></div><div class="product"><a href="https://www.amazon.com/dp/B0891WKPN3?tag=eloabder-20&linkCode=osi&th=1&psc=1"><img src="https://m.media-amazon.com/images/I/51qPnBJt4QL._SL500_.jpg" alt="Product Image"></a><p>Caliart 34 Double Tip Brush Pens Art Markers, Aesthetic Cute Preppy Stuff School Supplies, Artist Fine & Brush Pen Coloring Markers for Kids Adult Book Cards Drawing Craft Kit Teacher Office Supplies</p><p>$9.99</p><a href="https://www.amazon.com/dp/B0891WKPN3?tag=eloabder-20&linkCode=osi&th=1&psc=1">View Product</a></div><div class="product"><a href="https://www.amazon.com/dp/B08GX1FXG5?tag=eloabder-20&linkCode=osi&th=1&psc=1"><img src="https://m.media-amazon.com/images/I/61VK97q6UUL._SL500_.jpg" alt="Product Image"></a><p>Mogyann Markers for Adult 100 Colors Dual Tip Pens with Fine and Brush Tip for Coloring and Calligraphy Drawing</p><p>$26.99</p><a href="https://www.amazon.com/dp/B08GX1FXG5?tag=eloabder-20&linkCode=osi&th=1&psc=1">View Product</a></div>
<div class="product"><a href="https://www.amazon.com/dp/B002LARR8A?tag=eloabder-20&linkCode=osi&th=1&psc=1"><img src="https://m.media-amazon.com/images/I/41G5vXNB91L._SL500_.jpg" alt="Product Image"></a><p>Prang (Formerly SunWorks) Construction Paper, 10 Assorted Colors, 12" x 18", 100 Sheets</p><p>$13.09</p><a href="https://www.amazon.com/dp/B002LARR8A?tag=eloabder-20&linkCode=osi&th=1&psc=1">View Product</a></div><div class="product"><a href="https://www.amazon.com/dp/B001AZ9S6G?tag=eloabder-20&linkCode=osi&th=1&psc=1"><img src="https://m.media-amazon.com/images/I/41kI6AxAEvL._SL500_.jpg" alt="Product Image"></a><p>Prang (Formerly SunWorks) Construction Paper, White, 12" x 18", 50 Sheets</p><p>$6.86</p><a href="https://www.amazon.com/dp/B001AZ9S6G?tag=eloabder-20&linkCode=osi&th=1&psc=1">View Product</a></div>

<div class="product"><a href="https://www.amazon.com/dp/B003JJIEKC?tag=eloabder-20&linkCode=osi&th=1&psc=1"><img src="https://m.media-amazon.com/images/I/51CnC6280iL._SL500_.jpg" alt="Product Image"></a><p>2 Rolls/Pack 7/32 Copper Foil (Copper Backed)</p><p>$24.21</p><a href="https://www.amazon.com/dp/B003JJIEKC?tag=eloabder-20&linkCode=osi&th=1&psc=1">View Product</a></div><div class="product"><a href="https://www.amazon.com/dp/B0CXXD14QS?tag=eloabder-20&linkCode=osi&th=1&psc=1"><img src="https://m.media-amazon.com/images/I/31MLEFbqdaL._SL500_.jpg" alt="Product Image"></a><p>YEZHET 7/32 Inch Black Backed Copper foil for Stained Glass (2Roll)</p><p>$16.99</p><a href="https://www.amazon.com/dp/B0CXXD14QS?tag=eloabder-20&linkCode=osi&th=1&psc=1">View Product</a></div><div class="product"><a href="https://www.amazon.com/dp/B00359QVPG?tag=eloabder-20&linkCode=osi&th=1&psc=1"><img src="https://m.media-amazon.com/images/I/41hRCFiP1dL._SL500_.jpg" alt="Product Image"></a><p>Edco 3/16 Black Backed Copper Foil</p><p>$14.75</p><a href="https://www.amazon.com/dp/B00359QVPG?tag=eloabder-20&linkCode=osi&th=1&psc=1">View Product</a></div><div class="product"><a href="https://www.amazon.com/dp/B004BNDZSG?tag=eloabder-20&linkCode=osi&th=1&psc=1"><img src="https://m.media-amazon.com/images/I/519NZ7L73gL._SL500_.jpg" alt="Product Image"></a><p>Studio Pro 1/4-Inch Black Lined Copper Foil</p><p>$10.90</p><a href="https://www.amazon.com/dp/B004BNDZSG?tag=eloabder-20&linkCode=osi&th=1&psc=1">View Product</a></div><div class="product"><a href="https://www.amazon.com/dp/B0C3Z37LZK?tag=eloabder-20&linkCode=osi&th=1&psc=1"><img src="https://m.media-amazon.com/images/I/41bhh73eatL._SL500_.jpg" alt="Product Image"></a><p>YEZHET Copper Foil Tape 2 Pack (7/32Inch) with Double-Sided Conductive, for Stained Glass, Electrical Repairs, DIY Handicrafts, Paper Circuits, Crafting</p><p>$7.99 ($0.53 / Foot)</p><a href="https://www.amazon.com/dp/B0C3Z37LZK?tag=eloabder-20&linkCode=osi&th=1&psc=1">View Product</a></div><div class="product"><a href="https://www.amazon.com/dp/B00WVKO1LG?tag=eloabder-20&linkCode=osi&th=1&psc=1"><img src="https://m.media-amazon.com/images/I/31J15yH0QGL._SL500_.jpg" alt="Product Image"></a><p>K&S 6020 Metallic Copper Crafting Foil, 0.005" Thick x 12" Width x 30" Long, 1 Piece, Made in The USA</p><p>$14.89</p><a href="https://www.amazon.com/dp/B00WVKO1LG?tag=eloabder-20&linkCode=osi&th=1&psc=1">View Product</a></div>
<div class="product"><a href="https://www.amazon.com/dp/B08YJBQ7WZ?tag=eloabder-20&linkCode=osi&th=1&psc=1"><img src="https://m.media-amazon.com/images/I/51MPyR+wDWL._SL500_.jpg" alt="Product Image"></a><p>45 Color Options Macrame Cord 2mm/3mm/4mm/5mm/6mmx109 Yards Cotton Cord, 4 Ply Twisted Yarn, Natural Perfect Supplies DIY Crafts (Natural White)</p><p>$4.98 ($0.02 / Foot)</p><a href="https://www.amazon.com/dp/B08YJBQ7WZ?tag=eloabder-20&linkCode=osi&th=1&psc=1">View Product</a></div><div class="product"><a href="https://www.amazon.com/dp/B07ZGD2G6B?tag=eloabder-20&linkCode=osi&th=1&psc=1"><img src="https://m.media-amazon.com/images/I/51pexzF494L._SL500_.jpg" alt="Product Image"></a><p>Tenn Well Leather String, 100 Yards 2.6mm Flat Suede Cord, Faux Leather Cord for Jewelry Making, Necklaces, Bracelets, Dream Catchers and DIY Crafts (Brown)</p><p>$9.99 ($0.03 / Foot)</p><a href="https://www.amazon.com/dp/B07ZGD2G6B?tag=eloabder-20&linkCode=osi&th=1&psc=1">View Product</a></div><div class="product"><a href="https://www.amazon.com/dp/B0CQF1LC2R?tag=eloabder-20&linkCode=osi&th=1&psc=1"><img src="https://m.media-amazon.com/images/I/51O0PgsjtpL._SL500_.jpg" alt="Product Image"></a><p>Anezus Rainbow Color Nylon Cord, Nylon Craft String, Silky Satin Rattail Cord Beading String for Braided Bracelets, Pendants Necklace, Macrame Keychains, Lanyards, Drawstring Bags, DIY Crafts, Sewing</p><p>$6.99 ($0.02 / Foot)</p><a href="https://www.amazon.com/dp/B0CQF1LC2R?tag=eloabder-20&linkCode=osi&th=1&psc=1">View Product</a></div><div class="product"><a href="https://www.amazon.com/dp/B0B7J9BZSN?tag=eloabder-20&linkCode=osi&th=1&psc=1"><img src="https://m.media-amazon.com/images/I/41Orf+Dg9FL._SL500_.jpg" alt="Product Image"></a><p>2 mm 330 Feet Satin Nylon Cord String for Jewelry Making Bracelet Necklaces Beading Thread Rattail Macrame Kumihimo Chinese Knot Craft</p><p>$7.99 ($0.02 / Foot)</p><a href="https://www.amazon.com/dp/B0B7J9BZSN?tag=eloabder-20&linkCode=osi&th=1&psc=1">View Product</a></div><div class="product"><a href="https://www.amazon.com/dp/B08PZ2VDPM?tag=eloabder-20&linkCode=osi&th=1&psc=1"><img src="https://m.media-amazon.com/images/I/51DQgq3cfXL._SL500_.jpg" alt="Product Image"></a><p>Tenn Well Nylon Satin Cord, 295 Feet 2mm Black Nylon String for Jewelry Making, Silky Rattail Cord for Bracelets, Necklaces, Macrame Keychains, Lanyards, Beading</p><p>$7.99 ($0.03 / Foot)</p><a href="https://www.amazon.com/dp/B08PZ2VDPM?tag=eloabder-20&linkCode=osi&th=1&psc=1">View Product</a></div><div class="product"><a href="https://www.amazon.com/dp/B07TW9PGGB?tag=eloabder-20&linkCode=osi&th=1&psc=1"><img src="https://m.media-amazon.com/images/I/41C73YuzTWL._SL500_.jpg" alt="Product Image"></a><p>Macrame Cord,3mm x109 Yards 100% Natural Macrame Cords Colored Cotton Macrame Rope Craft Cord for DIY Crafts Knitting Plant Hangers Christmas Wedding Decor(Natural Color/Beige)</p><p>$4.98 ($0.02 / Foot)</p><a href="https://www.amazon.com/dp/B07TW9PGGB?tag=eloabder-20&linkCode=osi&th=1&psc=1">View Product</a></div><div class="product"><a href="https://www.amazon.com/dp/B0CS27R34B?tag=eloabder-20&linkCode=osi&th=1&psc=1"><img src="https://m.media-amazon.com/images/I/31hxjVrOTnL._SL500_.jpg" alt="Product Image"></a><p>2 mm x 330 Feet Satin Nylon Cord, Silky Smooth Nylon String for Jewelry Making Bracelet Necklaces Beading Thread Rattail Macrame Kumihimo Chinese Knot Craft</p><p>$7.99 ($0.02 / Foot)</p><a href="https://www.amazon.com/dp/B0CS27R34B?tag=eloabder-20&linkCode=osi&th=1&psc=1">View Product</a></div><div class="product"><a href="https://www.amazon.com/dp/B07GX8B3PC?tag=eloabder-20&linkCode=osi&th=1&psc=1"><img src="https://m.media-amazon.com/images/I/416oClGC4ZL._SL500_.jpg" alt="Product Image"></a><p>Tenn Well 5mm Macrame Cord, 165Feet Braided Cotton Rope Thick Craft Twine for Macrame Plant Hangers, Wall Hangings, Drawstrings, Clothes Lines, DIY Crafts (Beige)</p><p>$8.99 ($0.05 / Foot)</p><a href="https://www.amazon.com/dp/B07GX8B3PC?tag=eloabder-20&linkCode=osi&th=1&psc=1">View Product</a></div>
<div class="product"><a href="https://www.amazon.com/dp/B08LV18F93?tag=eloabder-20&linkCode=osi&th=1&psc=1"><img src="https://m.media-amazon.com/images/I/51XMGht9fSL._SL500_.jpg" alt="Product Image"></a><p>uxcell 20pcs Corrugated Cardboard Paper Sheets,Colorful,7.87-inch x 11.82-inch,for Craft and DIY Projects</p><p>$12.49 ($0.62 / Count)</p><a href="https://www.amazon.com/dp/B08LV18F93?tag=eloabder-20&linkCode=osi&th=1&psc=1">View Product</a></div><div class="product"><a href="https://www.amazon.com/dp/B009MRH3R0?tag=eloabder-20&linkCode=osi&th=1&psc=1"><img src="https://m.media-amazon.com/images/I/51KvHbQ47aL._SL500_.jpg" alt="Product Image"></a><p>Hygloss Corrugated Cardboard Sheets, 8-Pack, 8 Pieces</p><p>$10.13 ($1.27 / Count)</p><a href="https://www.amazon.com/dp/B009MRH3R0?tag=eloabder-20&linkCode=osi&th=1&psc=1">View Product</a></div><div class="product"><a href="https://www.amazon.com/dp/B08LV1DHM7?tag=eloabder-20&linkCode=osi&th=1&psc=1"><img src="https://m.media-amazon.com/images/I/41CqXQkVMyL._SL500_.jpg" alt="Product Image"></a><p>uxcell 10pcs Corrugated Cardboard Paper Sheets,Black,7.87-inch x 11.84-inch,for Craft and DIY Projects</p><p>$8.09 ($0.81 / Count)</p><a href="https://www.amazon.com/dp/B08LV1DHM7?tag=eloabder-20&linkCode=osi&th=1&psc=1">View Product</a></div><div class="product"><a href="https://www.amazon.com/dp/B07RNHX8GZ?tag=eloabder-20&linkCode=osi&th=1&psc=1"><img src="https://m.media-amazon.com/images/I/51LdlT0J20L._SL500_.jpg" alt="Product Image"></a><p>Bright Creations Corrugated Cardboard Paper Sheets (8.5 x 11 in, Black, 48-Pack)</p><p>$16.99 ($0.35 / Count)</p><a href="https://www.amazon.com/dp/B07RNHX8GZ?tag=eloabder-20&linkCode=osi&th=1&psc=1">View Product</a></div><div class="product"><a href="https://www.amazon.com/dp/B07GZHK7KC?tag=eloabder-20&linkCode=osi&th=1&psc=1"><img src="https://m.media-amazon.com/images/I/51LbINh9qtL._SL500_.jpg" alt="Product Image"></a><p>64 Pack Colored Corrugated Cardboard Sheets for Crafts, Art Projects, DIY Signs, 8 Bright Colors (8.3 x 11.8 in)</p><p>$19.99 ($0.31 / Count)</p><a href="https://www.amazon.com/dp/B07GZHK7KC?tag=eloabder-20&linkCode=osi&th=1&psc=1">View Product</a></div><div class="product"><a href="https://www.amazon.com/dp/B08LV1FW8M?tag=eloabder-20&linkCode=osi&th=1&psc=1"><img src="https://m.media-amazon.com/images/I/41glvw8zT3L._SL500_.jpg" alt="Product Image"></a><p>uxcell 10pcs Corrugated Cardboard Paper Sheets,White,7.87-inch x 11.86-inch,for Craft and DIY Projects</p><p>$9.49 ($0.95 / Count)</p><a href="https://www.amazon.com/dp/B08LV1FW8M?tag=eloabder-20&linkCode=osi&th=1&psc=1">View Product</a></div><div class="product"><a href="https://www.amazon.com/dp/B071KP3K72?tag=eloabder-20&linkCode=osi&th=1&psc=1"><img src="https://m.media-amazon.com/images/I/41Dr9t+PB8L._SL500_.jpg" alt="Product Image"></a><p>Corobuff Corrugated Paper, Brite Blue, 48" x 25', 1 Roll</p><p>$38.52</p><a href="https://www.amazon.com/dp/B071KP3K72?tag=eloabder-20&linkCode=osi&th=1&psc=1">View Product</a></div><div class="product"><a href="https://www.amazon.com/dp/B09TB1LKLG?tag=eloabder-20&linkCode=osi&th=1&psc=1"><img src="https://m.media-amazon.com/images/I/31ttSeubU9L._SL500_.jpg" alt="Product Image"></a><p>MECCANIXITY Corrugated Paper Sheets 25pcs 11.8-inch x 7.87-inch White Cardboard for DIY Craft</p><p>$13.99</p><a href="https://www.amazon.com/dp/B09TB1LKLG?tag=eloabder-20&linkCode=osi&th=1&psc=1">View Product</a></div><div class="product"><a href="https://www.amazon.com/dp/B0C372CGHG?tag=eloabder-20&linkCode=osi&th=1&psc=1"><img src="https://m.media-amazon.com/images/I/41EDnL7EWDL._SL500_.jpg" alt="Product Image"></a><p>DMiotech 5 Pack 7.87x11.81 Inch Corrugated Cardboard Paper Sheets DIY Projects Black for Box Making, Cards, Scrapbooks</p><p>$6.99 ($1.40 / Count)</p><a href="https://www.amazon.com/dp/B0C372CGHG?tag=eloabder-20&linkCode=osi&th=1&psc=1">View Product</a></div>
<div class="product"><a href="https://www.amazon.com/dp/B08PBJSDSH?tag=eloabder-20&linkCode=osi&th=1&psc=1"><img src="https://m.media-amazon.com/images/I/41pj8xbkfyL._SL500_.jpg" alt="Product Image"></a><p>100 Pieces Cotton Spun Paper Balls White Natural Spun Cotton Paper Balls Coloring Paper Balls for Making Paper Flowers DIY Crafts Decorations</p><p>$9.49</p><a href="https://www.amazon.com/dp/B08PBJSDSH?tag=eloabder-20&linkCode=osi&th=1&psc=1">View Product</a></div><div class="product"><a href="https://www.amazon.com/dp/B083W75XRT?tag=eloabder-20&linkCode=osi&th=1&psc=1"><img src="https://m.media-amazon.com/images/I/41C8TlFRJvL._SL500_.jpg" alt="Product Image"></a><p>Lia Griffith Cotton Spun Paper Balls, White, 20mm, 24 Count</p><p>$11.30 ($0.47 / Count)</p><a href="https://www.amazon.com/dp/B083W75XRT?tag=eloabder-20&linkCode=osi&th=1&psc=1">View Product</a></div>
<div class="product"><a href="https://www.amazon.com/dp/B0B1J8TYT1?tag=eloabder-20&linkCode=osi&th=1&psc=1"><img src="https://m.media-amazon.com/images/I/41NdyrANVlL._SL500_.jpg" alt="Product Image"></a><p>HOTGODEN Medium Weight 100% Cotton Muslin Fabric: 63 inch x 2,5,10 Yards Unbleached Muslin Linen Fabric Material for Sewing Material Apparel Cloth</p><p>$12.99</p><a href="https://www.amazon.com/dp/B0B1J8TYT1?tag=eloabder-20&linkCode=osi&th=1&psc=1">View Product</a></div><div class="product"><a href="https://www.amazon.com/dp/B0B9HHD1QM?tag=eloabder-20&linkCode=osi&th=1&psc=1"><img src="https://m.media-amazon.com/images/I/313O1FHX2vL._SL500_.jpg" alt="Product Image"></a><p>Craftido-19 Options-100% Cotton Fabric by The yard in Solid Color 44”Wide by 3yd (9 ft) -Medium Weight 5.2 oz- for Quilting, Sewing, Crafts, Binding, Backing and Lining - White</p><p>$22.99</p><a href="https://www.amazon.com/dp/B0B9HHD1QM?tag=eloabder-20&linkCode=osi&th=1&psc=1">View Product</a></div><div class="product"><a href="https://www.amazon.com/dp/B0BHVMLTWV?tag=eloabder-20&linkCode=osi&th=1&psc=1"><img src="https://m.media-amazon.com/images/I/21vOg9h0nXL._SL500_.jpg" alt="Product Image"></a><p>HOTGODEN Light Weight 100% Cotton Muslin Fabric: 63 inch x 2,5,10 Yards Unbleached Muslin Linen Fabric Material for Sewing Material Apparel Cloth</p><p>$12.99</p><a href="https://www.amazon.com/dp/B0BHVMLTWV?tag=eloabder-20&linkCode=osi&th=1&psc=1">View Product</a></div><div class="product"><a href="https://www.amazon.com/dp/B093BQ3GMM?tag=eloabder-20&linkCode=osi&th=1&psc=1"><img src="https://m.media-amazon.com/images/I/61UmpTb+DVS._SL500_.jpg" alt="Product Image"></a><p>42Pcs 10"x10" Quilting Cotton Fabric Squares Sheets Pre-Cut Multi-Color Design Printed Floral Craft Fabric for DIY Sewing Scrapbooking Quilting Craft Patchwork (Red/Pink/Yellow/Green/Blue/Purple)</p><p>$12.88</p><a href="https://www.amazon.com/dp/B093BQ3GMM?tag=eloabder-20&linkCode=osi&th=1&psc=1">View Product</a></div><div class="product"><a href="https://www.amazon.com/dp/B08DTBZTFC?tag=eloabder-20&linkCode=osi&th=1&psc=1"><img src="https://m.media-amazon.com/images/I/41NKhg34TpL._SL500_.jpg" alt="Product Image"></a><p>Master FAB -Black 100% Cotton Fabric by The Yard for Sewing DIY Crafting Fashion Design Washable Cloth Bundles Voile;Full Width cuttable39 x 55inches (100x140cm) (Black Solid)</p><p>$9.99</p><a href="https://www.amazon.com/dp/B08DTBZTFC?tag=eloabder-20&linkCode=osi&th=1&psc=1">View Product</a></div>
<div class="product"><a href="https://www.amazon.com/dp/B08TZZ7F3P?tag=eloabder-20&linkCode=osi&th=1&psc=1"><img src="https://m.media-amazon.com/images/I/41J8e8Zfz1S._SL500_.jpg" alt="Product Image"></a><p>Hdviai Macrame Cord - Natural Unbleached Macrame Rope - 4 Strand Twisted Cotton Rope for Wall Hanging，DIY Craft Making，Plant Hangers，Knotting Decorative Projects (White, 8mm x 20 Yards)</p><p>$9.99 ($0.17 / Foot)</p><a href="https://www.amazon.com/dp/B08TZZ7F3P?tag=eloabder-20&linkCode=osi&th=1&psc=1">View Product</a></div><div class="product"><a href="https://www.amazon.com/dp/B094Y2M3G5?tag=eloabder-20&linkCode=osi&th=1&psc=1"><img src="https://m.media-amazon.com/images/I/51C-4p5OSsS._SL500_.jpg" alt="Product Image"></a><p>SEMINI 100% Natural Cotton Cord,5mm x40 Yard Mixed Color Twine String Cord Colored Cotton Rope Craft Cord for DIY Crafts Knitting Plant Hangers Christmas Wedding Decorate (Mix Color)</p><p>$12.99</p><a href="https://www.amazon.com/dp/B094Y2M3G5?tag=eloabder-20&linkCode=osi&th=1&psc=1">View Product</a></div><div class="product"><a href="https://www.amazon.com/dp/B07NTT82FH?tag=eloabder-20&linkCode=osi&th=1&psc=1"><img src="https://m.media-amazon.com/images/I/41aw9F3nkmL._SL500_.jpg" alt="Product Image"></a><p>Feelmate 6mm x 164 Feet Cotton Rope Macrame Cord for Crafts Jewelry Making Home Decoration Gift Wrapping</p><p>$14.99 ($0.09 / Foot)</p><a href="https://www.amazon.com/dp/B07NTT82FH?tag=eloabder-20&linkCode=osi&th=1&psc=1">View Product</a></div><div class="product"><a href="https://www.amazon.com/dp/B09KRYCT3B?tag=eloabder-20&linkCode=osi&th=1&psc=1"><img src="https://m.media-amazon.com/images/I/41H918apC-L._SL500_.jpg" alt="Product Image"></a><p>Natural Cotton Rope, JEUIHAU 328 Feet 1/4 Inch Cotton Clothesline Rope, All-Purpose Braided Cotton Rope Utility Cord for Clothes Hanging, Crafting, Macrame, Basket Making, and DIY Art Projects</p><p>$25.99 ($0.08 / Foot)</p><a href="https://www.amazon.com/dp/B09KRYCT3B?tag=eloabder-20&linkCode=osi&th=1&psc=1">View Product</a></div>
<div class="product"><a href="https://www.amazon.com/dp/B07RRD6TBN?tag=eloabder-20&linkCode=osi&th=1&psc=1"><img src="https://m.media-amazon.com/images/I/31YqtfxjDuL._SL500_.jpg" alt="Product Image"></a><p>Connecting Threads 100% Cotton Thread - 1200 Yard Spool (White)</p><p>$8.99</p><a href="https://www.amazon.com/dp/B07RRD6TBN?tag=eloabder-20&linkCode=osi&th=1&psc=1">View Product</a></div><div class="product"><a href="https://www.amazon.com/dp/B07G4N3HCZ?tag=eloabder-20&linkCode=osi&th=1&psc=1"><img src="https://m.media-amazon.com/images/I/413UnNketKL._SL500_.jpg" alt="Product Image"></a><p>2-Pack - Gutermann Natural Cotton Thread Solids 876 Yards Each - White (800C 5709)</p><p>$16.17 ($8.08 / Count)</p><a href="https://www.amazon.com/dp/B07G4N3HCZ?tag=eloabder-20&linkCode=osi&th=1&psc=1">View Product</a></div><div class="product"><a href="https://www.amazon.com/dp/B07RSFSYLY?tag=eloabder-20&linkCode=osi&th=1&psc=1"><img src="https://m.media-amazon.com/images/I/31dM1Mx2uIL._SL500_.jpg" alt="Product Image"></a><p>Connecting Threads 100% Cotton Essential Thread 5000 Yard Cone (White)</p><p>$16.99</p><a href="https://www.amazon.com/dp/B07RSFSYLY?tag=eloabder-20&linkCode=osi&th=1&psc=1">View Product</a></div><div class="product"><a href="https://www.amazon.com/dp/B074H1JTPK?tag=eloabder-20&linkCode=osi&th=1&psc=1"><img src="https://m.media-amazon.com/images/I/41tOL4rkfFL._SL500_.jpg" alt="Product Image"></a><p>Simthread 12 Multi Colors 100% Cotton Sewing Thread 50s/3 Thread for Quilting etc - 550 Yards Each 12C02</p><p>$21.99 ($0.00 / Foot)</p><a href="https://www.amazon.com/dp/B074H1JTPK?tag=eloabder-20&linkCode=osi&th=1&psc=1">View Product</a></div><div class="product"><a href="https://www.amazon.com/dp/B07RPCNYXW?tag=eloabder-20&linkCode=osi&th=1&psc=1"><img src="https://m.media-amazon.com/images/I/41iUqMPb-gL._SL500_.jpg" alt="Product Image"></a><p>Connecting Threads 100% Cotton Thread - 1200 Yard Spool (Red)</p><p>$8.99</p><a href="https://www.amazon.com/dp/B07RPCNYXW?tag=eloabder-20&linkCode=osi&th=1&psc=1">View Product</a></div>
<div class="product"><a href="https://www.amazon.com/dp/B09SL5LT8W?tag=eloabder-20&linkCode=osi&th=1&psc=1"><img src="https://m.media-amazon.com/images/I/512Dhz0oTrL._SL500_.jpg" alt="Product Image"></a><p>B-7000 Glue Clear for Rhinestone Crafts, Jewelry and Bead Adhesive B7000 Semi Fluid High Viscosity Glues for Clothes Shoes Fabric Cell Phones Screen Repair Metal Stone Nail Art Glass (4x15 ml/0.5 oz)</p><p>$5.45</p><a href="https://www.amazon.com/dp/B09SL5LT8W?tag=eloabder-20&linkCode=osi&th=1&psc=1">View Product</a></div><div class="product"><a href="https://www.amazon.com/dp/B00178KLEY?tag=eloabder-20&linkCode=osi&th=1&psc=1"><img src="https://m.media-amazon.com/images/I/31wcgL5xRkL._SL500_.jpg" alt="Product Image"></a><p>Aleene's All Purpose Tacky Glue, 8-Ounce</p><p>$2.44 ($0.30 / Fl Oz)</p><a href="https://www.amazon.com/dp/B00178KLEY?tag=eloabder-20&linkCode=osi&th=1&psc=1">View Product</a></div><div class="product"><a href="https://www.amazon.com/dp/B088NN5GD8?tag=eloabder-20&linkCode=osi&th=1&psc=1"><img src="https://m.media-amazon.com/images/I/417dgxV3dfL._SL500_.jpg" alt="Product Image"></a><p>Bearly Art Precision Craft Glue - The Mini - 2fl oz with Tip Kit - Acid Free Archival - Strong Hold Adhesive - Ideal for Fine Paper Crafting Scrapbooking and Card Making - Made in USA</p><p>$12.99</p><a href="https://www.amazon.com/dp/B088NN5GD8?tag=eloabder-20&linkCode=osi&th=1&psc=1">View Product</a></div><div class="product"><a href="https://www.amazon.com/dp/B000BY6THS?tag=eloabder-20&linkCode=osi&th=1&psc=1"><img src="https://m.media-amazon.com/images/I/41WhjtET6sL._SL500_.jpg" alt="Product Image"></a><p>Aleene's Clear Gel Tacky Glue 4oz</p><p>$2.33</p><a href="https://www.amazon.com/dp/B000BY6THS?tag=eloabder-20&linkCode=osi&th=1&psc=1">View Product</a></div><div class="product"><a href="https://www.amazon.com/dp/B00KD6ZHA4?tag=eloabder-20&linkCode=osi&th=1&psc=1"><img src="https://m.media-amazon.com/images/I/31oecXt0Q+L._SL500_.jpg" alt="Product Image"></a><p>Aleene's Gel Glue, 8-Ounce, Clear</p><p>$4.44 ($0.56 / Fl Oz)</p><a href="https://www.amazon.com/dp/B00KD6ZHA4?tag=eloabder-20&linkCode=osi&th=1&psc=1">View Product</a></div><div class="product"><a href="https://www.amazon.com/dp/B07Y6RWHP1?tag=eloabder-20&linkCode=osi&th=1&psc=1"><img src="https://m.media-amazon.com/images/I/41B6C8VaOWL._SL500_.jpg" alt="Product Image"></a><p>Bearly Art Precision Craft Glue - The Original - 4fl oz - Tip Kit Included - Dries Clear - Metal Tip - Wrinkle Resistant - Flexible and Crack Resistant - Strong Hold Adhesive - Made in USA</p><p>$19.99 ($5.00 / Fl Oz)</p><a href="https://www.amazon.com/dp/B07Y6RWHP1?tag=eloabder-20&linkCode=osi&th=1&psc=1">View Product</a></div><div class="product"><a href="https://www.amazon.com/dp/B0D1BYTYWD?tag=eloabder-20&linkCode=osi&th=1&psc=1"><img src="https://m.media-amazon.com/images/I/41P6pr3DnTL._SL500_.jpg" alt="Product Image"></a><p>Joez Wonderful 6 Sheets Foam Adhesive Squares, 990pcs Total Double Sided Self Adhesive Dots, Precut Squares Strips Foam Tape for DIY Arts & Crafts, 2 Sizes (0.47in/12mm, 0.24in/6mm)</p><p>$5.59</p><a href="https://www.amazon.com/dp/B0D1BYTYWD?tag=eloabder-20&linkCode=osi&th=1&psc=1">View Product</a></div><div class="product"><a href="https://www.amazon.com/dp/B001683NAO?tag=eloabder-20&linkCode=osi&th=1&psc=1"><img src="https://m.media-amazon.com/images/I/31cwr-m138L._SL500_.jpg" alt="Product Image"></a><p>BEACON 3-in-1 Advanced Craft Glue - Fast-Drying, Crystal Clear Adhesive for Wood, Ceramics, Fabrics, and More, 4-Ounce</p><p>$8.99 ($2.25 / Fl Oz)</p><a href="https://www.amazon.com/dp/B001683NAO?tag=eloabder-20&linkCode=osi&th=1&psc=1">View Product</a></div><div class="product"><a href="https://www.amazon.com/dp/B0C5CB2KCT?tag=eloabder-20&linkCode=osi&th=1&psc=1"><img src="https://m.media-amazon.com/images/I/51GvFpuq9BL._SL500_.jpg" alt="Product Image"></a><p>B-7000 Craft Glue for Jewelry Making - 15ml/0.5oz (2 Pack) - Multi-Function B-7000 Super Adhesive Glues Liquid Fusion Glue for Rhinestones Crafts, Clothes Shoes, Fabric, Jewelry Making, Cell Phones</p><p>$5.99</p><a href="https://www.amazon.com/dp/B0C5CB2KCT?tag=eloabder-20&linkCode=osi&th=1&psc=1">View Product</a></div><div class="product"><a href="https://www.amazon.com/dp/B0011N832C?tag=eloabder-20&linkCode=osi&th=1&psc=1"><img src="https://m.media-amazon.com/images/I/41VYA3-u1QL._SL500_.jpg" alt="Product Image"></a><p>Glue Dots, Craft Dots, Double-Sided, 1/2", .5 Inch, 200 Dots, DIY Craft Glue Tape, Sticky Adhesive Glue Points, Liquid Hot Glue Alternative, Clear</p><p>$4.88 ($0.02 / Count)</p><a href="https://www.amazon.com/dp/B0011N832C?tag=eloabder-20&linkCode=osi&th=1&psc=1">View Product</a></div>
<div class="product"><a href="https://www.amazon.com/dp/B07V3HLBVF?tag=eloabder-20&linkCode=osi&th=1&psc=1"><img src="https://m.media-amazon.com/images/I/41siDRjPEoL._SL500_.jpg" alt="Product Image"></a><p>bagmad 100 Pack 8x4.75x10 inch Plain Medium Paper Bags with Handles Bulk, Brown Kraft Bags, Craft Gift Bags, Grocery Shopping Retail Bags, Birthday Party Favors Wedding Bags Sacks (Brown, 100pcs)</p><p>$26.46 ($0.26 / Count)</p><a href="https://www.amazon.com/dp/B07V3HLBVF?tag=eloabder-20&linkCode=osi&th=1&psc=1">View Product</a></div><div class="product"><a href="https://www.amazon.com/dp/B07MLM81VG?tag=eloabder-20&linkCode=osi&th=1&psc=1"><img src="https://m.media-amazon.com/images/I/31j9z9qZ3mL._SL500_.jpg" alt="Product Image"></a><p>Qutuus Kraft Paper Bags with Handles Bulk 8x4.5x10 100 pcs Brown Paper Gift Bags Bulk Medium Size Kraft Bags, Brown Bags, Shopping Bags, Retail Bags, Craft Bags for Small Business</p><p>$25.99</p><a href="https://www.amazon.com/dp/B07MLM81VG?tag=eloabder-20&linkCode=osi&th=1&psc=1">View Product</a></div><div class="product"><a href="https://www.amazon.com/dp/B0CJ8PHN2Z?tag=eloabder-20&linkCode=osi&th=1&psc=1"><img src="https://m.media-amazon.com/images/I/41e7VEiBNIL._SL500_.jpg" alt="Product Image"></a><p>100 Pack 5.8x3.2x8.25 Inch Brown Kraft Paper Gift Bags with Handles - Bulk Small Plain Natural Bags for Birthday Party Favors, Grocery, Retail Shopping, Wedding, Craft, Goody, Takeouts, and Business</p><p>$18.99</p><a href="https://www.amazon.com/dp/B0CJ8PHN2Z?tag=eloabder-20&linkCode=osi&th=1&psc=1">View Product</a></div><div class="product"><a href="https://www.amazon.com/dp/B0BWMY43TD?tag=eloabder-20&linkCode=osi&th=1&psc=1"><img src="https://m.media-amazon.com/images/I/41FVul0hWRL._SL500_.jpg" alt="Product Image"></a><p>Brothersbox Brown Paper Bags with Handles Bulk 100PCS Kraft Paper Bags, 8 * 4.76 * 10 Inch Medium Craft Paper Gift Bags for Birthday Party Grocery Retail Shopping Business</p><p>$24.99</p><a href="https://www.amazon.com/dp/B0BWMY43TD?tag=eloabder-20&linkCode=osi&th=1&psc=1">View Product</a></div><div class="product"><a href="https://www.amazon.com/dp/B0C13GRG4D?tag=eloabder-20&linkCode=osi&th=1&psc=1"><img src="https://m.media-amazon.com/images/I/41L33B24HtL._SL500_.jpg" alt="Product Image"></a><p>Toovip 90 Pack Plain Brown Kraft Paper Bags with Handles Bulk, Multiple 3 Assorted Sizes Gift Bags for Favors Grocery Retail Party Birthday Shopping Business Goody Craft Merchandise Take Out Sacks</p><p>$26.99 ($0.30 / Count)</p><a href="https://www.amazon.com/dp/B0C13GRG4D?tag=eloabder-20&linkCode=osi&th=1&psc=1">View Product</a></div><div class="product"><a href="https://www.amazon.com/dp/B09Z2N3QKT?tag=eloabder-20&linkCode=osi&th=1&psc=1"><img src="https://m.media-amazon.com/images/I/416VQ3Ke3PL._SL500_.jpg" alt="Product Image"></a><p>Moretoes 40pcs Brown Paper Bags with Handles Assorted Size Gift Bags, Kraft Paper Bags, Paper Shopping Bags, Craft Bags, Merchandise Bags</p><p>$20.99</p><a href="https://www.amazon.com/dp/B09Z2N3QKT?tag=eloabder-20&linkCode=osi&th=1&psc=1">View Product</a></div><div class="product"><a href="https://www.amazon.com/dp/B0CHMTKBWS?tag=eloabder-20&linkCode=osi&th=1&psc=1"><img src="https://m.media-amazon.com/images/I/31QBYQW7LOL._SL500_.jpg" alt="Product Image"></a><p>Oikss 100 Pack 10x5x13 Plain Natural Brown Kraft Paper Bags with Handles Bulk for Birthday Party Favors Grocery Retail Shopping Business Goody Recycled Craft Gift Bags (Large Size, 100 Count)</p><p>$30.99</p><a href="https://www.amazon.com/dp/B0CHMTKBWS?tag=eloabder-20&linkCode=osi&th=1&psc=1">View Product</a></div><div class="product"><a href="https://www.amazon.com/dp/B0CRD6RXP3?tag=eloabder-20&linkCode=osi&th=1&psc=1"><img src="https://m.media-amazon.com/images/I/51lEnA2mgNL._SL500_.jpg" alt="Product Image"></a><p>XPCARE 100Pack Brown Paper Bags 8x4.5x10 Inch, Plain Medium Paper Bags with Handles Bulk, Kraft Paper Gift Bags, Retail Bags, Party Bags, Shopping Bags, Favor Bags</p><p>$19.99</p><a href="https://www.amazon.com/dp/B0CRD6RXP3?tag=eloabder-20&linkCode=osi&th=1&psc=1">View Product</a></div><div class="product"><a href="https://www.amazon.com/dp/B07V3J3Y5V?tag=eloabder-20&linkCode=osi&th=1&psc=1"><img src="https://m.media-amazon.com/images/I/41wn1f3QStL._SL500_.jpg" alt="Product Image"></a><p>bagmad 100 Pack 5.25x3.25x8 inch Brown Small Paper Bags with Handles Bulk, Gift Paper Bags, Kraft Birthday Party Favors Grocery Retail Shopping Craft Bags Takeouts Business (Plain Natural 100pcs)</p><p>$20.99 ($0.21 / Count)</p><a href="https://www.amazon.com/dp/B07V3J3Y5V?tag=eloabder-20&linkCode=osi&th=1&psc=1">View Product</a></div><div class="product"><a href="https://www.amazon.com/dp/B09HBN5248?tag=eloabder-20&linkCode=osi&th=1&psc=1"><img src="https://m.media-amazon.com/images/I/41iWymlepRL._SL500_.jpg" alt="Product Image"></a><p>Oikss 100 Pack 5.25x3.25x8.25 Inch Small Plain Natural Paper Kraft Gift Bags with Handles Bulk for Birthday Party Favors Grocery Retail Shopping Business Goody Craft Bags Cub (Brown 100 Count)</p><p>$20.99 ($0.21 / Count)</p><a href="https://www.amazon.com/dp/B09HBN5248?tag=eloabder-20&linkCode=osi&th=1&psc=1">View Product</a></div>
<div class="product"><a href="https://www.amazon.com/dp/B09C1YL7RQ?tag=eloabder-20&linkCode=osi&th=1&psc=1"><img src="https://m.media-amazon.com/images/I/615lFU8obCL._SL500_.jpg" alt="Product Image"></a><p>1000+ pcs Pony Beads, Multi-Colored Bracelet Beads for Hair Braids, Crafts, Plastic Beads (Medium Pack, Classic)…</p><p>$6.99 ($0.01 / Count)</p><a href="https://www.amazon.com/dp/B09C1YL7RQ?tag=eloabder-20&linkCode=osi&th=1&psc=1">View Product</a></div>
<div class="product"><a href="https://www.amazon.com/dp/B0C1RC5Y7F?tag=eloabder-20&linkCode=osi&th=1&psc=1"><img src="https://m.media-amazon.com/images/I/41Sf-YEnE+L._SL500_.jpg" alt="Product Image"></a><p>PerkHomy Brown Kraft Paper Roll 17.5" x 1,200" (100') for Gift Wrapping Bulletin Board Kids Craft Art Bouquet Flower Packing Moving Shipping Floor Covering Table 70GSM 50LB (Brown, 17.5" x 100')</p><p>$5.98</p><a href="https://www.amazon.com/dp/B0C1RC5Y7F?tag=eloabder-20&linkCode=osi&th=1&psc=1">View Product</a></div>
<div class="product"><a href="https://www.amazon.com/dp/B0044SA67G?tag=eloabder-20&linkCode=osi&th=1&psc=1"><img src="https://m.media-amazon.com/images/I/51UEqn6-w3L._SL500_.jpg" alt="Product Image"></a><p>Hygloss Products - 77640 Colorful Blank Books – Books for Journaling, Sketching, Writing & More – Great for Arts & Crafts - 10 Assorted Bright, Fun Colors - Pocket-Size - 4.25 x 5.5 Inches - 10 Pack</p><p>$8.18 ($0.82 / Count)</p><a href="https://www.amazon.com/dp/B0044SA67G?tag=eloabder-20&linkCode=osi&th=1&psc=1">View Product</a></div><div class="product"><a href="https://www.amazon.com/dp/B09WQCHK3M?tag=eloabder-20&linkCode=osi&th=1&psc=1"><img src="https://m.media-amazon.com/images/I/61JMYPiYGRL._SL500_.jpg" alt="Product Image"></a><p>Aigybobo Origami Paper Set, 308PCS Kids Craft Paper Kit with Instructional Book for Girls Age 6,7,8,9,10,11,12, Art Projects Supplies for School Class Craft Lessons- Christmas Gifts for Boys&Girls</p><p>$12.99</p><a href="https://www.amazon.com/dp/B09WQCHK3M?tag=eloabder-20&linkCode=osi&th=1&psc=1">View Product</a></div><div class="product"><a href="https://www.amazon.com/dp/B00I7E56NC?tag=eloabder-20&linkCode=osi&th=1&psc=1"><img src="https://m.media-amazon.com/images/I/21cxSReF5yL._SL500_.jpg" alt="Product Image"></a><p>Hygloss Products White Blank Books – Great Books for Journaling, Sketching, Writing & More – Fun for Arts & Crafts - Pocket-size - 4.25 x 5.5 Inches - 10 Pack</p><p>$13.00</p><a href="https://www.amazon.com/dp/B00I7E56NC?tag=eloabder-20&linkCode=osi&th=1&psc=1">View Product</a></div><div class="product"><a href="https://www.amazon.com/dp/B07YGRCXVT?tag=eloabder-20&linkCode=osi&th=1&psc=1"><img src="https://m.media-amazon.com/images/I/51Oxy0SqbES._SL500_.jpg" alt="Product Image"></a><p>Origami Paper | 350 Origami Paper Kit | Set Includes - 300 Sheets 20 Colors 6x6 | 50 Traditional Japanese Patterns | Origami Book 25 Easy Colored Projects | Kids Crafts | Christmas Gifts for boys 8-12</p><p>$17.99</p><a href="https://www.amazon.com/dp/B07YGRCXVT?tag=eloabder-20&linkCode=osi&th=1&psc=1">View Product</a></div><div class="product"><a href="https://www.amazon.com/dp/B07VDCVN3T?tag=eloabder-20&linkCode=osi&th=1&psc=1"><img src="https://m.media-amazon.com/images/I/516u8vopNML._SL500_.jpg" alt="Product Image"></a><p>Gamenote Colorful Origami Kit for Kids 54 Projects 120 Double Sided Origami Paper 12 Sheets Practice Papers Instructional Origami Book Origami Gift for 4+ Girls Boys Adult Beginners Training Craft</p><p>$11.99</p><a href="https://www.amazon.com/dp/B07VDCVN3T?tag=eloabder-20&linkCode=osi&th=1&psc=1">View Product</a></div>



<div class="product"><a href="https://www.amazon.com/dp/B01GCLS32M?tag=eloabder-20&linkCode=osi&th=1&psc=1"><img src="https://m.media-amazon.com/images/I/51xf1ALKGyL._SL500_.jpg" alt="Product Image"></a><p>42pcs Felt Fabric Sheet 4"x4" Assorted Color DIY Craft Squares Nonwoven 1mm Thick</p><p>$6.68</p><a href="https://www.amazon.com/dp/B01GCLS32M?tag=eloabder-20&linkCode=osi&th=1&psc=1">View Product</a></div><div class="product"><a href="https://www.amazon.com/dp/B0CY56NFL7?tag=eloabder-20&linkCode=osi&th=1&psc=1"><img src="https://m.media-amazon.com/images/I/51jZtTDxNCL._SL500_.jpg" alt="Product Image"></a><p>XSEINO 12 Rolls 8"x35"(20.5x90cm) 1.4mm Thick Soft Felt Fabric Sheet 12 Assorted Colors Felt Pack for DIY Craft Sewing Squares Nonwoven Patchwork</p><p>$11.99</p><a href="https://www.amazon.com/dp/B0CY56NFL7?tag=eloabder-20&linkCode=osi&th=1&psc=1">View Product</a></div><div class="product"><a href="https://www.amazon.com/dp/B07VHMT14L?tag=eloabder-20&linkCode=osi&th=1&psc=1"><img src="https://m.media-amazon.com/images/I/61DSrnEAvjL._SL500_.jpg" alt="Product Image"></a><p>150Pcs 4" x 4" (10cm x 10cm) Cotton Craft Fabric Bundle Squares,Squares Sheets Patchwork,Pre-Cut Quilt Squares,DIY Sewing Quarters Bundle,Quilting Fabric Bundles</p><p>$9.99</p><a href="https://www.amazon.com/dp/B07VHMT14L?tag=eloabder-20&linkCode=osi&th=1&psc=1">View Product</a></div><div class="product"><a href="https://www.amazon.com/dp/B08GJHYMGN?tag=eloabder-20&linkCode=osi&th=1&psc=1"><img src="https://m.media-amazon.com/images/I/51wD1FT1eeL._SL500_.jpg" alt="Product Image"></a><p>50pcs 8 x 8 inches Multicolor Cotton Fabric Bundle Squares for Quilting Sewing, Precut Fabric Squares for Craft Patchwork</p><p>$13.77</p><a href="https://www.amazon.com/dp/B08GJHYMGN?tag=eloabder-20&linkCode=osi&th=1&psc=1">View Product</a></div><div class="product"><a href="https://www.amazon.com/dp/B0C6K98T96?tag=eloabder-20&linkCode=osi&th=1&psc=1"><img src="https://m.media-amazon.com/images/I/51M-+hitpAL._SL500_.jpg" alt="Product Image"></a><p>42pcs 6 x 6 inches Felt Fabric Sheets - Fabrics DIY Craftwork Sewing Patchwork, Felt Crafts Assorted Colour Polyester Felt Sheet for Art and Craft</p><p>$4.99</p><a href="https://www.amazon.com/dp/B0C6K98T96?tag=eloabder-20&linkCode=osi&th=1&psc=1">View Product</a></div><div class="product"><a href="https://www.amazon.com/dp/B0C9BYD9ND?tag=eloabder-20&linkCode=osi&th=1&psc=1"><img src="https://m.media-amazon.com/images/I/418r7XqmEKL._SL500_.jpg" alt="Product Image"></a><p>40Pcs Felt Fabric Sheets - 4x4 inch DIY Craft Felt, 1mm Thick Non-Woven Patchwork Material for School Projects & Decoration - 40 Assorted Colors (10 x 10cm)</p><p>$4.99</p><a href="https://www.amazon.com/dp/B0C9BYD9ND?tag=eloabder-20&linkCode=osi&th=1&psc=1">View Product</a></div><div class="product"><a href="https://www.amazon.com/dp/B0BWRN4RHP?tag=eloabder-20&linkCode=osi&th=1&psc=1"><img src="https://m.media-amazon.com/images/I/51HHQcV3njL._SL500_.jpg" alt="Product Image"></a><p>Large Stiff Felt Sheets Bundle: LOTOFUN 10pcs 8x35Inch Assorted Rainbow Color Felts Sheet for Kids Crafts Squares Nonwoven Patchwork DIY Sewing</p><p>$11.99</p><a href="https://www.amazon.com/dp/B0BWRN4RHP?tag=eloabder-20&linkCode=osi&th=1&psc=1">View Product</a></div>
<div class="product"><a href="https://www.amazon.com/dp/B003U6QIUC?tag=eloabder-20&linkCode=osi&th=1&psc=1"><img src="https://m.media-amazon.com/images/I/51PyPJgIPlL._SL500_.jpg" alt="Product Image"></a><p>School Smart 85836 Maribu Feathers - 1/2 Ounce - Set of 150 - Assorted Colors</p><p>$3.52</p><a href="https://www.amazon.com/dp/B003U6QIUC?tag=eloabder-20&linkCode=osi&th=1&psc=1">View Product</a></div>
<div class="product"><a href="https://www.amazon.com/dp/B089DPDYKV?tag=eloabder-20&linkCode=osi&th=1&psc=1"><img src="https://m.media-amazon.com/images/I/51L58by1dXL._SL500_.jpg" alt="Product Image"></a><p>Better Office Products 100 Pack EVA Foam Sheets, 5.5 x 8.5 Inch, Assorted Colors (20 Colors), 2mm Thick, for Arts and Crafts, 100 Sheets</p><p>$13.99 ($0.14 / Count)</p><a href="https://www.amazon.com/dp/B089DPDYKV?tag=eloabder-20&linkCode=osi&th=1&psc=1">View Product</a></div><div class="product"><a href="https://www.amazon.com/dp/B08YXYN327?tag=eloabder-20&linkCode=osi&th=1&psc=1"><img src="https://m.media-amazon.com/images/I/41VfV+-ZFTL._SL500_.jpg" alt="Product Image"></a><p>EVA Foam Cosplay - 2mm (1mm to 10mm) - Black or White - 14" x 39" Sheet - Ultra High Density Craft Foam 85 kg/m3 - by The Foamory</p><p>$14.99</p><a href="https://www.amazon.com/dp/B08YXYN327?tag=eloabder-20&linkCode=osi&th=1&psc=1">View Product</a></div><div class="product"><a href="https://www.amazon.com/dp/B0CMTJDYRN?tag=eloabder-20&linkCode=osi&th=1&psc=1"><img src="https://m.media-amazon.com/images/I/310JuSzt+mL._SL500_.jpg" alt="Product Image"></a><p>Do²ping White Foam Sheets Crafts, 8.5x5.5 Inch Eva Craft Foam Paper for Crafts Project Classroom Scrapbook DIY Cosplay (White-10 Sheets)</p><p>$4.89 ($0.49 / Count)</p><a href="https://www.amazon.com/dp/B0CMTJDYRN?tag=eloabder-20&linkCode=osi&th=1&psc=1">View Product</a></div><div class="product"><a href="https://www.amazon.com/dp/B0C8B6N9TG?tag=eloabder-20&linkCode=osi&th=1&psc=1"><img src="https://m.media-amazon.com/images/I/51j0TiXHCTL._SL500_.jpg" alt="Product Image"></a><p>120 Pack EVA Foam Sheets, 8 x 6 Inch, 1mm Thick, Assorted 15 Colors Craft Foam Paper for School Supply and DIY Handcraft Projects</p><p>$15.99 ($0.13 / Count)</p><a href="https://www.amazon.com/dp/B0C8B6N9TG?tag=eloabder-20&linkCode=osi&th=1&psc=1">View Product</a></div>
<div class="product"><a href="https://www.amazon.com/dp/B01EK7LGH4?tag=eloabder-20&linkCode=osi&th=1&psc=1"><img src="https://m.media-amazon.com/images/I/41Xx+D+j6XL._SL500_.jpg" alt="Product Image"></a><p>Aleene's 3 Pack, 8 oz Tacky Glue, 8 FL OZ, Original Version 3 Count</p><p>$11.17 ($0.47 / Fl Oz)</p><a href="https://www.amazon.com/dp/B01EK7LGH4?tag=eloabder-20&linkCode=osi&th=1&psc=1">View Product</a></div><div class="product"><a href="https://www.amazon.com/dp/B0D59G56SG?tag=eloabder-20&linkCode=osi&th=1&psc=1"><img src="https://m.media-amazon.com/images/I/41BsDwUSwdL._SL500_.jpg" alt="Product Image"></a><p>4oz Craft Glue & Precision Tips, Strong Tacky Glue, Craft Glue Bottles with Fine Tip, Craft Glue Dry Clear, Fabric Glue Permanent for Paper Crafting Scrapbooking/Card Making/Etc</p><p>$8.58</p><a href="https://www.amazon.com/dp/B0D59G56SG?tag=eloabder-20&linkCode=osi&th=1&psc=1">View Product</a></div><div class="product"><a href="https://www.amazon.com/dp/B004DNX6EW?tag=eloabder-20&linkCode=osi&th=1&psc=1"><img src="https://m.media-amazon.com/images/I/51RkAeJv5hL._SL500_.jpg" alt="Product Image"></a><p>ELMERS CraftBond Extra Strength Glue Sticks, 6 Grams, 4 Count</p><p>$9.89 ($2.47 / Count)</p><a href="https://www.amazon.com/dp/B004DNX6EW?tag=eloabder-20&linkCode=osi&th=1&psc=1">View Product</a></div>
<div class="product"><a href="https://www.amazon.com/dp/B01ELWWX98?tag=eloabder-20&linkCode=osi&th=1&psc=1"><img src="https://m.media-amazon.com/images/I/51g67GhksOL._SL500_.jpg" alt="Product Image"></a><p>Maybe Swearing Will Help Adult Coloring Book Set - for Adults Relaxation with Markers in a Case - Motivational Swear Word Anxiety Relief - Color Cuss & Laugh Your Way to Less Stress</p><p>$24.99</p><a href="https://www.amazon.com/dp/B01ELWWX98?tag=eloabder-20&linkCode=osi&th=1&psc=1">View Product</a></div><div class="product"><a href="https://www.amazon.com/dp/B09X1YX59W?tag=eloabder-20&linkCode=osi&th=1&psc=1"><img src="https://m.media-amazon.com/images/I/61Cr68venIL._SL500_.jpg" alt="Product Image"></a><p>Hula Home Stained Glass Mandala Art Kit - DIY Window Clings with Markers, 10 Suncatchers - Perfect Hobby for Adults, Kids, Teens & Seniors - Ideal Gift for Beginners, Women & Elderly</p><p>$15.99</p><a href="https://www.amazon.com/dp/B09X1YX59W?tag=eloabder-20&linkCode=osi&th=1&psc=1">View Product</a></div><div class="product"><a href="https://www.amazon.com/dp/B0CGD74KX7?tag=eloabder-20&linkCode=osi&th=1&psc=1"><img src="https://m.media-amazon.com/images/I/51rNpMlv3wL._SL500_.jpg" alt="Product Image"></a><p>Shimmer Markers Outline Double Line: 12 Colors Metallic Glitter Pens Set Sparkle Kid Age 4 8 10 14 16 Year Old Gift Doodle Drawing Supplies Art Craft Teen Girl Cute Stuff Mother's Day Basket Ideas</p><p>$9.99</p><a href="https://www.amazon.com/dp/B0CGD74KX7?tag=eloabder-20&linkCode=osi&th=1&psc=1">View Product</a></div>

<div class="product"><a href="https://www.amazon.com/dp/B08395C5GC?tag=eloabder-20&linkCode=osi&th=1&psc=1"><img src="https://m.media-amazon.com/images/I/61OgJOjMgQL._SL500_.jpg" alt="Product Image"></a><p>hapray Origami Kit 144 sheets Origami Paper for Kids 72 Patterns with Craft Guiding Book</p><p>$13.97</p><a href="https://www.amazon.com/dp/B08395C5GC?tag=eloabder-20&linkCode=osi&th=1&psc=1">View Product</a></div><div class="product"><a href="https://www.amazon.com/dp/B098WP659T?tag=eloabder-20&linkCode=osi&th=1&psc=1"><img src="https://m.media-amazon.com/images/I/61D4gTo+S1L._SL500_.jpg" alt="Product Image"></a><p>pigipigi Craft Origami Paper for Kids - 208 Sheets Vivid Colorful Folding Papers 54 Patterns Art Projects Kit for 5 6 7 8 9 10 11 12 Years Old Girl Boy Teen Birthday Gift Preschool Educational Toy</p><p>$11.99</p><a href="https://www.amazon.com/dp/B098WP659T?tag=eloabder-20&linkCode=osi&th=1&psc=1">View Product</a></div>
<div class="product"><a href="https://www.amazon.com/dp/B08TWGWRG4?tag=eloabder-20&linkCode=osi&th=1&psc=1"><img src="https://m.media-amazon.com/images/I/51KMwCTx2eL._SL500_.jpg" alt="Product Image"></a><p>Homum 200pcs Premium Gift Tags with 200 Root Natural Jute Twine, Double-Sided Available Kraft Paper Price Tags, Craft Tags Labels Jewelry Tags with String for Wedding Christmas Day Thanksgiving</p><p>$5.99</p><a href="https://www.amazon.com/dp/B08TWGWRG4?tag=eloabder-20&linkCode=osi&th=1&psc=1">View Product</a></div><div class="product"><a href="https://www.amazon.com/dp/B0BNG993ZV?tag=eloabder-20&linkCode=osi&th=1&psc=1"><img src="https://m.media-amazon.com/images/I/51xRPDQUVHL._SL500_.jpg" alt="Product Image"></a><p>200 Pack 2.2 Inch Wood Tags with Hole and Twine, Clipped Corner Rectangle Wooden Gifts Tag for Crafts Unfinished Labels (1.2x2.2 in)</p><p>$9.99 ($0.05 / Count)</p><a href="https://www.amazon.com/dp/B0BNG993ZV?tag=eloabder-20&linkCode=osi&th=1&psc=1">View Product</a></div><div class="product"><a href="https://www.amazon.com/dp/B07N1T58K9?tag=eloabder-20&linkCode=osi&th=1&psc=1"><img src="https://m.media-amazon.com/images/I/41dUfeOE8BL._SL500_.jpg" alt="Product Image"></a><p>2.5" x 3" Vintage Frame Brown Kraft Present Tag Sticker / 250 Present Labels/Canning Packaging Organization Label/Made in The USA</p><p>$15.99</p><a href="https://www.amazon.com/dp/B07N1T58K9?tag=eloabder-20&linkCode=osi&th=1&psc=1">View Product</a></div>
<div class="product"><a href="https://www.amazon.com/dp/B08Y8YRXVQ?tag=eloabder-20&linkCode=osi&th=1&psc=1"><img src="https://m.media-amazon.com/images/I/51DyT7Dd1BL._SL500_.jpg" alt="Product Image"></a><p>72 Pieces Craft Magnets Glass Ceramic Ferrite Magnet with Adhesive Backing and Transparent Clear Glass Cabochons for DIY Craft Fridge Refrigerator Magnets Pendants(Round,1 Inch)</p><p>$12.99 ($0.18 / Count)</p><a href="https://www.amazon.com/dp/B08Y8YRXVQ?tag=eloabder-20&linkCode=osi&th=1&psc=1">View Product</a></div><div class="product"><a href="https://www.amazon.com/dp/B07XDC7FP9?tag=eloabder-20&linkCode=osi&th=1&psc=1"><img src="https://m.media-amazon.com/images/I/41JKgogWT9L._SL500_.jpg" alt="Product Image"></a><p>Magnetic Dots - Self Adhesive Magnet Dots (0.8" x 0.8") - Classroom Must Have Peel & Stick Magnetic Circles - Flexible Sticky Magnets - Sheets is Alternative, Stickers, Strip, Magnetic Tape (120 Pcs)</p><p>$17.99</p><a href="https://www.amazon.com/dp/B07XDC7FP9?tag=eloabder-20&linkCode=osi&th=1&psc=1">View Product</a></div><div class="product"><a href="https://www.amazon.com/dp/B0CSS92G7H?tag=eloabder-20&linkCode=osi&th=1&psc=1"><img src="https://m.media-amazon.com/images/I/51HRyW91ivL._SL500_.jpg" alt="Product Image"></a><p>116pcs Craft Magnets Glass Ceramic Ferrite Magnet with Adhesive Backing and Clear Glass Cabochons for DIY Craft Fridge Refrigerator Magnets (Round,1 Inch,58 Sets)</p><p>$11.96</p><a href="https://www.amazon.com/dp/B0CSS92G7H?tag=eloabder-20&linkCode=osi&th=1&psc=1">View Product</a></div><div class="product"><a href="https://www.amazon.com/dp/B09WCXS3NV?tag=eloabder-20&linkCode=osi&th=1&psc=1"><img src="https://m.media-amazon.com/images/I/51jUQGCcMPL._SL500_.jpg" alt="Product Image"></a><p>DIYMAG Magnetic Adhesive Sheets, |4" x 6"|, 10 Pack Cuttable, Flexible magnet sheets with adhesive for Crafts, Photos, Easy Peel and Stick</p><p>$5.99 ($0.60 / Count)</p><a href="https://www.amazon.com/dp/B09WCXS3NV?tag=eloabder-20&linkCode=osi&th=1&psc=1">View Product</a></div><div class="product"><a href="https://www.amazon.com/dp/B08MVRBN2C?tag=eloabder-20&linkCode=osi&th=1&psc=1"><img src="https://m.media-amazon.com/images/I/51YQW8Hbf3S._SL500_.jpg" alt="Product Image"></a><p>Round Magnets with Adhesive Backing, 120 Pieces Magnet Circles (Diameter 0.8’” x 0.08”) on 4 Tape Sheets, with 3M Strong Adhesive Backing. Perfect for DIY, Art Projects, whiteboards & Fridge</p><p>$10.95</p><a href="https://www.amazon.com/dp/B08MVRBN2C?tag=eloabder-20&linkCode=osi&th=1&psc=1">View Product</a></div><div class="product"><a href="https://www.amazon.com/dp/B0CJHYN7K2?tag=eloabder-20&linkCode=osi&th=1&psc=1"><img src="https://m.media-amazon.com/images/I/51ZowdEZwbL._SL500_.jpg" alt="Product Image"></a><p>124pcs Craft Magnets Glass w Adhesive Backing and Transparent Clear Glass Cabochons DIY Craft Fridge Magnets Sticker for Refrigerator(62 Sets,1 Inch)</p><p>$13.99 ($0.23 / Count)</p><a href="https://www.amazon.com/dp/B0CJHYN7K2?tag=eloabder-20&linkCode=osi&th=1&psc=1">View Product</a></div><div class="product"><a href="https://www.amazon.com/dp/B09BBHBZMG?tag=eloabder-20&linkCode=osi&th=1&psc=1"><img src="https://m.media-amazon.com/images/I/51kT5DaZIPL._SL500_.jpg" alt="Product Image"></a><p>Mr. Pen- Adhesive Magnetic Sheets, 4" x 6", 10 Pack, with Adhesive Backing, Flexible Picture Magnets, Cuttable Magnetic Sheets.</p><p>$5.85</p><a href="https://www.amazon.com/dp/B09BBHBZMG?tag=eloabder-20&linkCode=osi&th=1&psc=1">View Product</a></div><div class="product"><a href="https://www.amazon.com/dp/B07V4STWPV?tag=eloabder-20&linkCode=osi&th=1&psc=1"><img src="https://m.media-amazon.com/images/I/51g56RBuH8L._SL500_.jpg" alt="Product Image"></a><p>Magnetic Sheets with Adhesive Backing - Each 4" x 6" - Flexible Magnetic Paper with Strong Self Adhesive - Sticky Magnet Sheets for Photo and Picture Magnets, Stickers and Other Craft Magnets</p><p>$5.99 ($0.60 / Count)</p><a href="https://www.amazon.com/dp/B07V4STWPV?tag=eloabder-20&linkCode=osi&th=1&psc=1">View Product</a></div>
<div class="product"><a href="https://www.amazon.com/dp/B09VCYS41G?tag=eloabder-20&linkCode=osi&th=1&psc=1"><img src="https://m.media-amazon.com/images/I/61bdWXYPddL._SL500_.jpg" alt="Product Image"></a><p>Betem 24 Colors Dual Tip Acrylic Paint Pens Markers, Premium Acrylic Paint Pens for Wood, Canvas, Stone, Rock Painting, Glass, Ceramic Surfaces, DIY Crafts Making Art Supplies</p><p>$11.99</p><a href="https://www.amazon.com/dp/B09VCYS41G?tag=eloabder-20&linkCode=osi&th=1&psc=1">View Product</a></div><div class="product"><a href="https://www.amazon.com/dp/B0BN7WJFPR?tag=eloabder-20&linkCode=osi&th=1&psc=1"><img src="https://m.media-amazon.com/images/I/51vvJ6c6MPL._SL500_.jpg" alt="Product Image"></a><p>24 Colors Acrylic Paint Pens, Dual Tip Acrylic Paint Markers with Brush Tip and Fine Tip, Acrylic Pens for Rock Painting, Wood, Canvas, Stone, Glass, Ceramic,DIY Crafts Making Art Supplies</p><p>$9.99</p><a href="https://www.amazon.com/dp/B0BN7WJFPR?tag=eloabder-20&linkCode=osi&th=1&psc=1">View Product</a></div><div class="product"><a href="https://www.amazon.com/dp/B0CX1BD86P?tag=eloabder-20&linkCode=osi&th=1&psc=1"><img src="https://m.media-amazon.com/images/I/51w2YBDoYfL._SL500_.jpg" alt="Product Image"></a><p>TBC The Best Crafts 24 Colors Dual Tip Acrylic Paint Markers,Waterproof, Non-Toxic, odorless, Suitable for Paper, Pottery, Stones, Backpacks, Glass</p><p>$9.99</p><a href="https://www.amazon.com/dp/B0CX1BD86P?tag=eloabder-20&linkCode=osi&th=1&psc=1">View Product</a></div><div class="product"><a href="https://www.amazon.com/dp/B09SWJRSSX?tag=eloabder-20&linkCode=osi&th=1&psc=1"><img src="https://m.media-amazon.com/images/I/61OthBr2r9L._SL500_.jpg" alt="Product Image"></a><p>Acrylic Paint Pens Paint Markers Set of 18: Fine Point for Rock Painting Glass Wood Ceramic Fabric Metal Canvas Easter Eggs Pumpkin Kit, Drawing Art Crafts for Adults Scrapbooking Supplies</p><p>$10.99</p><a href="https://www.amazon.com/dp/B09SWJRSSX?tag=eloabder-20&linkCode=osi&th=1&psc=1">View Product</a></div><div class="product"><a href="https://www.amazon.com/dp/B09H2JRV1Y?tag=eloabder-20&linkCode=osi&th=1&psc=1"><img src="https://m.media-amazon.com/images/I/511FMxcdCzL._SL500_.jpg" alt="Product Image"></a><p>IVSUN 24 Colors Premium Extra Fine Point Acrylic Paint Marker Pens for Wood, Canvas, Stone, Rock Painting, Glass, Ceramic Surfaces, DIY Crafts Making Art Supplies (24PCS (0.7mm))</p><p>$8.99</p><a href="https://www.amazon.com/dp/B09H2JRV1Y?tag=eloabder-20&linkCode=osi&th=1&psc=1">View Product</a></div><div class="product"><a href="https://www.amazon.com/dp/B0BN8CW9ZY?tag=eloabder-20&linkCode=osi&th=1&psc=1"><img src="https://m.media-amazon.com/images/I/51n2byYcjqL._SL500_.jpg" alt="Product Image"></a><p>Acrylic Paint Pens Markers, 24 Colors Dual Tip Acrylic Paint Pens for Rock Painting, Wood, Canvas, Stone, Glass, Ceramic Surfaces, DIY Crafts Making Art Supplies (Round Tip and Fine Tip)</p><p>$9.99</p><a href="https://www.amazon.com/dp/B0BN8CW9ZY?tag=eloabder-20&linkCode=osi&th=1&psc=1">View Product</a></div><div class="product"><a href="https://www.amazon.com/dp/B07DB1TVND?tag=eloabder-20&linkCode=osi&th=1&psc=1"><img src="https://m.media-amazon.com/images/I/51KvMUBvqRL._SL500_.jpg" alt="Product Image"></a><p>JR.WHITE Acrylic Paint Pens Paint Markers for Rock Painting, Canvas, Wood, Glass, Fabric, Metal, Plastic, Arts Crafts Easter Eggs, Pumpkin, Scrapbooking Supplies, Graffiti Markers for Adults Kids</p><p>$11.19 ($0.93 / Count )</p><a href="https://www.amazon.com/dp/B07DB1TVND?tag=eloabder-20&linkCode=osi&th=1&psc=1">View Product</a></div><div class="product"><a href="https://www.amazon.com/dp/B07M6Y4FXZ?tag=eloabder-20&linkCode=osi&th=1&psc=1"><img src="https://m.media-amazon.com/images/I/61wQ1qJutWL._SL500_.jpg" alt="Product Image"></a><p>AROIC Paint Pens Paint Markers, 16 colors Oil-Based Waterproof Paint Marker Pen Set On Rock, Wood, Fabric, Metal, Plastic, Glass, Canvas, Mugs, Waterproof, DIY Craft and More</p><p>$11.99</p><a href="https://www.amazon.com/dp/B07M6Y4FXZ?tag=eloabder-20&linkCode=osi&th=1&psc=1">View Product</a></div>

<div class="product"><a href="https://www.amazon.com/dp/B0BQTYYVZH?tag=eloabder-20&linkCode=osi&th=1&psc=1"><img src="https://m.media-amazon.com/images/I/31i9+BVpDCL._SL500_.jpg" alt="Product Image"></a><p>Vanhench Brown Wrapping Paper, Craft Paper, Kraft Paper 17.5"x 1200"(100'), Gift Wrapping Bulletin Board Arts & Crafts, Bouquet Flower Table Covering Poster Packing Shipping Moving Supplies 65GSM 45LB</p><p>$5.98</p><a href="https://www.amazon.com/dp/B0BQTYYVZH?tag=eloabder-20&linkCode=osi&th=1&psc=1">View Product</a></div><div class="product"><a href="https://www.amazon.com/dp/B0CQZ1TYX9?tag=eloabder-20&linkCode=osi&th=1&psc=1"><img src="https://m.media-amazon.com/images/I/41RknmvlWSL._SL500_.jpg" alt="Product Image"></a><p>PerkHomy 36" x 2,400" (200') Brown Kraft Paper Roll for Gift Wrapping Bulletin Board Bouquet Flower Kids Wall Art Craft Packing Moving Shipping Parcel Postal Floor Covering Table Runner 70GSM 50LB</p><p>$30.99 ($0.05 / Sq Ft)</p><a href="https://www.amazon.com/dp/B0CQZ1TYX9?tag=eloabder-20&linkCode=osi&th=1&psc=1">View Product</a></div><div class="product"><a href="https://www.amazon.com/dp/B0C743LQ3M?tag=eloabder-20&linkCode=osi&th=1&psc=1"><img src="https://m.media-amazon.com/images/I/21HvZSNwJML._SL500_.jpg" alt="Product Image"></a><p>White Wrapping Paper Craft Paper Kraft Paper Roll 15" x 450", Bulletin Board Paper Roll, Arts & Crafts, Gift Wrapping Moving Packing Painting Drawing Paint Easel Poster Chart Paper, Kids Art Supplies</p><p>$4.99 ($0.11 / Sq Ft)</p><a href="https://www.amazon.com/dp/B0C743LQ3M?tag=eloabder-20&linkCode=osi&th=1&psc=1">View Product</a></div><div class="product"><a href="https://www.amazon.com/dp/B0D14FL3DF?tag=eloabder-20&linkCode=osi&th=1&psc=1"><img src="https://m.media-amazon.com/images/I/31IQZPHBHfL._SL500_.jpg" alt="Product Image"></a><p>SMART&CASUAL 15" x 450" (37.5') Kraft Paper Roll for Art Craft Supplies Gift Wrapping Moving Packing Kids Painting Drawing Paint Easel Poster Chart Paper (White, 15"W x 450"L (37.5'))</p><p>$4.98</p><a href="https://www.amazon.com/dp/B0D14FL3DF?tag=eloabder-20&linkCode=osi&th=1&psc=1">View Product</a></div><div class="product"><a href="https://www.amazon.com/dp/B0CX5D7W62?tag=eloabder-20&linkCode=osi&th=1&psc=1"><img src="https://m.media-amazon.com/images/I/31+skUeyllL._SL500_.jpg" alt="Product Image"></a><p>SMART&CASUAL 17.8"×1,200"(100') Brown Kraft Wrapping Paper for Craft Gift Bulletin Board Bouquet Flower Table Covering Packing Shipping Moving 70GSM 50LB</p><p>$7.98</p><a href="https://www.amazon.com/dp/B0CX5D7W62?tag=eloabder-20&linkCode=osi&th=1&psc=1">View Product</a></div><div class="product"><a href="https://www.amazon.com/dp/B0C2P7FGFM?tag=eloabder-20&linkCode=osi&th=1&psc=1"><img src="https://m.media-amazon.com/images/I/31Mnush+a-L._SL500_.jpg" alt="Product Image"></a><p>Brown Packing Paper 15"×450"(38'), Brown Paper Roll, Art Craft Paper, Kraft Paper Roll for Moving Boxes Supplies, Gift Wrapping Bouquet Flower Paper, Poster Bulletin Board Paper, Arts and Crafts</p><p>$4.99</p><a href="https://www.amazon.com/dp/B0C2P7FGFM?tag=eloabder-20&linkCode=osi&th=1&psc=1">View Product</a></div><div class="product"><a href="https://www.amazon.com/dp/B0BNCBSZRR?tag=eloabder-20&linkCode=osi&th=1&psc=1"><img src="https://m.media-amazon.com/images/I/31NTgModxdL._SL500_.jpg" alt="Product Image"></a><p>Kraft Paper Sheets - 15 x 15 in. - 240 Sheets of Brown Wrapping Paper – Heavy Duty Craft Paper for Shipping - Light Brown Construction Paper - 80 GSM - 375 Square feet</p><p>$23.89 ($0.10 / Count)</p><a href="https://www.amazon.com/dp/B0BNCBSZRR?tag=eloabder-20&linkCode=osi&th=1&psc=1">View Product</a></div><div class="product"><a href="https://www.amazon.com/dp/B09J9ZGX8S?tag=eloabder-20&linkCode=osi&th=1&psc=1"><img src="https://m.media-amazon.com/images/I/31R819QZXxL._SL500_.jpg" alt="Product Image"></a><p>IDL Packaging 36" x 2160" (180 ft) Brown Kraft Paper Roll, 30 lbs - Quality Paper for Packing, Moving, Shipping, Crafts - 100% Recyclable Natural Kraft Wrapping Paper</p><p>$33.95 ($0.06 / Sq Ft)</p><a href="https://www.amazon.com/dp/B09J9ZGX8S?tag=eloabder-20&linkCode=osi&th=1&psc=1">View Product</a></div>
<div class="product"><a href="https://www.amazon.com/dp/B0BR9M5GT6?tag=eloabder-20&linkCode=osi&th=1&psc=1"><img src="https://m.media-amazon.com/images/I/61jKQSVpNKL._SL500_.jpg" alt="Product Image"></a><p>Drawdart 47 Pack Acrylic Paint Set, 36 Colors Art Painting Supplies for Canvas Wood Fabric Ceramic Crafts, Non Toxic & Rich Pigments for Artists & Hobby Painters, 2 fl oz / 60 ml Bottles</p><p>$24.99 ($0.35 / Fl Oz)</p><a href="https://www.amazon.com/dp/B0BR9M5GT6?tag=eloabder-20&linkCode=osi&th=1&psc=1">View Product</a></div><div class="product"><a href="https://www.amazon.com/dp/B006AT7P6M?tag=eloabder-20&linkCode=osi&th=1&psc=1"><img src="https://m.media-amazon.com/images/I/415ZwGErxOL._SL500_.jpg" alt="Product Image"></a><p>Apple Barrel Acrylic Paint in Assorted Colors (2 oz), 20501, Bright Red</p><p>$0.58 ($0.29 / Fl Oz)</p><a href="https://www.amazon.com/dp/B006AT7P6M?tag=eloabder-20&linkCode=osi&th=1&psc=1">View Product</a></div><div class="product"><a href="https://www.amazon.com/dp/B0BNV7BMN2?tag=eloabder-20&linkCode=osi&th=1&psc=1"><img src="https://m.media-amazon.com/images/I/51K4iYzckvL._SL500_.jpg" alt="Product Image"></a><p>Fantastory Acrylic Paint Set, 24 Classic Colors(2oz), Professional Craft Paint Kit,Canvas/Rock/Stone/Ceramic/Model/Wood Painting with 12 Brushes</p><p>$25.99 ($0.36 / Fl Oz)</p><a href="https://www.amazon.com/dp/B0BNV7BMN2?tag=eloabder-20&linkCode=osi&th=1&psc=1">View Product</a></div><div class="product"><a href="https://www.amazon.com/dp/B0728B4CLJ?tag=eloabder-20&linkCode=osi&th=1&psc=1"><img src="https://m.media-amazon.com/images/I/41aBzZtF9-L._SL500_.jpg" alt="Product Image"></a><p>FolkArt Acrylic Paint in Assorted Colors (2 oz), , Mossy Meadow</p><p>$1.17 ($0.58 / Fl Oz)</p><a href="https://www.amazon.com/dp/B0728B4CLJ?tag=eloabder-20&linkCode=osi&th=1&psc=1">View Product</a></div><div class="product"><a href="https://www.amazon.com/dp/B0BY3G2CXG?tag=eloabder-20&linkCode=osi&th=1&psc=1"><img src="https://m.media-amazon.com/images/I/51Cn6kY12wL._SL500_.jpg" alt="Product Image"></a><p>36 Assorted Acrylic Paint Set by Craft Smart - Non-Toxic Paint for Drawing, Painting, Art & Crafts Supplies - 1 Pack</p><p>$28.98</p><a href="https://www.amazon.com/dp/B0BY3G2CXG?tag=eloabder-20&linkCode=osi&th=1&psc=1">View Product</a></div>

<div class="product"><a href="https://www.amazon.com/dp/B08722TFPH?tag=eloabder-20&linkCode=osi&th=1&psc=1"><img src="https://m.media-amazon.com/images/I/51DqPIU5lcL._SL500_.jpg" alt="Product Image"></a><p>LIUYAXI 20 Colors 100 Yard Satin Ribbon Fabric Ribbon Silk Ribbon Assorted Colors Rolls, 2/5" Wide 5 Yard/Roll, Ribbons Perfect for Gift Wrapping,Crafts, Hair Bows, Wedding Party Decoration and More</p><p>$7.99 ($0.03 / Foot)</p><a href="https://www.amazon.com/dp/B08722TFPH?tag=eloabder-20&linkCode=osi&th=1&psc=1">View Product</a></div><div class="product"><a href="https://www.amazon.com/dp/B08M3BDRX3?tag=eloabder-20&linkCode=osi&th=1&psc=1"><img src="https://m.media-amazon.com/images/I/51qwMfv7kXL._SL500_.jpg" alt="Product Image"></a><p>Winlyn 36 Colors 900 Yards Fabric Ribbons Satin Ribbons Metallic Glitter Ribbons Rolls Craft Ribbons Embellish Decorative Ribbons 2/5" Wide for Floral Bouquet Gifts Crafts Bows Party Wedding</p><p>$13.99 ($0.01 / Foot)</p><a href="https://www.amazon.com/dp/B08M3BDRX3?tag=eloabder-20&linkCode=osi&th=1&psc=1">View Product</a></div><div class="product"><a href="https://www.amazon.com/dp/B08NXF43DB?tag=eloabder-20&linkCode=osi&th=1&psc=1"><img src="https://m.media-amazon.com/images/I/51fTtUVKi5L._SL500_.jpg" alt="Product Image"></a><p>MEEDEE Rainbow Ribbon Solid Color Assortment 10 Colors Double Face Satin Ribbon for Gift Wrapping Happy Birthday Party Decorations, 3/8" X 5 Yard Each Total 50 Yds Per Package</p><p>$7.99 ($0.05 / Foot)</p><a href="https://www.amazon.com/dp/B08NXF43DB?tag=eloabder-20&linkCode=osi&th=1&psc=1">View Product</a></div><div class="product"><a href="https://www.amazon.com/dp/B01N8W0Z45?tag=eloabder-20&linkCode=osi&th=1&psc=1"><img src="https://m.media-amazon.com/images/I/61OkEfd-1BL._SL500_.jpg" alt="Product Image"></a><p>QingHan Grosgrain Ribbons for Crafts Gifts Wrapping 3/8" Boutique Polka Dot Fabric Ribbon 40yd (20 x 2yd)</p><p>$5.99 ($0.05 / Foot)</p><a href="https://www.amazon.com/dp/B01N8W0Z45?tag=eloabder-20&linkCode=osi&th=1&psc=1">View Product</a></div><div class="product"><a href="https://www.amazon.com/dp/B0CS5G5PCX?tag=eloabder-20&linkCode=osi&th=1&psc=1"><img src="https://m.media-amazon.com/images/I/51xzSU+d8QL._SL500_.jpg" alt="Product Image"></a><p>Ribbli Rainbow Satin Ribbon 3/8 Inch x 12 Rolls Total 60 Yards- Colorful Ribbon for Gift Wrapping Craft Party Decoration Baby Shower Wedding</p><p>$7.99 ($0.04 / Foot)</p><a href="https://www.amazon.com/dp/B0CS5G5PCX?tag=eloabder-20&linkCode=osi&th=1&psc=1">View Product</a></div><div class="product"><a href="https://www.amazon.com/dp/B009V35YVC?tag=eloabder-20&linkCode=osi&th=1&psc=1"><img src="https://m.media-amazon.com/images/I/41OYxs2N6GL._SL500_.jpg" alt="Product Image"></a><p>LaRibbons 10 Color 50Yards Solid Satin Ribbon,3/8" X 5 Yard/Roll Colorful Double Face Rainbow Ribbon for Crafts,Flower Bouquet,Gift Wrapping,Hair Bows,Birthday,Wedding Party Decoration</p><p>$4.99</p><a href="https://www.amazon.com/dp/B009V35YVC?tag=eloabder-20&linkCode=osi&th=1&psc=1">View Product</a></div><div class="product"><a href="https://www.amazon.com/dp/B07BDG8KXB?tag=eloabder-20&linkCode=osi&th=1&psc=1"><img src="https://m.media-amazon.com/images/I/61zpTp+xLjL._SL500_.jpg" alt="Product Image"></a><p>Supla 16 Colors 400 Yard Fabric Ribbon Silk Satin Roll Satin Ribbon Rolls in 2/5" Wide, 25 Yard/roll,16 Rolls,Satin Ribbon Fabric Ribbon Embellish Ribbon Ribbon for Bows Crafts Gifts Party Wedding</p><p>$8.99 ($0.01 / Foot)</p><a href="https://www.amazon.com/dp/B07BDG8KXB?tag=eloabder-20&linkCode=osi&th=1&psc=1">View Product</a></div><div class="product"><a href="https://www.amazon.com/dp/B0CRD7S24X?tag=eloabder-20&linkCode=osi&th=1&psc=1"><img src="https://m.media-amazon.com/images/I/51Xe-SI-ZHL._SL500_.jpg" alt="Product Image"></a><p>LIUYAXI 100 Yards Solid Grosgrain Ribbon, 3/8" X 5 Yard/Roll, 20 Colors Rainbow Multicolor Fabric Ribbons Roll Perfect for Crafts Gifts Wrapping Flower Bouquet Hair Bows & Other Projects</p><p>$7.99 ($0.03 / Foot)</p><a href="https://www.amazon.com/dp/B0CRD7S24X?tag=eloabder-20&linkCode=osi&th=1&psc=1">View Product</a></div>


<div class="product"><a href="https://www.amazon.com/dp/B08MZ6MQZM?tag=eloabder-20&linkCode=osi&th=1&psc=1"><img src="https://m.media-amazon.com/images/I/51rVPzuNy4L._SL500_.jpg" alt="Product Image"></a><p>Basic Shapes 1: Circles, Triangles, Squares, Ovals, 676 Pieces US Made Card Stock Punch Out Geometric Shapes in 3 Sizes and 4 PRIMARY Colors for Math, Pattern Play and DIY Crafting</p><p>$11.99</p><a href="https://www.amazon.com/dp/B08MZ6MQZM?tag=eloabder-20&linkCode=osi&th=1&psc=1">View Product</a></div><div class="product"><a href="https://www.amazon.com/dp/B072JW6NQT?tag=eloabder-20&linkCode=osi&th=1&psc=1"><img src="https://m.media-amazon.com/images/I/61uY6781clL._SL500_.jpg" alt="Product Image"></a><p>260 Pieces Colorful Glitter Foam Stickers Self Adhesive Stars Mini Heart Shapes Glitter Stickers, Kid's Arts Craft Supplies Greeting Cards Home Decoration Stars&Heart Shapes</p><p>$6.74 ($0.03 / Count)</p><a href="https://www.amazon.com/dp/B072JW6NQT?tag=eloabder-20&linkCode=osi&th=1&psc=1">View Product</a></div>


<div class="product"><a href="https://www.amazon.com/dp/B07KD1WKXY?tag=eloabder-20&linkCode=osi&th=1&psc=1"><img src="https://m.media-amazon.com/images/I/51y9zQOd9XL._SL500_.jpg" alt="Product Image"></a><p>(109 Yards/1.5mm/35 Colors Optional) Cotton Baker Twine DIY Craft Macramé Natural Cotton Rope Craft Making Knitting String Rope DIY Wedding Decor Supply Christmas Wrapping(deep green)</p><p>$4.98 ($0.02 / Foot)</p><a href="https://www.amazon.com/dp/B07KD1WKXY?tag=eloabder-20&linkCode=osi&th=1&psc=1">View Product</a></div><div class="product"><a href="https://www.amazon.com/dp/B0C7G868WP?tag=eloabder-20&linkCode=osi&th=1&psc=1"><img src="https://m.media-amazon.com/images/I/51YFxbYrxGL._SL500_.jpg" alt="Product Image"></a><p>Ohtomber Bracelet String Elastic Cord - 2 Rolls 1MM Stretchy String for Bracelet Making, Rainbow Elastic Bracelets String Thread for Clay Beads, Bracelets, Jewelry Making, Necklaces, Sewing and Crafts</p><p>$5.99 ($0.01 / Foot)</p><a href="https://www.amazon.com/dp/B0C7G868WP?tag=eloabder-20&linkCode=osi&th=1&psc=1">View Product</a></div>
<div class="product"><a href="https://www.amazon.com/dp/B0CHTZD63Q?tag=eloabder-20&linkCode=osi&th=1&psc=1"><img src="https://m.media-amazon.com/images/I/511hgeOlnkL._SL500_.jpg" alt="Product Image"></a><p>Secopad Scrapbook Tape, 4 Pack Double Sided Tape Roller for Crafts, Sticky Glue Tape Runner Scrapbooking Supplies Journaling School Office for Kids and Adults, 0.3IN x 26FT</p><p>$6.63 ($1.66 / Count)</p><a href="https://www.amazon.com/dp/B0CHTZD63Q?tag=eloabder-20&linkCode=osi&th=1&psc=1">View Product</a></div><div class="product"><a href="https://www.amazon.com/dp/B0BKZ2WVFY?tag=eloabder-20&linkCode=osi&th=1&psc=1"><img src="https://m.media-amazon.com/images/I/519ga5fVbbL._SL500_.jpg" alt="Product Image"></a><p>Guirnd 12PCS Colored Masking Tape, Kids Art Supplies Colored Tape, DIY Craft Tape, Colored Tape Rolls, Colored Painters Tape 1.7cm x 12m (2/3In x 13Yards)</p><p>$5.99 ($0.50 / Count)</p><a href="https://www.amazon.com/dp/B0BKZ2WVFY?tag=eloabder-20&linkCode=osi&th=1&psc=1">View Product</a></div><div class="product"><a href="https://www.amazon.com/dp/B0B1ZYCJPG?tag=eloabder-20&linkCode=osi&th=1&psc=1"><img src="https://m.media-amazon.com/images/I/51zcGqodSPL._SL500_.jpg" alt="Product Image"></a><p>Simetufy 5400 Pcs 1 Inch Tissue Paper Squares, 36 Assorted Colored Tissue Paper for Crafts, Art Rainbow Tissue Paper Bulk for Art Projects, Collage, Suncatchers, Scrapbooking - Non Bleeding</p><p>$7.49</p><a href="https://www.amazon.com/dp/B0B1ZYCJPG?tag=eloabder-20&linkCode=osi&th=1&psc=1">View Product</a></div>

<div class="product"><a href="https://www.amazon.com/dp/B07RZFHS87?tag=eloabder-20&linkCode=osi&th=1&psc=1"><img src="https://m.media-amazon.com/images/I/418QZBtYWTL._SL500_.jpg" alt="Product Image"></a><p>Lazydrop Double-Sided Tape for Arts, Crafts, Photography, Scrapbooking, Tear-by-Hand, Paper Backing (6 Rolls) (Width: 6mm/ 9mm/ 12mm/ 15mm)</p><p>$7.99 ($0.01 / Foot)</p><a href="https://www.amazon.com/dp/B07RZFHS87?tag=eloabder-20&linkCode=osi&th=1&psc=1">View Product</a></div><div class="product"><a href="https://www.amazon.com/dp/B0BPS4V3TG?tag=eloabder-20&linkCode=osi&th=1&psc=1"><img src="https://m.media-amazon.com/images/I/41fTeS+RuRL._SL500_.jpg" alt="Product Image"></a><p>Double Sided Tape for Crafts, Double-Sided Tape for Arts, Scrapbook Supplies, Photography, Gifts Box, Scrapbooking, Card Making, Paper Backing, Tear-by-Hand, 6 Roll Heavy Duty Multi-Size Adhesive Tape</p><p>$6.29 ($0.02 / Foot)</p><a href="https://www.amazon.com/dp/B0BPS4V3TG?tag=eloabder-20&linkCode=osi&th=1&psc=1">View Product</a></div><div class="product"><a href="https://www.amazon.com/dp/B098FCBMQV?tag=eloabder-20&linkCode=osi&th=1&psc=1"><img src="https://m.media-amazon.com/images/I/41E1XYg1+gL._SL500_.jpg" alt="Product Image"></a><p>Craftzilla Colored Masking Tape – 7 Roll Multi Pack – 210 Feet x 1 Inch of Colorful Craft Tape – Vibrant Rainbow Masking Tape –Colored Tape Rolls for Arts & Crafts, Labeling and Color-Coding</p><p>$12.95 ($0.01 / Foot)</p><a href="https://www.amazon.com/dp/B098FCBMQV?tag=eloabder-20&linkCode=osi&th=1&psc=1">View Product</a></div><div class="product"><a href="https://www.amazon.com/dp/B0CBRTT4SY?tag=eloabder-20&linkCode=osi&th=1&psc=1"><img src="https://m.media-amazon.com/images/I/41Ne5OTMBHL._SL500_.jpg" alt="Product Image"></a><p>XEHAHOSH 3 Rolls Double Sided Tape for Crafts, Arts, Scrapbooking, Photography, Paper Backing, Tear-by-Hand. 0.6in by 43-FT</p><p>$5.29</p><a href="https://www.amazon.com/dp/B0CBRTT4SY?tag=eloabder-20&linkCode=osi&th=1&psc=1">View Product</a></div><div class="product"><a href="https://www.amazon.com/dp/B08ZJB4XBX?tag=eloabder-20&linkCode=osi&th=1&psc=1"><img src="https://m.media-amazon.com/images/I/41FzzlZNG0L._SL500_.jpg" alt="Product Image"></a><p>8 Rolls Colored Masking Tape Rainbow Colors Painters Tape Colorful Craft Art Paper Tape for Kids Labeling Arts Crafts DIY Decorative Coding Decoration Teaching Supplies, 0.6 Inch x 16 Yard, 8 Colors</p><p>$6.99 ($0.87 / Count)</p><a href="https://www.amazon.com/dp/B08ZJB4XBX?tag=eloabder-20&linkCode=osi&th=1&psc=1">View Product</a></div><div class="product"><a href="https://www.amazon.com/dp/B09GDZH5PV?tag=eloabder-20&linkCode=osi&th=1&psc=1"><img src="https://m.media-amazon.com/images/I/41cZAy06SiL._SL500_.jpg" alt="Product Image"></a><p>DGTANGYIN 1/4" 2 Rolls Double Sided Adhesive Sticky Tape for Arts, DIY, Crafts, Photography, Scrapbooking, Card Making, Gift Wrapping, Office School Stationery Supplies, Home Supplies(Width: 6mm)</p><p>$3.99 ($0.00 / Foot)</p><a href="https://www.amazon.com/dp/B09GDZH5PV?tag=eloabder-20&linkCode=osi&th=1&psc=1">View Product</a></div>
<div class="product"><a href="https://www.amazon.com/dp/B09XR1XBWG?tag=eloabder-20&linkCode=osi&th=1&psc=1"><img src="https://m.media-amazon.com/images/I/31h+RS-Nv6L._SL500_.jpg" alt="Product Image"></a><p>10PCS 7mil Blank Mylar Stencil Sheets,12X12 inch Milky Translucent PET Blank Stencils Sheets,Template Material for Cutting Machines, Laser Cutting, Food-Safe Craft Plastic</p><p>$8.99</p><a href="https://www.amazon.com/dp/B09XR1XBWG?tag=eloabder-20&linkCode=osi&th=1&psc=1">View Product</a></div>

<div class="product"><a href="https://www.amazon.com/dp/B09TSLYX33?tag=eloabder-20&linkCode=osi&th=1&psc=1"><img src="https://m.media-amazon.com/images/I/41xNrpMfOLL._SL500_.jpg" alt="Product Image"></a><p>18 Gauge Aluminum Craft Wire, 165 Feet 1mm Bendable Metal Wire for Jewelry Making, Sculpting, Floral Making, Wreath Making, Crafting, Wire Wrapping, Christmas Ornaments (Silver)</p><p>$6.99</p><a href="https://www.amazon.com/dp/B09TSLYX33?tag=eloabder-20&linkCode=osi&th=1&psc=1">View Product</a></div><div class="product"><a href="https://www.amazon.com/dp/B002HRAEOG?tag=eloabder-20&linkCode=osi&th=1&psc=1"><img src="https://m.media-amazon.com/images/I/41HimGENjYL._SL500_.jpg" alt="Product Image"></a><p>FloraCraft 26 Gauge Floral Wire 270 Feet Bright Silver</p><p>$4.29</p><a href="https://www.amazon.com/dp/B002HRAEOG?tag=eloabder-20&linkCode=osi&th=1&psc=1">View Product</a></div><div class="product"><a href="https://www.amazon.com/dp/B06ZXY1PXB?tag=eloabder-20&linkCode=osi&th=1&psc=1"><img src="https://m.media-amazon.com/images/I/41Nh+1dv7FL._SL500_.jpg" alt="Product Image"></a><p>Mandala Crafts Anodized Aluminum Wire for Sculpting, Armature, Jewelry Making, Gem Metal Wrap, Garden, Colored and Soft, 1 Roll(14 Gauge, Silver)</p><p>$10.19 ($0.17 / Foot)</p><a href="https://www.amazon.com/dp/B06ZXY1PXB?tag=eloabder-20&linkCode=osi&th=1&psc=1">View Product</a></div><div class="product"><a href="https://www.amazon.com/dp/B07ZYNTH7D?tag=eloabder-20&linkCode=osi&th=1&psc=1"><img src="https://m.media-amazon.com/images/I/51ku4vQDwXL._SL500_.jpg" alt="Product Image"></a><p>12 Gauge Aluminum Wire 100 Feet, Anezus Metal Armature Wire Bendable Sculpting Wire for Crafts Wreath Making Jewelry Making Beading Floral (Silver, 2mm)</p><p>$12.99 ($0.13 / Foot)</p><a href="https://www.amazon.com/dp/B07ZYNTH7D?tag=eloabder-20&linkCode=osi&th=1&psc=1">View Product</a></div><div class="product"><a href="https://www.amazon.com/dp/B07CQL7Y5B?tag=eloabder-20&linkCode=osi&th=1&psc=1"><img src="https://m.media-amazon.com/images/I/51mHjBYsT0L._SL500_.jpg" alt="Product Image"></a><p>TecUnite Aluminum Craft Wire for Sculpting Armature Bendable Craft Wire for DIY Jewelry Making (1 Roll,Silver,10 M X 3 mm)</p><p>$8.99 ($0.27 / Foot)</p><a href="https://www.amazon.com/dp/B07CQL7Y5B?tag=eloabder-20&linkCode=osi&th=1&psc=1">View Product</a></div><div class="product"><a href="https://www.amazon.com/dp/B095Y844QP?tag=eloabder-20&linkCode=osi&th=1&psc=1"><img src="https://m.media-amazon.com/images/I/51w+5umyhOS._SL500_.jpg" alt="Product Image"></a><p>Tenn Well 12 Gauge Aluminum Wire, 100 Feet 2mm Bendable Metal Craft Wire for Sculpting, Armature, Jewelry Making, Floral Making, Doll Making, Modelling, Crafting, Bonsai Training</p><p>$11.99 ($0.12 / Foot)</p><a href="https://www.amazon.com/dp/B095Y844QP?tag=eloabder-20&linkCode=osi&th=1&psc=1">View Product</a></div>
<div class="product"><a href="https://www.amazon.com/dp/B0CYPH4FLQ?tag=eloabder-20&linkCode=osi&th=1&psc=1"><img src="https://m.media-amazon.com/images/I/41u786i6oZL._SL500_.jpg" alt="Product Image"></a><p>DIYDEC 24 Pack Basswood Sheets 4 x 6 x 1/16 Inch Thin Plywood Wood Sheets Unfinished Wood Squares Boards Balsa Wood Sheets for Crafts Architectural Models Laser Cutting Wood Burning and Drawing</p><p>$6.99</p><a href="https://www.amazon.com/dp/B0CYPH4FLQ?tag=eloabder-20&linkCode=osi&th=1&psc=1">View Product</a></div><div class="product"><a href="https://www.amazon.com/dp/B082HR4RV3?tag=eloabder-20&linkCode=osi&th=1&psc=1"><img src="https://m.media-amazon.com/images/I/51kfms0w39L._SL500_.jpg" alt="Product Image"></a><p>5ARTH Natural Wood Slices - 30 Pcs 3.5-4 inches Craft Unfinished Wood kit Predrilled with Hole Wooden Circles for Arts Wood Slices Christmas Ornaments DIY Crafts</p><p>$21.99</p><a href="https://www.amazon.com/dp/B082HR4RV3?tag=eloabder-20&linkCode=osi&th=1&psc=1">View Product</a></div>
<div class="product"><a href="https://www.amazon.com/dp/B089T7PX27?tag=eloabder-20&linkCode=osi&th=1&psc=1"><img src="https://m.media-amazon.com/images/I/41aDJyks7kL._SL500_.jpg" alt="Product Image"></a><p>Crayola Air Dry Clay (5lbs), Natural White Modeling Clay for Kids, Sculpting Material, Bulk Craft Supplies for School Classrooms [Amazon Exclusive]</p><p>$17.41</p><a href="https://www.amazon.com/dp/B089T7PX27?tag=eloabder-20&linkCode=osi&th=1&psc=1">View Product</a></div><div class="product"><a href="https://www.amazon.com/dp/B0BDM5WLQX?tag=eloabder-20&linkCode=osi&th=1&psc=1"><img src="https://m.media-amazon.com/images/I/41oBPm5+PkL._SL500_.jpg" alt="Product Image"></a><p>ifergoo White Air Dry Clay, Modeling Clay for School Art & Craft Project. Refill White Clay for Kids Age 3-12, Boys and Girls Gift</p><p>$6.99 ($1.65 / Ounce)</p><a href="https://www.amazon.com/dp/B0BDM5WLQX?tag=eloabder-20&linkCode=osi&th=1&psc=1">View Product</a></div><div class="product"><a href="https://www.amazon.com/dp/B0B8TLRRKM?tag=eloabder-20&linkCode=osi&th=1&psc=1"><img src="https://m.media-amazon.com/images/I/418ijOdZBzL._SL500_.jpg" alt="Product Image"></a><p>Pepy Premium European Air Dry Modeling Clay White 2.2 lb Bar, Easy to Use Air-Hardening Clay for Classroom and Montessori Sculpting and Crafts Projects</p><p>$9.97 ($0.28 / Ounce)</p><a href="https://www.amazon.com/dp/B0B8TLRRKM?tag=eloabder-20&linkCode=osi&th=1&psc=1">View Product</a></div>

<div class="product"><a href="https://www.amazon.com/dp/B083TT4XVN?tag=eloabder-20&linkCode=osi&th=1&psc=1"><img src="https://m.media-amazon.com/images/I/41QMxzlQglL._SL500_.jpg" alt="Product Image"></a><p>6" Jumbo Wood Craft Sticks - Pack of 1,000</p><p>$15.21 ($0.02 / Count)</p><a href="https://www.amazon.com/dp/B083TT4XVN?tag=eloabder-20&linkCode=osi&th=1&psc=1">View Product</a></div><div class="product"><a href="https://www.amazon.com/dp/B0B9RRJ2BG?tag=eloabder-20&linkCode=osi&th=1&psc=1"><img src="https://m.media-amazon.com/images/I/31gmdN8H+PL._SL500_.jpg" alt="Product Image"></a><p>Perfect Stix Wooden Poplar Wood Craft Sticks. Jumbo Size, 6 x 3/4, Wood, Natural Poplar Wood, 500Ct. Multipurpose Craft, Popsicles, Waxing, Arts and Crafts.</p><p>$9.68</p><a href="https://www.amazon.com/dp/B0B9RRJ2BG?tag=eloabder-20&linkCode=osi&th=1&psc=1">View Product</a></div><div class="product"><a href="https://www.amazon.com/dp/B08R31MRJ9?tag=eloabder-20&linkCode=osi&th=1&psc=1"><img src="https://m.media-amazon.com/images/I/51fYWGLzOGL._SL500_.jpg" alt="Product Image"></a><p>Pandaspa 200 Pieces Jumbo Craft Sticks, Premium Natural Wood for Building, Mixing, and Creating Craft Projects, Size 6 x 3/4</p><p>$9.95</p><a href="https://www.amazon.com/dp/B08R31MRJ9?tag=eloabder-20&linkCode=osi&th=1&psc=1">View Product</a></div><div class="product"><a href="https://www.amazon.com/dp/B081R25K4S?tag=eloabder-20&linkCode=osi&th=1&psc=1"><img src="https://m.media-amazon.com/images/I/41vxFW4BIvL._SL500_.jpg" alt="Product Image"></a><p>Perfect Stix - PS-114st-1,000 4.5" Craft Sticks/ Ice Cream Sticks/ Natural Wood - Box of 1,000ct</p><p>$13.99</p><a href="https://www.amazon.com/dp/B081R25K4S?tag=eloabder-20&linkCode=osi&th=1&psc=1">View Product</a></div><div class="product"><a href="https://www.amazon.com/dp/B08NY4HWVH?tag=eloabder-20&linkCode=osi&th=1&psc=1"><img src="https://m.media-amazon.com/images/I/41qHSFWo+AL._SL500_.jpg" alt="Product Image"></a><p>Fansunta 100pcs 15.7x0.35 Inch Strong Natural Bamboo Sticks, Wooden Craft Sticks, Extra Long Sticks, Wood Strips for Craft Projects</p><p>$11.99</p><a href="https://www.amazon.com/dp/B08NY4HWVH?tag=eloabder-20&linkCode=osi&th=1&psc=1">View Product</a></div>
<div class="product"><a href="https://www.amazon.com/dp/B0CY84GCRZ?tag=eloabder-20&linkCode=osi&th=1&psc=1"><img src="https://m.media-amazon.com/images/I/315gdwLiZfL._SL500_.jpg" alt="Product Image"></a><p>14 Rolls Double Sided Tape for Crafts Scrapbooking Multi-Purpose and Multi-Size Tape for Arts, Photography, Gift Boxes, Card Making, Paper Backing, Office Supplies(3mm/5mm/8mm/10mm/12mm/15mm/18mm)</p><p>$4.99 ($0.36 / Count)</p><a href="https://www.amazon.com/dp/B0CY84GCRZ?tag=eloabder-20&linkCode=osi&th=1&psc=1">View Product</a></div>

<div class="product"><a href="https://www.amazon.com/dp/B0D14HHL9F?tag=eloabder-20&linkCode=osi&th=1&psc=1"><img src="https://m.media-amazon.com/images/I/31pj+acWaSL._SL500_.jpg" alt="Product Image"></a><p>Weeding Tools for Vinyl,Vinyl Weeding Tools for Permanent Vinyl/HTV Vinyl/Holographic Vinyl,Craft Vinyl Weeding Tools Kit with Hook and Pick with Tweezers</p><p>$4.99</p><a href="https://www.amazon.com/dp/B0D14HHL9F?tag=eloabder-20&linkCode=osi&th=1&psc=1">View Product</a></div>
<div class="product"><a href="https://www.amazon.com/dp/B06XDJJ6D1?tag=eloabder-20&linkCode=osi&th=1&psc=1"><img src="https://m.media-amazon.com/images/I/516tOQjdgIL._SL500_.jpg" alt="Product Image"></a><p>Color Swell Bulk Crayon Packs - 36 Boxes of 24 Vibrant Colored Durable Bulk Crayons of Teacher Quality for Classroom and Home</p><p>$36.99</p><a href="https://www.amazon.com/dp/B06XDJJ6D1?tag=eloabder-20&linkCode=osi&th=1&psc=1">View Product</a></div><div class="product"><a href="https://www.amazon.com/dp/B0D2W1SJHC?tag=eloabder-20&linkCode=osi&th=1&psc=1"><img src="https://m.media-amazon.com/images/I/51Of59YBGeL._SL500_.jpg" alt="Product Image"></a><p>Shuttle Art Crayons Bulk Set - 40 Boxes of 24 Assorted Colors, 960 Count Durable & Non-Toxic Teacher-Quality Crayons, School Supplies bulk in Crayons For Family Class Party Favors</p><p>$36.99</p><a href="https://www.amazon.com/dp/B0D2W1SJHC?tag=eloabder-20&linkCode=osi&th=1&psc=1">View Product</a></div><div class="product"><a href="https://www.amazon.com/dp/B013I7IQTS?tag=eloabder-20&linkCode=osi&th=1&psc=1"><img src="https://m.media-amazon.com/images/I/51eRV44y2SL._SL500_.jpg" alt="Product Image"></a><p>Crayola Crayons, 8 Count (Case of 48)</p><p>$43.03</p><a href="https://www.amazon.com/dp/B013I7IQTS?tag=eloabder-20&linkCode=osi&th=1&psc=1">View Product</a></div><div class="product"><a href="https://www.amazon.com/dp/B07F98CYQ2?tag=eloabder-20&linkCode=osi&th=1&psc=1"><img src="https://m.media-amazon.com/images/I/51pOC5gmdFL._SL500_.jpg" alt="Product Image"></a><p>Craytastic! 52 Sets of 4-Packs in Cello (208 Count total bulk Crayons) - Large Box of Crayons Bulk For School Teachers, Restaurants, Party Favors, Crayon Packs, Non-Toxic Crayons</p><p>$13.79</p><a href="https://www.amazon.com/dp/B07F98CYQ2?tag=eloabder-20&linkCode=osi&th=1&psc=1">View Product</a></div><div class="product"><a href="https://www.amazon.com/dp/B01HZMQA0Y?tag=eloabder-20&linkCode=osi&th=1&psc=1"><img src="https://m.media-amazon.com/images/I/51GSg7CA-YL._SL500_.jpg" alt="Product Image"></a><p>Colorations Regular Size Triangular Crayon Class Pack, 16 Colors, 13 of Each, Set of 208, Easy to Hold & Grip, Toddler Crayons, Non Toxic Crayons, Kids Crayons, Bulk School Supplies, Triangle Crayons</p><p>$42.98 ($0.21 / Count)</p><a href="https://www.amazon.com/dp/B01HZMQA0Y?tag=eloabder-20&linkCode=osi&th=1&psc=1">View Product</a></div>
<div class="product"><a href="https://www.amazon.com/dp/B07JPL5NYX?tag=eloabder-20&linkCode=osi&th=1&psc=1"><img src="https://m.media-amazon.com/images/I/31B4rKplkML._SL500_.jpg" alt="Product Image"></a><p>Similane 6 Pieces Aida Cloth 14 Count Cross Stitch Fabric, White, 12 by 18-Inch</p><p>$7.99 ($1.33 / Count)</p><a href="https://www.amazon.com/dp/B07JPL5NYX?tag=eloabder-20&linkCode=osi&th=1&psc=1">View Product</a></div><div class="product"><a href="https://www.amazon.com/dp/B0BRK6L377?tag=eloabder-20&linkCode=osi&th=1&psc=1"><img src="https://m.media-amazon.com/images/I/31xWAZsouYL._SL500_.jpg" alt="Product Image"></a><p>Caydo 6 Pieces Aida Cloth 14 Count White Cross Stitch Fabric for Craft Embroidery, Handmade Needlework, DIY Handicrafts, 12 by 18-Inch</p><p>$7.98</p><a href="https://www.amazon.com/dp/B0BRK6L377?tag=eloabder-20&linkCode=osi&th=1&psc=1">View Product</a></div><div class="product"><a href="https://www.amazon.com/dp/B08BN8LNS1?tag=eloabder-20&linkCode=osi&th=1&psc=1"><img src="https://m.media-amazon.com/images/I/51RTXXBsvhL._SL500_.jpg" alt="Product Image"></a><p>Cross Stitch Aida Fabric 14 Count, 59 by 39 Inch Large Size, Classic Reserve Cross Stitch Aida Cloth for Home DIY Embroidery Decoration</p><p>$13.97</p><a href="https://www.amazon.com/dp/B08BN8LNS1?tag=eloabder-20&linkCode=osi&th=1&psc=1">View Product</a></div><div class="product"><a href="https://www.amazon.com/dp/B09LC7RLFC?tag=eloabder-20&linkCode=osi&th=1&psc=1"><img src="https://m.media-amazon.com/images/I/51OyNFAB2HL._SL500_.jpg" alt="Product Image"></a><p>Aida Cloth 14 Count Cross Stitch Fabric,19×28inch (14CT, Off White)</p><p>$12.99</p><a href="https://www.amazon.com/dp/B09LC7RLFC?tag=eloabder-20&linkCode=osi&th=1&psc=1">View Product</a></div><div class="product"><a href="https://www.amazon.com/dp/B08BHLPZB1?tag=eloabder-20&linkCode=osi&th=1&psc=1"><img src="https://m.media-amazon.com/images/I/51ujyg-qk5L._SL500_.jpg" alt="Product Image"></a><p>59 by 39-Inch Cross Stitch Fabric, 14 Count Big Size Classic Reserve Aida Cloth,White</p><p>$13.97</p><a href="https://www.amazon.com/dp/B08BHLPZB1?tag=eloabder-20&linkCode=osi&th=1&psc=1">View Product</a></div><div class="product"><a href="https://www.amazon.com/dp/B089N8H68K?tag=eloabder-20&linkCode=osi&th=1&psc=1"><img src="https://m.media-amazon.com/images/I/61UXobKcmpL._SL500_.jpg" alt="Product Image"></a><p>Caydo 8 Pieces Aida Cloth 8 Color 14 Count Classic Reserve Cross Stitch Fabric, 12 by 18-Inch</p><p>$15.99</p><a href="https://www.amazon.com/dp/B089N8H68K?tag=eloabder-20&linkCode=osi&th=1&psc=1">View Product</a></div><div class="product"><a href="https://www.amazon.com/dp/B0B647GLFL?tag=eloabder-20&linkCode=osi&th=1&psc=1"><img src="https://m.media-amazon.com/images/I/51TmM7qAMBL._SL500_.jpg" alt="Product Image"></a><p>14CT Easy Count Thread Grid Aida Cloth Embroidery Cross Stitch Fabric, Green Grid, W29" x L39"</p><p>$16.50</p><a href="https://www.amazon.com/dp/B0B647GLFL?tag=eloabder-20&linkCode=osi&th=1&psc=1">View Product</a></div>




<div class="product"><a href="https://www.amazon.com/dp/B0D3HPD7WP?tag=eloabder-20&linkCode=osi&th=1&psc=1"><img src="https://m.media-amazon.com/images/I/31KSmmAWUWL._SL500_.jpg" alt="Product Image"></a><p>50 Sheets Grey Cardstock Paper, Colored Printer Paper 8.5 x 11, Thick Construction Paper for Cards Making, Scrapbook，Office Printing, Invitations, Certificates，DIY Crafting 92 lb/250gsm</p><p>$9.99</p><a href="https://www.amazon.com/dp/B0D3HPD7WP?tag=eloabder-20&linkCode=osi&th=1&psc=1">View Product</a></div>
<div class="product"><a href="https://www.amazon.com/dp/B076CP6F36?tag=eloabder-20&linkCode=osi&th=1&psc=1"><img src="https://m.media-amazon.com/images/I/51rfEIvgI+L._SL500_.jpg" alt="Product Image"></a><p>Apple Barrel, Vibrant Spectrum Collection Acrylic Craft Paint, PROMOABIII, 2 fl oz each, 16 assorted matte colors, 16 count</p><p>$15.97 ($0.50 / Fl Oz)</p><a href="https://www.amazon.com/dp/B076CP6F36?tag=eloabder-20&linkCode=osi&th=1&psc=1">View Product</a></div><div class="product"><a href="https://www.amazon.com/dp/B0BKFLSYQF?tag=eloabder-20&linkCode=osi&th=1&psc=1"><img src="https://m.media-amazon.com/images/I/51a0PmPRknL._SL500_.jpg" alt="Product Image"></a><p>72 Pack Acrylic Paint Set, Shuttle Art 60 Colors Acrylic Paint Including Extra White Black & 12 Brushes, 2oz/60ml, Rich Pigmented, Water Proof, Ideal for Artists, Beginners on Canvas Rock Wood Ceramic</p><p>$45.99 ($23.00 / Fl Oz)</p><a href="https://www.amazon.com/dp/B0BKFLSYQF?tag=eloabder-20&linkCode=osi&th=1&psc=1">View Product</a></div><div class="product"><a href="https://www.amazon.com/dp/B08CB3JH79?tag=eloabder-20&linkCode=osi&th=1&psc=1"><img src="https://m.media-amazon.com/images/I/51OUZsFdnTL._SL500_.jpg" alt="Product Image"></a><p>Acrylic Paint Set of 36 Colors 2fl oz 60ml Bottles,Non Toxic 36 Colors Acrylic Paint No Fading Rich Pigment for Kids Adults Artists Canvas Crafts Wood Painting</p><p>$32.99 ($0.46 / Fl Oz)</p><a href="https://www.amazon.com/dp/B08CB3JH79?tag=eloabder-20&linkCode=osi&th=1&psc=1">View Product</a></div><div class="product"><a href="https://www.amazon.com/dp/B0018NBVKQ?tag=eloabder-20&linkCode=osi&th=1&psc=1"><img src="https://m.media-amazon.com/images/I/31YlSvZMTCL._SL500_.jpg" alt="Product Image"></a><p>Apple Barrel Acrylic Paint in Assorted Colors (8 Ounce), 20403 White</p><p>$2.67 ($0.33 / Fl Oz)</p><a href="https://www.amazon.com/dp/B0018NBVKQ?tag=eloabder-20&linkCode=osi&th=1&psc=1">View Product</a></div><div class="product"><a href="https://www.amazon.com/dp/B077WSBLZ1?tag=eloabder-20&linkCode=osi&th=1&psc=1"><img src="https://m.media-amazon.com/images/I/51KPkXpLn1L._SL500_.jpg" alt="Product Image"></a><p>Shuttle Art Acrylic Paint Set, 30 x12ml Tubes Artist Quality Non Toxic Rich Pigments Colors Great for Kids Adults Professional Painting on Rocks Canvas Wood Clay Fabric Ceramic Crafts</p><p>$12.99 ($1.08 / Fl Oz)</p><a href="https://www.amazon.com/dp/B077WSBLZ1?tag=eloabder-20&linkCode=osi&th=1&psc=1">View Product</a></div><div class="product"><a href="https://www.amazon.com/dp/B00889Z5Y6?tag=eloabder-20&linkCode=osi&th=1&psc=1"><img src="https://m.media-amazon.com/images/I/41MQjsyDbSL._SL500_.jpg" alt="Product Image"></a><p>Apple Barrel Acrylic Paint in Assorted Colors (2 oz), 20764, Apricot</p><p>$0.58 ($0.29 / Fl Oz)</p><a href="https://www.amazon.com/dp/B00889Z5Y6?tag=eloabder-20&linkCode=osi&th=1&psc=1">View Product</a></div><div class="product"><a href="https://www.amazon.com/dp/B09TWQD5ZL?tag=eloabder-20&linkCode=osi&th=1&psc=1"><img src="https://m.media-amazon.com/images/I/41B0L003QXL._SL500_.jpg" alt="Product Image"></a><p>Artkey Acrylic Paint Set - 24 colors 2 oz/59 ml Acrylic Paints Professional Artists Painting Kit for Canvases Fabric Rock Leather Easter Egg Wood Ceramic Glass Art Craft Painting</p><p>$19.99 ($0.42 / Fl Oz)</p><a href="https://www.amazon.com/dp/B09TWQD5ZL?tag=eloabder-20&linkCode=osi&th=1&psc=1">View Product</a></div><div class="product"><a href="https://www.amazon.com/dp/B07Z93LQDB?tag=eloabder-20&linkCode=osi&th=1&psc=1"><img src="https://m.media-amazon.com/images/I/51veoN6zK0L._SL500_.jpg" alt="Product Image"></a><p>Shuttle Art Acrylic Paint Set, 36 Colors Acrylic Paint with Brushes & Palette, 2oz Bottles, Rich Pigments Non-toxic Paint for Artists Kids & Adults, Art Supplies for Canvas Rock Ceramic Wood Painting</p><p>$27.99</p><a href="https://www.amazon.com/dp/B07Z93LQDB?tag=eloabder-20&linkCode=osi&th=1&psc=1">View Product</a></div><div class="product"><a href="https://www.amazon.com/dp/B002665SYY?tag=eloabder-20&linkCode=osi&th=1&psc=1"><img src="https://m.media-amazon.com/images/I/31sJJeWK6OS._SL500_.jpg" alt="Product Image"></a><p>Liquitex BASICS Acrylic Paint, 250ml (8.5-oz) Tube, Titanium White</p><p>$9.99 ($1.18 / Fl Oz)</p><a href="https://www.amazon.com/dp/B002665SYY?tag=eloabder-20&linkCode=osi&th=1&psc=1">View Product</a></div>
<div class="product"><a href="https://www.amazon.com/dp/B0CC98XLGL?tag=eloabder-20&linkCode=osi&th=1&psc=1"><img src="https://m.media-amazon.com/images/I/51ZLw+nThiL._SL500_.jpg" alt="Product Image"></a><p>HUIRUSO 4 Pack Double Sided Tape Roller, Scrapbook Supplies, Glue Tape Roller for Crafts, Double-Sided Adhesive Tape Runner for Scrapbooking, School Office Journaling Supplies (0.31 in X 26.25 ft)</p><p>$6.99 ($1.75 / Count)</p><a href="https://www.amazon.com/dp/B0CC98XLGL?tag=eloabder-20&linkCode=osi&th=1&psc=1">View Product</a></div><div class="product"><a href="https://www.amazon.com/dp/B007XAAE6K?tag=eloabder-20&linkCode=osi&th=1&psc=1"><img src="https://m.media-amazon.com/images/I/414qxYVR0wL._SL500_.jpg" alt="Product Image"></a><p>Scotch Double Sided Tape Runner, 1-Pack, 0.27 in x 26 ft., Perfect for Holiday Crafts, Gifts, and More</p><p>$4.47</p><a href="https://www.amazon.com/dp/B007XAAE6K?tag=eloabder-20&linkCode=osi&th=1&psc=1">View Product</a></div><div class="product"><a href="https://www.amazon.com/dp/B0BZVGPFSK?tag=eloabder-20&linkCode=osi&th=1&psc=1"><img src="https://m.media-amazon.com/images/I/51-ue9+7JkL._SL500_.jpg" alt="Product Image"></a><p>Birllaid Double Sided Tape for Walls, Picture Hanging Strips Removable Mounting Dots Adhesive Heavy Duty, Removable for Art Craft, Decoration, Party Supplies, Multipurpose</p><p>$11.99</p><a href="https://www.amazon.com/dp/B0BZVGPFSK?tag=eloabder-20&linkCode=osi&th=1&psc=1">View Product</a></div><div class="product"><a href="https://www.amazon.com/dp/B0CGVN9SL1?tag=eloabder-20&linkCode=osi&th=1&psc=1"><img src="https://m.media-amazon.com/images/I/41Hy+i4CnoL._SL500_.jpg" alt="Product Image"></a><p>30Ft x 1 Inch Hook and Loop Strips with Adhesive,Double Rolls of Heavy Duty Self Adhesive Tape with Backing, Nylon Self Adhesive Tape for Home Office School and Crafting,White</p><p>$9.99</p><a href="https://www.amazon.com/dp/B0CGVN9SL1?tag=eloabder-20&linkCode=osi&th=1&psc=1">View Product</a></div><div class="product"><a href="https://www.amazon.com/dp/B07Y3VDPLF?tag=eloabder-20&linkCode=osi&th=1&psc=1"><img src="https://m.media-amazon.com/images/I/41cyKQ2OMuL._SL500_.jpg" alt="Product Image"></a><p>Melsan 1x4 inch Hook and Loop Strips with Adhesive - 15 Sets, Strong Back Adhesive Fasten Mounting Tape for Home or Office Use - Instead of Holes and Screws, Black</p><p>$7.82</p><a href="https://www.amazon.com/dp/B07Y3VDPLF?tag=eloabder-20&linkCode=osi&th=1&psc=1">View Product</a></div><div class="product"><a href="https://www.amazon.com/dp/B07V57VJT5?tag=eloabder-20&linkCode=osi&th=1&psc=1"><img src="https://m.media-amazon.com/images/I/514JO3bvl3L._SL500_.jpg" alt="Product Image"></a><p>XFasten Adhesive Roller for Scrapbooking, 8mm x 30ft 4-Pack Double Sided Glue Tape Roller, Scrapbook Supplies for Adults, Photo Tape for Scrapbooking</p><p>$9.99 ($2.50 / Count)</p><a href="https://www.amazon.com/dp/B07V57VJT5?tag=eloabder-20&linkCode=osi&th=1&psc=1">View Product</a></div><div class="product"><a href="https://www.amazon.com/dp/B07JLTGQHX?tag=eloabder-20&linkCode=osi&th=1&psc=1"><img src="https://m.media-amazon.com/images/I/51Eqfo7kUZL._SL500_.jpg" alt="Product Image"></a><p>UPINS 120 Pack Double Sided Foam Tape Square Self-Adhesive Foam Tape Black Strong Tape Pads for DIY Art Crafts Supplies</p><p>$9.99 ($0.08 / Count)</p><a href="https://www.amazon.com/dp/B07JLTGQHX?tag=eloabder-20&linkCode=osi&th=1&psc=1">View Product</a></div><div class="product"><a href="https://www.amazon.com/dp/B005FM6XF4?tag=eloabder-20&linkCode=osi&th=1&psc=1"><img src="https://m.media-amazon.com/images/I/51-vp1WJ89L._SL500_.jpg" alt="Product Image"></a><p>AdTech 5603 Permanent Crafter's Tape, 0.31" x 315", Pack of 4</p><p>$7.84 ($0.07 / Foot)</p><a href="https://www.amazon.com/dp/B005FM6XF4?tag=eloabder-20&linkCode=osi&th=1&psc=1">View Product</a></div><div class="product"><a href="https://www.amazon.com/dp/B0CJF1FLFJ?tag=eloabder-20&linkCode=osi&th=1&psc=1"><img src="https://m.media-amazon.com/images/I/51dig1RqzdL._SL500_.jpg" alt="Product Image"></a><p>UPINS 150Pack Double Sided Foam Tape Strong Sticky Double Sided Foam Pads for Crafts Self-Adhesive Mounting Foam Tape Heavy Duty for Home Wall Decor 40 * 40 * 2mm</p><p>$8.99 ($0.06 / Count)</p><a href="https://www.amazon.com/dp/B0CJF1FLFJ?tag=eloabder-20&linkCode=osi&th=1&psc=1">View Product</a></div><div class="product"><a href="https://www.amazon.com/dp/B0D4YWRGCL?tag=eloabder-20&linkCode=osi&th=1&psc=1"><img src="https://m.media-amazon.com/images/I/41EqJ553-KL._SL500_.jpg" alt="Product Image"></a><p>Amanbo Glue Tape for Scrapbooking, 6 Pack Scrapbook Tape, Double Sided Tape Roller for Crafts, Total 120 Ft x 0.24 in Tape Runner, Craft Supplies for Scrapbooking, Gift Wrapping and Photo Tape</p><p>$6.99</p><a href="https://www.amazon.com/dp/B0D4YWRGCL?tag=eloabder-20&linkCode=osi&th=1&psc=1">View Product</a></div>
<div class="product"><a href="https://www.amazon.com/dp/B0CC5HPPTN?tag=eloabder-20&linkCode=osi&th=1&psc=1"><img src="https://m.media-amazon.com/images/I/519M81S201L._SL500_.jpg" alt="Product Image"></a><p>Airbrush Paint - 30 Colors with 3 Thinner, Ready to Spray Airbrush Paint Set, Water-Based Acrylic Air brush Paints for Metal, Plastic Models, Canvas, Wood, 20ml/Bottle</p><p>$32.99 ($1.48 / Fl Oz)</p><a href="https://www.amazon.com/dp/B0CC5HPPTN?tag=eloabder-20&linkCode=osi&th=1&psc=1">View Product</a></div>
<div class="product"><a href="https://www.amazon.com/dp/B0CXPSGK36?tag=eloabder-20&linkCode=osi&th=1&psc=1"><img src="https://m.media-amazon.com/images/I/51dd2dYOtrL._SL500_.jpg" alt="Product Image"></a><p>Letter Stickers 30 Sheets 1500 PCS Large Alphabet Sticker 2 Inch Vinyl Self Adhesive Stick on Stickers for Water Bottles Cup Mailbox Number Address Craft Scrapbooking Bulletin Board Decor Multicolor</p><p>$9.99</p><a href="https://www.amazon.com/dp/B0CXPSGK36?tag=eloabder-20&linkCode=osi&th=1&psc=1">View Product</a></div><div class="product"><a href="https://www.amazon.com/dp/B07NNYFMGY?tag=eloabder-20&linkCode=osi&th=1&psc=1"><img src="https://m.media-amazon.com/images/I/51yDnU+gEXL._SL500_.jpg" alt="Product Image"></a><p>20 Sheets Alphabet Letter Stickers 10 Colors Self Adhesive Sticker Colorful PU Material Convex Feeling (Colored Letter Stickers 1)</p><p>$6.99 ($0.35 / Count)</p><a href="https://www.amazon.com/dp/B07NNYFMGY?tag=eloabder-20&linkCode=osi&th=1&psc=1">View Product</a></div>

<div class="product"><a href="https://www.amazon.com/dp/B01DDN8854?tag=eloabder-20&linkCode=osi&th=1&psc=1"><img src="https://m.media-amazon.com/images/I/61dPubDZBSL._SL500_.jpg" alt="Product Image"></a><p>Hugs 'n Kisses HNKHABY13 Applique Paper (20 Pack)</p><p>$19.72 ($0.99 / Count)</p><a href="https://www.amazon.com/dp/B01DDN8854?tag=eloabder-20&linkCode=osi&th=1&psc=1">View Product</a></div>
<div class="product"><a href="https://www.amazon.com/dp/B09KPNFJW1?tag=eloabder-20&linkCode=osi&th=1&psc=1"><img src="https://m.media-amazon.com/images/I/41abn5fELmL._SL500_.jpg" alt="Product Image"></a><p>UniPleased Disposable Aprons (50 Count), Plastic apron for Painting Party, Cooking, Housework, Picnic etc.</p><p>$5.69</p><a href="https://www.amazon.com/dp/B09KPNFJW1?tag=eloabder-20&linkCode=osi&th=1&psc=1">View Product</a></div>
<div class="product"><a href="https://www.amazon.com/dp/B087M21MM2?tag=eloabder-20&linkCode=osi&th=1&psc=1"><img src="https://m.media-amazon.com/images/I/41Xf-jehhLL._SL500_.jpg" alt="Product Image"></a><p>GOTIDEAL Stretched Canvas, Multi Pack 4x4, 5x7, 8x10,9x12, 11x14 Set of 10, Primed White - 100% Cotton Artist Canvas Boards for Painting, Acrylic Pouring, Oil Paint Dry & Wet Art Media</p><p>$24.99</p><a href="https://www.amazon.com/dp/B087M21MM2?tag=eloabder-20&linkCode=osi&th=1&psc=1">View Product</a></div><div class="product"><a href="https://www.amazon.com/dp/B00OQJYISG?tag=eloabder-20&linkCode=osi&th=1&psc=1"><img src="https://m.media-amazon.com/images/I/31fEDLPkkcL._SL500_.jpg" alt="Product Image"></a><p>6 Count 12” x 16” Super Value Canvas by Artist's Loft Necessities - Acid Free Cotton Canvas for Paint, Acrylic, & Oils - 1 Pack</p><p>$19.99</p><a href="https://www.amazon.com/dp/B00OQJYISG?tag=eloabder-20&linkCode=osi&th=1&psc=1">View Product</a></div><div class="product"><a href="https://www.amazon.com/dp/B09CDKB9HY?tag=eloabder-20&linkCode=osi&th=1&psc=1"><img src="https://m.media-amazon.com/images/I/51+p5xnClGL._SL500_.jpg" alt="Product Image"></a><p>DPDIAN Canvas Boards for Painting 40 Pack, 8 inch x 10 inch Super Value Pack, Artist Canvas Panels for Oil & Acrylic Painting</p><p>$29.99</p><a href="https://www.amazon.com/dp/B09CDKB9HY?tag=eloabder-20&linkCode=osi&th=1&psc=1">View Product</a></div><div class="product"><a href="https://www.amazon.com/dp/B0CFBGP29G?tag=eloabder-20&linkCode=osi&th=1&psc=1"><img src="https://m.media-amazon.com/images/I/3147Az5plbL._SL500_.jpg" alt="Product Image"></a><p>ArtSkills Stretched Canvases for Painting, 12x16 Canvas Painting Supplies for Artists, Blank Canvas Pack, 2-Pack</p><p>$16.99</p><a href="https://www.amazon.com/dp/B0CFBGP29G?tag=eloabder-20&linkCode=osi&th=1&psc=1">View Product</a></div><div class="product"><a href="https://www.amazon.com/dp/B07BNGQ1SS?tag=eloabder-20&linkCode=osi&th=1&psc=1"><img src="https://m.media-amazon.com/images/I/410ZVtygUwS._SL500_.jpg" alt="Product Image"></a><p>PHOENIX Stretched Canvas for Painting 8x10 Inch/10 Value Pack, 8 Oz Triple Primed 5/8 Inch Profile 100% Cotton White Blank Canvas, Artist Framed Canvas for Oil Acrylic & Pouring Art</p><p>$22.99</p><a href="https://www.amazon.com/dp/B07BNGQ1SS?tag=eloabder-20&linkCode=osi&th=1&psc=1">View Product</a></div><div class="product"><a href="https://www.amazon.com/dp/B0922JP1H4?tag=eloabder-20&linkCode=osi&th=1&psc=1"><img src="https://m.media-amazon.com/images/I/41BmiEND1KL._SL500_.jpg" alt="Product Image"></a><p>GOTIDEAL Canvases for Painting, 18 Pack Canvas Boards Multipack 4x4, 5x7, 8x10, 9x12,11x14,Primed White Blank Artist Canvas Variety Pack for Acrylic Paint, Oil Paint, Watercolor, Gouache</p><p>$19.99</p><a href="https://www.amazon.com/dp/B0922JP1H4?tag=eloabder-20&linkCode=osi&th=1&psc=1">View Product</a></div>


<div class="product"><a href="https://www.amazon.com/dp/B0872VFHBH?tag=eloabder-20&linkCode=osi&th=1&psc=1"><img src="https://m.media-amazon.com/images/I/51k3bekQheS._SL500_.jpg" alt="Product Image"></a><p>Bachmore Drawing Pad 9X12 Inch (110lb/180g), 60 Sheets, Top Spiral Bound Multi-Media for Artist Pro & Amateurs | Acrylic Art, Ink, Paint, Oil Pastels,Watercolor Mixed Media Sketch</p><p>$11.99</p><a href="https://www.amazon.com/dp/B0872VFHBH?tag=eloabder-20&linkCode=osi&th=1&psc=1">View Product</a></div><div class="product"><a href="https://www.amazon.com/dp/B0027A75A4?tag=eloabder-20&linkCode=osi&th=1&psc=1"><img src="https://m.media-amazon.com/images/I/51dyOxxcgYL._SL500_.jpg" alt="Product Image"></a><p>Strathmore 200 Series Sketch Pad, 9x12 inch, 100 Sheets, Tape Bound - Artist Sketchbook for Drawing, Illustration, Art Class Students</p><p>$6.99 ($0.07 / Count)</p><a href="https://www.amazon.com/dp/B0027A75A4?tag=eloabder-20&linkCode=osi&th=1&psc=1">View Product</a></div><div class="product"><a href="https://www.amazon.com/dp/B0BV13YQKX?tag=eloabder-20&linkCode=osi&th=1&psc=1"><img src="https://m.media-amazon.com/images/I/41VYfMpvXUL._SL500_.jpg" alt="Product Image"></a><p>Canson Graduate Watercolor Pad, Foldover, 9x12 inch, 20 Sheets | Artist Paper for Adults and Students - Painting, Gouache, Mixed Media and Ink</p><p>$4.97 ($0.41 / Count)</p><a href="https://www.amazon.com/dp/B0BV13YQKX?tag=eloabder-20&linkCode=osi&th=1&psc=1">View Product</a></div><div class="product"><a href="https://www.amazon.com/dp/B0024KMQ6K?tag=eloabder-20&linkCode=osi&th=1&psc=1"><img src="https://m.media-amazon.com/images/I/51sYdvPPUCL._SL500_.jpg" alt="Product Image"></a><p>Strathmore 400 Series Pastel Pad, Assorted Colors, 9"x12" Glue Bound, 24 Sheets</p><p>$9.11</p><a href="https://www.amazon.com/dp/B0024KMQ6K?tag=eloabder-20&linkCode=osi&th=1&psc=1">View Product</a></div><div class="product"><a href="https://www.amazon.com/dp/B00246O6PI?tag=eloabder-20&linkCode=osi&th=1&psc=1"><img src="https://m.media-amazon.com/images/I/517TUmckOIL._SL500_.jpg" alt="Product Image"></a><p>Strathmore 300 Series Drawing Paper Pad, Top Wire Bound, 11x14 inches, 50 Sheets (70lb/114g) - Artist Paper for Adults and Students - Charcoal, Colored Pencil, Ink, Pastel, Marker</p><p>$13.33</p><a href="https://www.amazon.com/dp/B00246O6PI?tag=eloabder-20&linkCode=osi&th=1&psc=1">View Product</a></div>
<div class="product"><a href="https://www.amazon.com/dp/B08ZMH7LJY?tag=eloabder-20&linkCode=osi&th=1&psc=1"><img src="https://m.media-amazon.com/images/I/51mJIsLJA-S._SL500_.jpg" alt="Product Image"></a><p>PANDAFLY Professional Drawing Sketching Pencil Set - 12 Pieces Graphite Pencils(14B - 2H), Ideal for Drawing Art, Sketching, Shading, Artist Pencils for Beginners & Pro Artists</p><p>$5.11</p><a href="https://www.amazon.com/dp/B08ZMH7LJY?tag=eloabder-20&linkCode=osi&th=1&psc=1">View Product</a></div><div class="product"><a href="https://www.amazon.com/dp/B088K1G5NL?tag=eloabder-20&linkCode=osi&th=1&psc=1"><img src="https://m.media-amazon.com/images/I/51F2bOMZWnL._SL500_.jpg" alt="Product Image"></a><p>MARKART Professional Drawing Sketching Pencil Set - 14 Pieces,Graphite,(12B - 4H), Ideal for Drawing Art, Sketching, Shading, Artist Pencils for Beginners & Pro Artists</p><p>$5.24</p><a href="https://www.amazon.com/dp/B088K1G5NL?tag=eloabder-20&linkCode=osi&th=1&psc=1">View Product</a></div><div class="product"><a href="https://www.amazon.com/dp/B08FHMRW4L?tag=eloabder-20&linkCode=osi&th=1&psc=1"><img src="https://m.media-amazon.com/images/I/51Pmn5gjyzL._SL500_.jpg" alt="Product Image"></a><p>Mr. Pen- Sketch Pencils for Drawing, 14 Pack, Drawing Pencils, Art Pencils, Graphite Pencils, Graphite Pencils for Drawing, Art Pencils for Drawing and Shading</p><p>$5.95</p><a href="https://www.amazon.com/dp/B08FHMRW4L?tag=eloabder-20&linkCode=osi&th=1&psc=1">View Product</a></div><div class="product"><a href="https://www.amazon.com/dp/B0BNQ58DC4?tag=eloabder-20&linkCode=osi&th=1&psc=1"><img src="https://m.media-amazon.com/images/I/51e-gQtCcCL._SL500_.jpg" alt="Product Image"></a><p>MARTCOLOR Drawing Sketching Pencils Set, 12 Pack Graphite Pencils(14B - 2H), Ideal for Drawing Art, Sketching, Shading, Artist Pencils for Beginners & Pro Artists</p><p>$5.99</p><a href="https://www.amazon.com/dp/B0BNQ58DC4?tag=eloabder-20&linkCode=osi&th=1&psc=1">View Product</a></div>

<div class="product"><a href="https://www.amazon.com/dp/B0851M3749?tag=eloabder-20&linkCode=osi&th=1&psc=1"><img src="https://m.media-amazon.com/images/I/41KKSGSDl5L._SL500_.jpg" alt="Product Image"></a><p>N NOROCME 12 PCS Blending Stumps and Tortillions Paper Art Blenders with Sandpaper Pencil Sharpener Pointer for Student Artist Charcoal Sketch Drawing Tools</p><p>$4.99</p><a href="https://www.amazon.com/dp/B0851M3749?tag=eloabder-20&linkCode=osi&th=1&psc=1">View Product</a></div><div class="product"><a href="https://www.amazon.com/dp/B09J3HKN8F?tag=eloabder-20&linkCode=osi&th=1&psc=1"><img src="https://m.media-amazon.com/images/I/51Qvx81eQLL._SL500_.jpg" alt="Product Image"></a><p>Eraser Pencils Set for Artists, Wooden Sketch Eraser Pen for Charcoal Drawings, Professional Highlight Painting Eraser for Sketching, Revise Erasing Details for Students Limner</p><p>$6.99</p><a href="https://www.amazon.com/dp/B09J3HKN8F?tag=eloabder-20&linkCode=osi&th=1&psc=1">View Product</a></div>
<div class="product"><a href="https://www.amazon.com/dp/B09WCQ89T8?tag=eloabder-20&linkCode=osi&th=1&psc=1"><img src="https://m.media-amazon.com/images/I/41gZz0qgBFL._SL500_.jpg" alt="Product Image"></a><p>Bernat BABY BLANKET BB Blue Dreams Yarn - 1 Pack of 10.5oz/300g - Polyester - #6 Super Bulky - 220 Yards - Knitting/Crochet</p><p>$6.97</p><a href="https://www.amazon.com/dp/B09WCQ89T8?tag=eloabder-20&linkCode=osi&th=1&psc=1">View Product</a></div><div class="product"><a href="https://www.amazon.com/dp/B07V5JVNFD?tag=eloabder-20&linkCode=osi&th=1&psc=1"><img src="https://m.media-amazon.com/images/I/41IS+HdtiOL._SL500_.jpg" alt="Product Image"></a><p>Lion Brand Yarn Basic Stitch Anti-Pilling Knitting Yarn, Yarn for Crocheting, 1-Pack, Baby Blue</p><p>$8.40 ($0.02 / Foot)</p><a href="https://www.amazon.com/dp/B07V5JVNFD?tag=eloabder-20&linkCode=osi&th=1&psc=1">View Product</a></div><div class="product"><a href="https://www.amazon.com/dp/B01M0AJID2?tag=eloabder-20&linkCode=osi&th=1&psc=1"><img src="https://m.media-amazon.com/images/I/41yVau0AUpL._SL500_.jpg" alt="Product Image"></a><p>Lion Brand Yarn (1 Skein) Lion Brand Yarn Babysoft Baby Yarn Yarn, Little Boy Blue Multicolor</p><p>$7.19 ($0.01 / Foot)</p><a href="https://www.amazon.com/dp/B01M0AJID2?tag=eloabder-20&linkCode=osi&th=1&psc=1">View Product</a></div><div class="product"><a href="https://www.amazon.com/dp/B09W1KHF42?tag=eloabder-20&linkCode=osi&th=1&psc=1"><img src="https://m.media-amazon.com/images/I/41maDlrio5L._SL500_.jpg" alt="Product Image"></a><p>Red Heart Super Saver Light Blue Yarn - 3 Pack of 198g/7oz - Acrylic - 4 Medium (Worsted) - 364 Yards - Knitting/Crochet</p><p>$13.29 ($4.43 / Count)</p><a href="https://www.amazon.com/dp/B09W1KHF42?tag=eloabder-20&linkCode=osi&th=1&psc=1">View Product</a></div><div class="product"><a href="https://www.amazon.com/dp/B08LKVZ3CX?tag=eloabder-20&linkCode=osi&th=1&psc=1"><img src="https://m.media-amazon.com/images/I/41GLizNx8UL._SL500_.jpg" alt="Product Image"></a><p>Bernat Baby Blanket Baby Blue Yarn - 3 Pack of 100g/3.5oz - Polyester - 6 Super Bulky - 72 Yards - Knitting/Crochet</p><p>$21.81</p><a href="https://www.amazon.com/dp/B08LKVZ3CX?tag=eloabder-20&linkCode=osi&th=1&psc=1">View Product</a></div><div class="product"><a href="https://www.amazon.com/dp/B0CHJ95WHJ?tag=eloabder-20&linkCode=osi&th=1&psc=1"><img src="https://m.media-amazon.com/images/I/314E1EQdihL._SL500_.jpg" alt="Product Image"></a><p>NORCIA Soft Velvet Yarn Chenille Yarn for Crocheting Baby Blanket Yarn for Knitting Amigurumi Yarn Fancy Yarn for Crochet Weaving Craft (Baby Blue, 1 Skein)</p><p>$9.99</p><a href="https://www.amazon.com/dp/B0CHJ95WHJ?tag=eloabder-20&linkCode=osi&th=1&psc=1">View Product</a></div>
<div class="product"><a href="https://www.amazon.com/dp/B0779F2TXJ?tag=eloabder-20&linkCode=osi&th=1&psc=1"><img src="https://m.media-amazon.com/images/I/31kqZr8DJzL._SL500_.jpg" alt="Product Image"></a><p>OPENDGO Feather Ballpoint Pen ，Black Ink Vintage Feather Quill Refined Plated Rod Quill Ballpoint Pen For School Writing ▏Wedding Gift Signature Pen (Black)</p><p>$6.97</p><a href="https://www.amazon.com/dp/B0779F2TXJ?tag=eloabder-20&linkCode=osi&th=1&psc=1">View Product</a></div><div class="product"><a href="https://www.amazon.com/dp/B0CQF3BJ3S?tag=eloabder-20&linkCode=osi&th=1&psc=1"><img src="https://m.media-amazon.com/images/I/41gs6AOiP6L._SL500_.jpg" alt="Product Image"></a><p>3 in 1 Retractable Ballpoint Pen with Light and Stylus, Nice Pens for Journaling Writing in The Dark - White/Red Light Tip- 0.7mm Black Ink</p><p>$12.99</p><a href="https://www.amazon.com/dp/B0CQF3BJ3S?tag=eloabder-20&linkCode=osi&th=1&psc=1">View Product</a></div><div class="product"><a href="https://www.amazon.com/dp/B08BBZ3B8G?tag=eloabder-20&linkCode=osi&th=1&psc=1"><img src="https://m.media-amazon.com/images/I/41cMHyw60wL._SL500_.jpg" alt="Product Image"></a><p>Mr. Pen- Pens, Black Pens, 12 Pack, Fast Dry, No Smear Pens, Bible Pens, Pens for Journaling, Pens No Bleed Through, Pens Fine Point, Journal Pens, Fine Tip, Planner Pens, Ball Point Journal Pens</p><p>$9.99</p><a href="https://www.amazon.com/dp/B08BBZ3B8G?tag=eloabder-20&linkCode=osi&th=1&psc=1">View Product</a></div><div class="product"><a href="https://www.amazon.com/dp/B0D4YWWGX6?tag=eloabder-20&linkCode=osi&th=1&psc=1"><img src="https://m.media-amazon.com/images/I/31xHBCCzJqL._SL500_.jpg" alt="Product Image"></a><p>PATIKIL 21cm/8" Feather Ballpoint Pen, 1Pcs Ink Vintage Quill Pen Refined Plated Dip Pen for Calligraphy Writing Signature Wedding Gift, Yellow</p><p>$7.49</p><a href="https://www.amazon.com/dp/B0D4YWWGX6?tag=eloabder-20&linkCode=osi&th=1&psc=1">View Product</a></div>

<div class="product"><a href="https://www.amazon.com/dp/B001TLDEVQ?tag=eloabder-20&linkCode=osi&th=1&psc=1"><img src="https://m.media-amazon.com/images/I/41jYF39F6lL._SL500_.jpg" alt="Product Image"></a><p>Beadalon SuppleMax Illusion Beading Cord, 0.40 mm / 0.016 in, Clear Monofilament, 50 m / 164 ft</p><p>$4.74</p><a href="https://www.amazon.com/dp/B001TLDEVQ?tag=eloabder-20&linkCode=osi&th=1&psc=1">View Product</a></div><div class="product"><a href="https://www.amazon.com/dp/B0D2HVFZ7Q?tag=eloabder-20&linkCode=osi&th=1&psc=1"><img src="https://m.media-amazon.com/images/I/41R66LMYz7L._SL500_.jpg" alt="Product Image"></a><p>Zxiixz 116Yards 0.5mm Bracelet String, Waxed String Cord for Bracelet Making, Beading Thread for Bracelet Beads, Friendship Bracelet String for Bracelet Making, Waxed Polyester Cord for Jewelry Making</p><p>$6.99</p><a href="https://www.amazon.com/dp/B0D2HVFZ7Q?tag=eloabder-20&linkCode=osi&th=1&psc=1">View Product</a></div><div class="product"><a href="https://www.amazon.com/dp/B07BNF8KH5?tag=eloabder-20&linkCode=osi&th=1&psc=1"><img src="https://m.media-amazon.com/images/I/51jVByheyVL._SL500_.jpg" alt="Product Image"></a><p>PH PandaHall 100 Yards 1mm Waxed Cotton Cord Thread Beading String for Bracelet Necklace Making Crafting Beading Macrame Vase Decor, Burlywood</p><p>$7.19 ($0.02 / Foot)</p><a href="https://www.amazon.com/dp/B07BNF8KH5?tag=eloabder-20&linkCode=osi&th=1&psc=1">View Product</a></div><div class="product"><a href="https://www.amazon.com/dp/B07HBPGXJG?tag=eloabder-20&linkCode=osi&th=1&psc=1"><img src="https://m.media-amazon.com/images/I/41xi8gO6kDL._SL500_.jpg" alt="Product Image"></a><p>Paxcoo 0.8mm Elastic String, Stretchy Bracelet String Crystal String Bead Cord for Bracelet, Beading and Jewelry Making (120m)</p><p>$6.99 ($0.02 / Foot)</p><a href="https://www.amazon.com/dp/B07HBPGXJG?tag=eloabder-20&linkCode=osi&th=1&psc=1">View Product</a></div><div class="product"><a href="https://www.amazon.com/dp/B0CNPST7D9?tag=eloabder-20&linkCode=osi&th=1&psc=1"><img src="https://m.media-amazon.com/images/I/41A9VISFC4L._SL500_.jpg" alt="Product Image"></a><p>Kblick Black Nylon String Cord - 1MM 100 Yards Black Twine, Bracelet String for Bracelet Making, Braided Ornament Lanyard Sting, Jewelry Thread Clay Bead String for Crafts, Macrame Satin Cord</p><p>$5.99 ($0.02 / Foot)</p><a href="https://www.amazon.com/dp/B0CNPST7D9?tag=eloabder-20&linkCode=osi&th=1&psc=1">View Product</a></div><div class="product"><a href="https://www.amazon.com/dp/B08GC3JF9X?tag=eloabder-20&linkCode=osi&th=1&psc=1"><img src="https://m.media-amazon.com/images/I/41FQZYhvQpL._SL500_.jpg" alt="Product Image"></a><p>Cheriswelry 100M 0.8mm Nylon Beading Cord Black Chinese Knotting Rattail Macrame Thread String Roll for Jewelry Making Kumihimo Wrapping Supplies DIY Crafts</p><p>$6.99 ($0.02 / Fl Oz)</p><a href="https://www.amazon.com/dp/B08GC3JF9X?tag=eloabder-20&linkCode=osi&th=1&psc=1">View Product</a></div><div class="product"><a href="https://www.amazon.com/dp/B0B3V9RWQC?tag=eloabder-20&linkCode=osi&th=1&psc=1"><img src="https://m.media-amazon.com/images/I/41F-OP+yCxL._SL500_.jpg" alt="Product Image"></a><p>Griffin Silk Bead Cord Perlseide – Black Color – Size 3 (0.50mm) – 2 Meters per Card – Stainless Steel Needle Attached – for Knotting Pearls, Gemstones, Crystals and Beads</p><p>$4.99 ($0.76 / Foot)</p><a href="https://www.amazon.com/dp/B0B3V9RWQC?tag=eloabder-20&linkCode=osi&th=1&psc=1">View Product</a></div><div class="product"><a href="https://www.amazon.com/dp/B08F49YVQP?tag=eloabder-20&linkCode=osi&th=1&psc=1"><img src="https://m.media-amazon.com/images/I/41yCMIpj0rS._SL500_.jpg" alt="Product Image"></a><p>1mm Stretchy Bracelet String, Sturdy Rainbow Elastic String Elastic Cord for Jewelry Making, Necklaces, Beading and Crafts</p><p>$6.99 ($0.04 / Foot)</p><a href="https://www.amazon.com/dp/B08F49YVQP?tag=eloabder-20&linkCode=osi&th=1&psc=1">View Product</a></div>

<div class="product"><a href="https://www.amazon.com/dp/B001GMUBJ6?tag=eloabder-20&linkCode=osi&th=1&psc=1"><img src="https://m.media-amazon.com/images/I/41V5qzn3H5L._SL500_.jpg" alt="Product Image"></a><p>The Beadsmith Fireline by Berkley – Micro-Fused Braided Thread – 6lb. Test, 006”/.15mm Diameter, 50 Yard Spool, Crystal Color – Super Strong Stringing Material for Jewelry Making and Bead Weaving</p><p>$12.59</p><a href="https://www.amazon.com/dp/B001GMUBJ6?tag=eloabder-20&linkCode=osi&th=1&psc=1">View Product</a></div><div class="product"><a href="https://www.amazon.com/dp/B001UAKK0Y?tag=eloabder-20&linkCode=osi&th=1&psc=1"><img src="https://m.media-amazon.com/images/I/41rY1D0wfuL._SL500_.jpg" alt="Product Image"></a><p>Beadalon Wildfire, 0.006 in, 0.15 mm, Break Strength 10 lb / 4.5 kg, Frost, 50 yd / 45 m</p><p>$8.85 ($0.06 / Foot)</p><a href="https://www.amazon.com/dp/B001UAKK0Y?tag=eloabder-20&linkCode=osi&th=1&psc=1">View Product</a></div><div class="product"><a href="https://www.amazon.com/dp/B095WY58F4?tag=eloabder-20&linkCode=osi&th=1&psc=1"><img src="https://m.media-amazon.com/images/I/41mXRfJqcjL._SL500_.jpg" alt="Product Image"></a><p>PH PandaHall 0.1mm Nylon Seed Bead Thread 100 Yards Black White Bracelet Cord Beading Thread Invisible Sewing Thread Nylon Braided Thread String for Leather Stitching Beading Jewelry Bracelets Making</p><p>$9.99 ($0.03 / Foot)</p><a href="https://www.amazon.com/dp/B095WY58F4?tag=eloabder-20&linkCode=osi&th=1&psc=1">View Product</a></div><div class="product"><a href="https://www.amazon.com/dp/B08RN2R2SZ?tag=eloabder-20&linkCode=osi&th=1&psc=1"><img src="https://m.media-amazon.com/images/I/41Tg2MMC++L._SL500_.jpg" alt="Product Image"></a><p>KO Nylon Beading Thread, White Color, Japanese Pre-Waxed 100% Nylon, 330TEX, Tangle Resistant Knotting Cords, 50m /55 yds Spool, Use for Seed Bead Projects, Loom Work & Bead Weaving</p><p>$7.06 ($0.04 / Foot)</p><a href="https://www.amazon.com/dp/B08RN2R2SZ?tag=eloabder-20&linkCode=osi&th=1&psc=1">View Product</a></div><div class="product"><a href="https://www.amazon.com/dp/B09J89ST79?tag=eloabder-20&linkCode=osi&th=1&psc=1"><img src="https://m.media-amazon.com/images/I/41hLuuOZeXL._SL500_.jpg" alt="Product Image"></a><p>2 Roll Polyester Thread, Heavy Duty Thread, 1500Yard/Reel 210D/3 nylon thread for sewing, Sewing Thread for Upholstery, Outdoor Market, Drapery, Leather, Beading, Crafts</p><p>$7.99 ($0.00 / Foot)</p><a href="https://www.amazon.com/dp/B09J89ST79?tag=eloabder-20&linkCode=osi&th=1&psc=1">View Product</a></div><div class="product"><a href="https://www.amazon.com/dp/B0C6MSY7QQ?tag=eloabder-20&linkCode=osi&th=1&psc=1"><img src="https://m.media-amazon.com/images/I/31Bn-MyA62L._SL500_.jpg" alt="Product Image"></a><p>PH PandaHall 0.1mm Nylon String 100 Yards Beading Thread White Nylon Seed Bead Thread Bracelet Beading Thread Sewing String for Leather Stitching Beading Jewelry Bracelets Making</p><p>$7.99 ($0.03 / Foot)</p><a href="https://www.amazon.com/dp/B0C6MSY7QQ?tag=eloabder-20&linkCode=osi&th=1&psc=1">View Product</a></div>

<div class="product"><a href="https://www.amazon.com/dp/B07NMNDT1W?tag=eloabder-20&linkCode=osi&th=1&psc=1"><img src="https://m.media-amazon.com/images/I/41-zwQIcVcL._SL500_.jpg" alt="Product Image"></a><p>Howemon White Beeswax Pellets 2LB 100% Pure and Natural Triple Filtered for Skin, Face, Body and Hair Care DIY Creams, Lotions, Lip Balm and Soap Making Supplies</p><p>$13.99 ($0.44 / Fl Oz)</p><a href="https://www.amazon.com/dp/B07NMNDT1W?tag=eloabder-20&linkCode=osi&th=1&psc=1">View Product</a></div><div class="product"><a href="https://www.amazon.com/dp/B00B3U0FW4?tag=eloabder-20&linkCode=osi&th=1&psc=1"><img src="https://m.media-amazon.com/images/I/51rWFCST+TL._SL500_.jpg" alt="Product Image"></a><p>Beesworks Yellow Beeswax Pellets (1 lb) | 100% Pure, Cosmetic Grade, Triple-Filtered Beeswax for DIY Skin care, Lip Balm, Lotion, and Candle Making</p><p>$13.99 ($0.87 / Ounce)</p><a href="https://www.amazon.com/dp/B00B3U0FW4?tag=eloabder-20&linkCode=osi&th=1&psc=1">View Product</a></div><div class="product"><a href="https://www.amazon.com/dp/B01LWX2IO1?tag=eloabder-20&linkCode=osi&th=1&psc=1"><img src="https://m.media-amazon.com/images/I/41MlNqhDyCL._SL500_.jpg" alt="Product Image"></a><p>Beesworks Yellow Beeswax Bars (6 oz) | 100% Pure, Cosmetic Grade, Triple-Filtered Beeswax for DIY Skin Care, Lip Balm, Lotion and Candle Making (1 oz Bars - Pack of 6)</p><p>$6.99</p><a href="https://www.amazon.com/dp/B01LWX2IO1?tag=eloabder-20&linkCode=osi&th=1&psc=1">View Product</a></div><div class="product"><a href="https://www.amazon.com/dp/B0BV77F19N?tag=eloabder-20&linkCode=osi&th=1&psc=1"><img src="https://m.media-amazon.com/images/I/41xzHaO1-EL._SL500_.jpg" alt="Product Image"></a><p>Beeswax Pellets 10LB Cosmetic Beeswax Triple Filtered Beeswax Pastilles for Candle Making Great for DIY Projects Creams Lotions Lip Balm and Soap Making Supplies(10LB)</p><p>$32.99</p><a href="https://www.amazon.com/dp/B0BV77F19N?tag=eloabder-20&linkCode=osi&th=1&psc=1">View Product</a></div><div class="product"><a href="https://www.amazon.com/dp/B0C9QSG3CY?tag=eloabder-20&linkCode=osi&th=1&psc=1"><img src="https://m.media-amazon.com/images/I/414XQcU6SRL._SL500_.jpg" alt="Product Image"></a><p>YASNAY White Beeswax Pellets 2LB, 100% Organic Beeswax, Beeswax for Candle Making, Body, Skin Care DIY, Lip Balm and Soap Making Supplies</p><p>$11.99</p><a href="https://www.amazon.com/dp/B0C9QSG3CY?tag=eloabder-20&linkCode=osi&th=1&psc=1">View Product</a></div><div class="product"><a href="https://www.amazon.com/dp/B097HTC4WN?tag=eloabder-20&linkCode=osi&th=1&psc=1"><img src="https://m.media-amazon.com/images/I/51pwMM7C6-L._SL500_.jpg" alt="Product Image"></a><p>Eco Lux 8 Yellow Beeswax Blocks 100% Pure Natural Organic Bees Wax 6.5oz</p><p>$8.49 ($1.35 / Ounce)</p><a href="https://www.amazon.com/dp/B097HTC4WN?tag=eloabder-20&linkCode=osi&th=1&psc=1">View Product</a></div><div class="product"><a href="https://www.amazon.com/dp/B00HDHQQCE?tag=eloabder-20&linkCode=osi&th=1&psc=1"><img src="https://m.media-amazon.com/images/I/41vF-7MwNhL._SL500_.jpg" alt="Product Image"></a><p>Murray's 100% Pure Beeswax 4 oz</p><p>$5.98 ($1.50 / Ounce)</p><a href="https://www.amazon.com/dp/B00HDHQQCE?tag=eloabder-20&linkCode=osi&th=1&psc=1">View Product</a></div><div class="product"><a href="https://www.amazon.com/dp/B09YM8JTLM?tag=eloabder-20&linkCode=osi&th=1&psc=1"><img src="https://m.media-amazon.com/images/I/41cjNuBnFEL._SL500_.jpg" alt="Product Image"></a><p>TRINIDa Beeswax Pellets 2LB(32 oz), 100% Organic Yellow Bees Wax for DIY Candles, Beeswax for Candle Making, Skin, Body, Face, and Hair Care, Lotions, DIY Creams, Lip Balm and Soap Making Supplies</p><p>$11.99</p><a href="https://www.amazon.com/dp/B09YM8JTLM?tag=eloabder-20&linkCode=osi&th=1&psc=1">View Product</a></div><div class="product"><a href="https://www.amazon.com/dp/B00F3CNMV4?tag=eloabder-20&linkCode=osi&th=1&psc=1"><img src="https://m.media-amazon.com/images/I/31pjrRAEa4L._SL500_.jpg" alt="Product Image"></a><p>Stakich Yellow Beeswax Block - Natural, Triple Filtered - 1 Pound, Honey Scent</p><p>$13.95 ($0.87 / Ounce)</p><a href="https://www.amazon.com/dp/B00F3CNMV4?tag=eloabder-20&linkCode=osi&th=1&psc=1">View Product</a></div><div class="product"><a href="https://www.amazon.com/dp/B0BXFZBZS9?tag=eloabder-20&linkCode=osi&th=1&psc=1"><img src="https://m.media-amazon.com/images/I/4178i9IB9KL._SL500_.jpg" alt="Product Image"></a><p>5LB Beeswax Pellets Beeswax for Candle Making Organic Beeswax Pellets for Skin Beeswax Beads Beeswax Bulk Beeswax for Lotion Making Organic for DIY and Craft Project</p><p>$22.99</p><a href="https://www.amazon.com/dp/B0BXFZBZS9?tag=eloabder-20&linkCode=osi&th=1&psc=1">View Product</a></div>
<div class="product"><a href="https://www.amazon.com/dp/B0052F1BVK?tag=eloabder-20&linkCode=osi&th=1&psc=1"><img src="https://m.media-amazon.com/images/I/41zE9eiGoLL._SL500_.jpg" alt="Product Image"></a><p>ACC Staples Large Binder Clips, 2" Width, 1" Capacity, Black, 12/Pk</p><p>$6.30</p><a href="https://www.amazon.com/dp/B0052F1BVK?tag=eloabder-20&linkCode=osi&th=1&psc=1">View Product</a></div><div class="product"><a href="https://www.amazon.com/dp/B07MLFR771?tag=eloabder-20&linkCode=osi&th=1&psc=1"><img src="https://m.media-amazon.com/images/I/51N2wxA7N0L._SL500_.jpg" alt="Product Image"></a><p>CooBigo 50 Pack Binder Ring, Metal Book Ring Paper Ring Holder 5/8-Inch Loose Leaf Binder Ring Clip for Index Card, Flash Card Ring, Card Calendar, Keychain Key Ring - Bronze</p><p>$6.99</p><a href="https://www.amazon.com/dp/B07MLFR771?tag=eloabder-20&linkCode=osi&th=1&psc=1">View Product</a></div><div class="product"><a href="https://www.amazon.com/dp/B01563NHGY?tag=eloabder-20&linkCode=osi&th=1&psc=1"><img src="https://m.media-amazon.com/images/I/41gj+0ZftqL._SL500_.jpg" alt="Product Image"></a><p>vanki Pack of 40 Cute Lovely Smiling Face Spring-Loaded File Organizer Paper Holder Metal Binder Clips, Assorted Color</p><p>$8.99</p><a href="https://www.amazon.com/dp/B01563NHGY?tag=eloabder-20&linkCode=osi&th=1&psc=1">View Product</a></div><div class="product"><a href="https://www.amazon.com/dp/B000GOUDSO?tag=eloabder-20&linkCode=osi&th=1&psc=1"><img src="https://m.media-amazon.com/images/I/41ZANISHgML._SL500_.jpg" alt="Product Image"></a><p>Small Binder Clips .75" 8/Pkg-Assorted Colors</p><p>$4.46</p><a href="https://www.amazon.com/dp/B000GOUDSO?tag=eloabder-20&linkCode=osi&th=1&psc=1">View Product</a></div>
<div class="product"><a href="https://www.amazon.com/dp/B07PRPX4VR?tag=eloabder-20&linkCode=osi&th=1&psc=1"><img src="https://m.media-amazon.com/images/I/41IMH12fdPL._SL500_.jpg" alt="Product Image"></a><p>Durable Sheet Lifters, Durable Easy Flow, 11" x 3", Lifts Sheets Over Rings and Protects Sheets from Tearing, Fit Standard 3-Ring Binders, Black (20 Pack)</p><p>$14.99</p><a href="https://www.amazon.com/dp/B07PRPX4VR?tag=eloabder-20&linkCode=osi&th=1&psc=1">View Product</a></div><div class="product"><a href="https://www.amazon.com/dp/B0CM8QJHFW?tag=eloabder-20&linkCode=osi&th=1&psc=1"><img src="https://m.media-amazon.com/images/I/31cJGS74oCL._SL500_.jpg" alt="Product Image"></a><p>Wantane D-Shaped Tape Storage Ring Tape Storage Ring 4" D-Shaped Washi Tape Storage Ring for DIY Decoration and Storage（Nickel）-2PCS</p><p>$7.99</p><a href="https://www.amazon.com/dp/B0CM8QJHFW?tag=eloabder-20&linkCode=osi&th=1&psc=1">View Product</a></div>
<div class="product"><a href="https://www.amazon.com/dp/B00006IAS3?tag=eloabder-20&linkCode=osi&th=1&psc=1"><img src="https://m.media-amazon.com/images/I/317DvSXhT1L._SL500_.jpg" alt="Product Image"></a><p>GBC Binding System, Manual, Desktop Binding Punch, 6 Sheet Punch Capacity, ProClick P50 (2515650)</p><p>$123.89</p><a href="https://www.amazon.com/dp/B00006IAS3?tag=eloabder-20&linkCode=osi&th=1&psc=1">View Product</a></div><div class="product"><a href="https://www.amazon.com/dp/B004BP81KQ?tag=eloabder-20&linkCode=osi&th=1&psc=1"><img src="https://m.media-amazon.com/images/I/51SqfeZ12KL._SL500_.jpg" alt="Product Image"></a><p>We R Memory Keepers Cinch Book Binding Wire (1-Inch, Silver (2 Pack))</p><p>$5.99</p><a href="https://www.amazon.com/dp/B004BP81KQ?tag=eloabder-20&linkCode=osi&th=1&psc=1">View Product</a></div>

<div class="product"><a href="https://www.amazon.com/dp/B0007ZJ8TM?tag=eloabder-20&linkCode=osi&th=1&psc=1"><img src="https://m.media-amazon.com/images/I/41i49sz3UAL._SL500_.jpg" alt="Product Image"></a><p>Speedball Super Black India Ink, 2-Ounce</p><p>$9.99 ($9.99 / Count)</p><a href="https://www.amazon.com/dp/B0007ZJ8TM?tag=eloabder-20&linkCode=osi&th=1&psc=1">View Product</a></div><div class="product"><a href="https://www.amazon.com/dp/B0026I10AI?tag=eloabder-20&linkCode=osi&th=1&psc=1"><img src="https://m.media-amazon.com/images/I/31vklP4uBsL._SL500_.jpg" alt="Product Image"></a><p>Dr. Ph. Martin's Bombay India (7BY) Ink Bottle, 1.0 oz, Black</p><p>$6.99</p><a href="https://www.amazon.com/dp/B0026I10AI?tag=eloabder-20&linkCode=osi&th=1&psc=1">View Product</a></div><div class="product"><a href="https://www.amazon.com/dp/B000KNP96C?tag=eloabder-20&linkCode=osi&th=1&psc=1"><img src="https://m.media-amazon.com/images/I/51e9srYtG0L._SL500_.jpg" alt="Product Image"></a><p>Winsor & Newton Drawing Ink, 14ml Bottle, Black Indian</p><p>$10.99</p><a href="https://www.amazon.com/dp/B000KNP96C?tag=eloabder-20&linkCode=osi&th=1&psc=1">View Product</a></div><div class="product"><a href="https://www.amazon.com/dp/B07BQG5QF4?tag=eloabder-20&linkCode=osi&th=1&psc=1"><img src="https://m.media-amazon.com/images/I/41nEMDYZaiL._SL500_.jpg" alt="Product Image"></a><p>Speedball Super Black India Ink, 16-Ounce</p><p>$19.99</p><a href="https://www.amazon.com/dp/B07BQG5QF4?tag=eloabder-20&linkCode=osi&th=1&psc=1">View Product</a></div><div class="product"><a href="https://www.amazon.com/dp/B001038NLY?tag=eloabder-20&linkCode=osi&th=1&psc=1"><img src="https://m.media-amazon.com/images/I/418i4sxJJ0L._SL500_.jpg" alt="Product Image"></a><p>Speedball Fabric Screen Printing Ink, 8-Ounce, Black for T-Shirt and Silkscreen Printmaking</p><p>$12.99 ($1.62 / Fl Oz)</p><a href="https://www.amazon.com/dp/B001038NLY?tag=eloabder-20&linkCode=osi&th=1&psc=1">View Product</a></div><div class="product"><a href="https://www.amazon.com/dp/B00161OPSA?tag=eloabder-20&linkCode=osi&th=1&psc=1"><img src="https://m.media-amazon.com/images/I/41C32y3CJAL._SL500_.jpg" alt="Product Image"></a><p>Tsukineko VersaFine inkpad, Full-Size, Onyx Black</p><p>$4.99 ($4.99 / Count)</p><a href="https://www.amazon.com/dp/B00161OPSA?tag=eloabder-20&linkCode=osi&th=1&psc=1">View Product</a></div>
<div class="product"><a href="https://www.amazon.com/dp/B07Q4TJCDJ?tag=eloabder-20&linkCode=osi&th=1&psc=1"><img src="https://m.media-amazon.com/images/I/315HYvYg-BL._SL500_.jpg" alt="Product Image"></a><p>Primbeeks 300pcs Blank Business Cards, Premium Blank White Cards, 3.5" x 2.2" Small Blank Cards, Blank Cardstock Cards, Small Note Cards, white blank cards, white business cards, kraft paper cards</p><p>$7.99</p><a href="https://www.amazon.com/dp/B07Q4TJCDJ?tag=eloabder-20&linkCode=osi&th=1&psc=1">View Product</a></div><div class="product"><a href="https://www.amazon.com/dp/B0CRGHFLT8?tag=eloabder-20&linkCode=osi&th=1&psc=1"><img src="https://m.media-amazon.com/images/I/41S1NLpb8hL._SL500_.jpg" alt="Product Image"></a><p>Watercolor Cards and Envelopes Set - 50 Folded 5x7 Inch Blank Heavyweight Paper Cards (140lb/300gsm) with Matching Envelopes for DIY Greeting Cards, Festivals, and Events</p><p>$17.99 ($0.36 / Count)</p><a href="https://www.amazon.com/dp/B0CRGHFLT8?tag=eloabder-20&linkCode=osi&th=1&psc=1">View Product</a></div><div class="product"><a href="https://www.amazon.com/dp/B08MX4TZ3H?tag=eloabder-20&linkCode=osi&th=1&psc=1"><img src="https://m.media-amazon.com/images/I/41D2u4vdLQL._SL500_.jpg" alt="Product Image"></a><p>50 Pack Blank Kraft Cards Cardstock Thick Paper Brown Greeting Cards for DIY Gift Card Menus, Baby Shower and Wedding Invitations (Multicolored, 5x7IN)</p><p>$8.99</p><a href="https://www.amazon.com/dp/B08MX4TZ3H?tag=eloabder-20&linkCode=osi&th=1&psc=1">View Product</a></div><div class="product"><a href="https://www.amazon.com/dp/B08BDGGVMK?tag=eloabder-20&linkCode=osi&th=1&psc=1"><img src="https://m.media-amazon.com/images/I/41W-dTUoBqL._SL500_.jpg" alt="Product Image"></a><p>100pcs 3.54"x2" Blank Kraft Paper Business Card, Words Message Notes paper Tags, Mini Craft Cardboard Festival gifts - 6 colors</p><p>$5.98</p><a href="https://www.amazon.com/dp/B08BDGGVMK?tag=eloabder-20&linkCode=osi&th=1&psc=1">View Product</a></div><div class="product"><a href="https://www.amazon.com/dp/B08BFDJJ78?tag=eloabder-20&linkCode=osi&th=1&psc=1"><img src="https://m.media-amazon.com/images/I/61LZ1Csb+dL._SL500_.jpg" alt="Product Image"></a><p>Nettbe 100pcs 3.54"x2" Blank Kraft Paper Business Card, Words Message Notes paper Tags, Mini Craft Cardboard Festival gifts</p><p>$5.99</p><a href="https://www.amazon.com/dp/B08BFDJJ78?tag=eloabder-20&linkCode=osi&th=1&psc=1">View Product</a></div><div class="product"><a href="https://www.amazon.com/dp/B07Q8YBJM3?tag=eloabder-20&linkCode=osi&th=1&psc=1"><img src="https://m.media-amazon.com/images/I/31w6U4cCqEL._SL500_.jpg" alt="Product Image"></a><p>Primbeeks 228pcs Blank Business Cards, Premium Blank White Cards, 3.5" x 2.2" Small Blank Cards, Blank Cardstock Cards, Small Note Cards, white blank cards, white business cards, kraft paper cards</p><p>$5.99</p><a href="https://www.amazon.com/dp/B07Q8YBJM3?tag=eloabder-20&linkCode=osi&th=1&psc=1">View Product</a></div><div class="product"><a href="https://www.amazon.com/dp/B08X4Z9TGN?tag=eloabder-20&linkCode=osi&th=1&psc=1"><img src="https://m.media-amazon.com/images/I/41Jqhe35tDL._SL500_.jpg" alt="Product Image"></a><p>321Done Blank Rustic Cards, Made in USA - 4x6 Thick, Heavy Cardstock - Make Invites, Greeting, Note, Thank You Cards - Plain Kraft for Writing, Stamping, Printing, Art - No Envelopes - Set of 50</p><p>$14.99</p><a href="https://www.amazon.com/dp/B08X4Z9TGN?tag=eloabder-20&linkCode=osi&th=1&psc=1">View Product</a></div><div class="product"><a href="https://www.amazon.com/dp/B0D2KDWBNM?tag=eloabder-20&linkCode=osi&th=1&psc=1"><img src="https://m.media-amazon.com/images/I/31dAhnBJ7aL._SL500_.jpg" alt="Product Image"></a><p>4x6 Blank White Cardstock (Set of 100) - Card Stock for Printer Postcards, Photo Paper Invitations, Greeting, Note, Thank You, DIY Making, Index Cards - Plain for Writing, Stamping, Printing, Art</p><p>$8.99</p><a href="https://www.amazon.com/dp/B0D2KDWBNM?tag=eloabder-20&linkCode=osi&th=1&psc=1">View Product</a></div><div class="product"><a href="https://www.amazon.com/dp/B0BB858RYN?tag=eloabder-20&linkCode=osi&th=1&psc=1"><img src="https://m.media-amazon.com/images/I/317zmriPKNL._SL500_.jpg" alt="Product Image"></a><p>WANDERINGS Handmade White Deckle Edge Blank Greeting Cards- Folded to 5x7” - Pack of 25 - Writers, Artists, Crafters - Thank Yous, Invitations, Menus, Greeting Cards, Notes - Thick 150 GSM</p><p>$21.99 ($0.88 / Count)</p><a href="https://www.amazon.com/dp/B0BB858RYN?tag=eloabder-20&linkCode=osi&th=1&psc=1">View Product</a></div><div class="product"><a href="https://www.amazon.com/dp/B0BZPPXRZW?tag=eloabder-20&linkCode=osi&th=1&psc=1"><img src="https://m.media-amazon.com/images/I/21Da-WQhrpL._SL500_.jpg" alt="Product Image"></a><p>100 Pack Thick Paper Cardstock Blank Heavy Cards Stock for Invitations, Greeting Cards Making, Postcards, Photos, 250GSM Thick Paper (White, 2x3.5 inches)</p><p>$5.99</p><a href="https://www.amazon.com/dp/B0BZPPXRZW?tag=eloabder-20&linkCode=osi&th=1&psc=1">View Product</a></div>
<div class="product"><a href="https://www.amazon.com/dp/B0BZRDQKH6?tag=eloabder-20&linkCode=osi&th=1&psc=1"><img src="https://m.media-amazon.com/images/I/41GYYRiusgL._SL500_.jpg" alt="Product Image"></a><p>feela 8 Pack Unlined Kraft Paper Notebooks, Blank Journal Note Pad for Drawing Writing, Small Sketchbook Travel Journal Bulk for Women Kids Students Office School Supplies, A5, 60 Pages, 8.3” X 5.5”</p><p>$9.99</p><a href="https://www.amazon.com/dp/B0BZRDQKH6?tag=eloabder-20&linkCode=osi&th=1&psc=1">View Product</a></div><div class="product"><a href="https://www.amazon.com/dp/B0BXLB74KK?tag=eloabder-20&linkCode=osi&th=1&psc=1"><img src="https://m.media-amazon.com/images/I/313vYzg7HpL._SL500_.jpg" alt="Product Image"></a><p>ZZTX 4 Pack Blank Kraft Notebooks, Blank Paper Sketchbooks for Drawing Doodling Writing,Travel Journal Set, A5, 36 Pages, 8.3” X 5.5”</p><p>$5.99</p><a href="https://www.amazon.com/dp/B0BXLB74KK?tag=eloabder-20&linkCode=osi&th=1&psc=1">View Product</a></div><div class="product"><a href="https://www.amazon.com/dp/B0BW5TNPXJ?tag=eloabder-20&linkCode=osi&th=1&psc=1"><img src="https://m.media-amazon.com/images/I/31Wu8UP78iL._SL500_.jpg" alt="Product Image"></a><p>EOOUT Kraft Notebooks, Blank Page Journals in Bulk, 16pcs A5, 8.3 X 5.5 Inches, 60 Pages, 80gsm, Travel Journal Set, for Art Camp, Travelers, Students and Office Supplies Sketchbooks Bulk for Kids</p><p>$15.99</p><a href="https://www.amazon.com/dp/B0BW5TNPXJ?tag=eloabder-20&linkCode=osi&th=1&psc=1">View Product</a></div><div class="product"><a href="https://www.amazon.com/dp/B08P3F46SD?tag=eloabder-20&linkCode=osi&th=1&psc=1"><img src="https://m.media-amazon.com/images/I/41jeBDcZJ1L._SL500_.jpg" alt="Product Image"></a><p>Krafty Soft Cover Blank Notebook Journal, Spiral Sketchbook Pad, Drawing Book, 60 Sheets/140gsm (A4)/120 Pages</p><p>$7.99</p><a href="https://www.amazon.com/dp/B08P3F46SD?tag=eloabder-20&linkCode=osi&th=1&psc=1">View Product</a></div><div class="product"><a href="https://www.amazon.com/dp/B0CWNPMC4T?tag=eloabder-20&linkCode=osi&th=1&psc=1"><img src="https://m.media-amazon.com/images/I/31BZeVGe6TL._SL500_.jpg" alt="Product Image"></a><p>zmybcpack 5 Pack Blank Journal Notebooks, Blank Paper Sketchbook for Drawing Writing, Travel Journal Notebook Kraft Paper Notebook for Travelers, Students, Office, A5, 8.26” x 5.5”, 60 Pages/30 Sheets</p><p>$8.99</p><a href="https://www.amazon.com/dp/B0CWNPMC4T?tag=eloabder-20&linkCode=osi&th=1&psc=1">View Product</a></div><div class="product"><a href="https://www.amazon.com/dp/B07WHYP9WN?tag=eloabder-20&linkCode=osi&th=1&psc=1"><img src="https://m.media-amazon.com/images/I/41ZhyCux1yL._SL500_.jpg" alt="Product Image"></a><p>Thick Blank Journal Notebook with Unlined / Unruled / Plain Pages | Deluxe 120gsm Ink Resistant Paper for Writing, Sketch Book, 160 Pages | Hardcover Sketchbook with Pen Holder, Pocket, Ribbon (Black)</p><p>$14.99</p><a href="https://www.amazon.com/dp/B07WHYP9WN?tag=eloabder-20&linkCode=osi&th=1&psc=1">View Product</a></div>
<div class="product"><a href="https://www.amazon.com/dp/B07MT7HKZW?tag=eloabder-20&linkCode=osi&th=1&psc=1"><img src="https://m.media-amazon.com/images/I/413JwH5JREL._SL500_.jpg" alt="Product Image"></a><p>Spiral Sketch Book Large Notebook（Built-in Drawing Board） Kraft Cover Blank Sketch Pad Wirebound Sketching for Drawing Painting 8.5x11-Inch (2 Pack) 200 Sheets, 100 Sheets, 200Pages Each</p><p>$17.99 ($9.00 / Count)</p><a href="https://www.amazon.com/dp/B07MT7HKZW?tag=eloabder-20&linkCode=osi&th=1&psc=1">View Product</a></div><div class="product"><a href="https://www.amazon.com/dp/B0BDQ82WB9?tag=eloabder-20&linkCode=osi&th=1&psc=1"><img src="https://m.media-amazon.com/images/I/51FoWr3GPwL._SL500_.jpg" alt="Product Image"></a><p>feela 170 Pack Blank Kraft Notebooks, Unlined Sketchbook Mini Cute Note Pad for Drawing Writing, Journal Bulk For Kids Students Office School Supplies, A6, 48 Pages, 4.25” X 5.5”, Black and Brown</p><p>$51.99</p><a href="https://www.amazon.com/dp/B0BDQ82WB9?tag=eloabder-20&linkCode=osi&th=1&psc=1">View Product</a></div><div class="product"><a href="https://www.amazon.com/dp/B0B3WWHWT2?tag=eloabder-20&linkCode=osi&th=1&psc=1"><img src="https://m.media-amazon.com/images/I/31m0FzXtPxL._SL500_.jpg" alt="Product Image"></a><p>Tamaki 6 Pack Colorful Blank Books for kids to Write, Drawing, Cute Sketchbook for Kid, 6 Colors (4.25 x 5.5 Inches)</p><p>$6.99</p><a href="https://www.amazon.com/dp/B0B3WWHWT2?tag=eloabder-20&linkCode=osi&th=1&psc=1">View Product</a></div>
<div class="product"><a href="https://www.amazon.com/dp/B0BGH2P9M6?tag=eloabder-20&linkCode=osi&th=1&psc=1"><img src="https://m.media-amazon.com/images/I/41ozOaYoHEL._SL500_.jpg" alt="Product Image"></a><p>EOOUT 100pcs A5 Kraft Notebooks, Blank Page Journals in Bulk, Sketchbooks Bulk for Kids, 60 Pages, 80GSM, 8.3 X 5.5 Inch, Travel Journal Set, for Art Camp, Travelers, Students and Office Supplies</p><p>$51.99</p><a href="https://www.amazon.com/dp/B0BGH2P9M6?tag=eloabder-20&linkCode=osi&th=1&psc=1">View Product</a></div><div class="product"><a href="https://www.amazon.com/dp/B07MT99F94?tag=eloabder-20&linkCode=osi&th=1&psc=1"><img src="https://m.media-amazon.com/images/I/41Ug7gpSWDL._SL500_.jpg" alt="Product Image"></a><p>Spiral Sketch Book Large Notebook（Built-in Drawing Board） Kraft Cover Blank Sketch Pad Wirebound Sketching for Drawing Painting 8.5x11-Inch (1 Pack) 200 Pages, 100 Sheets</p><p>$9.99</p><a href="https://www.amazon.com/dp/B07MT99F94?tag=eloabder-20&linkCode=osi&th=1&psc=1">View Product</a></div><div class="product"><a href="https://www.amazon.com/dp/B07CM32KLM?tag=eloabder-20&linkCode=osi&th=1&psc=1"><img src="https://m.media-amazon.com/images/I/41ENhBLE9DL._SL500_.jpg" alt="Product Image"></a><p>Kraft Cover Drawing Notebook & Sketchbook – Set of 2 Blank Plain Sketch Books – 125g Thick Paper A5 Size, 150x210mm Paper Ideal for Drawing & Sketching- 128 sheets/256 pages – 180 Degree Opening, 2pcs</p><p>$20.99 ($0.08 / Count)</p><a href="https://www.amazon.com/dp/B07CM32KLM?tag=eloabder-20&linkCode=osi&th=1&psc=1">View Product</a></div><div class="product"><a href="https://www.amazon.com/dp/B08ZLMLF7C?tag=eloabder-20&linkCode=osi&th=1&psc=1"><img src="https://m.media-amazon.com/images/I/41X-5yj83vL._SL500_.jpg" alt="Product Image"></a><p>BEECHMORE BOOKS Sketch Book, A4 8.5 x 11.5 inch Blank Sketchbook for Drawing, Paint and Draw, 156 Pages Thick Paper 160gsm, Hardcover Leather Art Notebook, Boxed for Gifts (Chestnut Brown)</p><p>$21.20</p><a href="https://www.amazon.com/dp/B08ZLMLF7C?tag=eloabder-20&linkCode=osi&th=1&psc=1">View Product</a></div>
<div class="product"><a href="https://www.amazon.com/dp/B075M9MSFH?tag=eloabder-20&linkCode=osi&th=1&psc=1"><img src="https://m.media-amazon.com/images/I/51x+szTX6TL._SL500_.jpg" alt="Product Image"></a><p>Bianyo Bleedproof Marker Paper Pad, A4(8.27"X11.69"), 50 Sheets, 18 LB / 70 GSM, Glue-Bound, 100% Cotton, White, Ideal for Use with Markers and Ink Mediums</p><p>$9.99</p><a href="https://www.amazon.com/dp/B075M9MSFH?tag=eloabder-20&linkCode=osi&th=1&psc=1">View Product</a></div><div class="product"><a href="https://www.amazon.com/dp/B08FX5S2NL?tag=eloabder-20&linkCode=osi&th=1&psc=1"><img src="https://m.media-amazon.com/images/I/41CA0ZfazKL._SL500_.jpg" alt="Product Image"></a><p>Marker Paper Sketchbook, Bleedproof Art Marker Pad, (8.27 X 11.69) Inch, White, 40 Sheets</p><p>$6.99</p><a href="https://www.amazon.com/dp/B08FX5S2NL?tag=eloabder-20&linkCode=osi&th=1&psc=1">View Product</a></div><div class="product"><a href="https://www.amazon.com/dp/B0CJRBFSJ8?tag=eloabder-20&linkCode=osi&th=1&psc=1"><img src="https://m.media-amazon.com/images/I/51DLA8TpwEL._SL500_.jpg" alt="Product Image"></a><p>Shuttle Art Marker Pad, 8.3”x8.9” Portable Square Sketchbook, 80 Sheets Marker Drawing Paper, 120LB/200GSM Bleedproof Art Paper, Spiral-Bound, Great for Professional Artist to Draw, Paint & Sketch</p><p>$16.99</p><a href="https://www.amazon.com/dp/B0CJRBFSJ8?tag=eloabder-20&linkCode=osi&th=1&psc=1">View Product</a></div><div class="product"><a href="https://www.amazon.com/dp/B09N7VX5Z5?tag=eloabder-20&linkCode=osi&th=1&psc=1"><img src="https://m.media-amazon.com/images/I/51xCPs9HZyL._SL500_.jpg" alt="Product Image"></a><p>Marker Paper Sketchbook - Marker Sketchbook with Bleedproof Smooth Coated Art Paper, 120 GSM 80 LBS - Marker Pad for Alcohol Markers, Sketching, Drawing - 8.11 x 8.5 Inch | 50 Sheets, 2 Pack</p><p>$15.99 ($8.00 / Count)</p><a href="https://www.amazon.com/dp/B09N7VX5Z5?tag=eloabder-20&linkCode=osi&th=1&psc=1">View Product</a></div><div class="product"><a href="https://www.amazon.com/dp/B07CK94W9T?tag=eloabder-20&linkCode=osi&th=1&psc=1"><img src="https://m.media-amazon.com/images/I/41ocoSNDjdL._SL500_.jpg" alt="Product Image"></a><p>BOXUN Premium 50 Sheets Sketch Marker Paper Pad, Bleedproof Artist Drawing Paper, 8.27 x 11.69 Inch</p><p>$8.29 ($0.17 / Count)</p><a href="https://www.amazon.com/dp/B07CK94W9T?tag=eloabder-20&linkCode=osi&th=1&psc=1">View Product</a></div><div class="product"><a href="https://www.amazon.com/dp/B0CPXWD11W?tag=eloabder-20&linkCode=osi&th=1&psc=1"><img src="https://m.media-amazon.com/images/I/51ApKzpDVNL._SL500_.jpg" alt="Product Image"></a><p>FEITAKE Marker Paper Pad Sketchbook Bleedproof for Alcohol Markers 120lb/200gsm Double Sided Thick Art Drawing Papers 60pages (30Sheets) / A4(8.3"x11.7") Gift for Artists Students Kids</p><p>$13.99 ($0.47 / Count)</p><a href="https://www.amazon.com/dp/B0CPXWD11W?tag=eloabder-20&linkCode=osi&th=1&psc=1">View Product</a></div><div class="product"><a href="https://www.amazon.com/dp/B0025TWYW6?tag=eloabder-20&linkCode=osi&th=1&psc=1"><img src="https://m.media-amazon.com/images/I/51t6UkUHCvL._SL500_.jpg" alt="Product Image"></a><p>Bee Paper Bleedproof Marker Pack, 8-1/2-Inch by 11-Inch, 50 Sheets per Pack</p><p>$17.09 ($0.34 / Count)</p><a href="https://www.amazon.com/dp/B0025TWYW6?tag=eloabder-20&linkCode=osi&th=1&psc=1">View Product</a></div><div class="product"><a href="https://www.amazon.com/dp/B0CJRBYYQB?tag=eloabder-20&linkCode=osi&th=1&psc=1"><img src="https://m.media-amazon.com/images/I/41knBnjZ25L._SL500_.jpg" alt="Product Image"></a><p>Shuttle Art Marker Pad, 8.3”x7.67” Portable Square Sketchbook, 50 Sheets Marker Drawing Paper, 60LB/90GSM Smooth Surface Bleedproof Art Paper, Glue-Bound, Great for Beginners to Draw, Paint & Sketch</p><p>$8.99 ($0.18 / Count)</p><a href="https://www.amazon.com/dp/B0CJRBYYQB?tag=eloabder-20&linkCode=osi&th=1&psc=1">View Product</a></div>
<div class="product"><a href="https://www.amazon.com/dp/B00881IU8M?tag=eloabder-20&linkCode=osi&th=1&psc=1"><img src="https://m.media-amazon.com/images/I/41hbSgdLBtL._SL500_.jpg" alt="Product Image"></a><p>Speedball Fabric & Paper Block Printing Ink 6-Color Set, 1.25-Ounce x 6</p><p>$28.99 ($28.99 / Count)</p><a href="https://www.amazon.com/dp/B00881IU8M?tag=eloabder-20&linkCode=osi&th=1&psc=1">View Product</a></div><div class="product"><a href="https://www.amazon.com/dp/B000J09PFM?tag=eloabder-20&linkCode=osi&th=1&psc=1"><img src="https://m.media-amazon.com/images/I/51yPRc4nvoL._SL500_.jpg" alt="Product Image"></a><p>Speedball Water-Soluble Block Printing Ink Starter Set, 6 Bold Colors with Satin Finish, 1.25-Ounce Tubes</p><p>$29.99 ($4.00 / Fl Oz)</p><a href="https://www.amazon.com/dp/B000J09PFM?tag=eloabder-20&linkCode=osi&th=1&psc=1">View Product</a></div><div class="product"><a href="https://www.amazon.com/dp/B000BYT24U?tag=eloabder-20&linkCode=osi&th=1&psc=1"><img src="https://m.media-amazon.com/images/I/51pDlo+LlKL._SL500_.jpg" alt="Product Image"></a><p>Speedball Water-Soluble Block Printing Ink, 8-Ounce Jar, Black</p><p>$14.49</p><a href="https://www.amazon.com/dp/B000BYT24U?tag=eloabder-20&linkCode=osi&th=1&psc=1">View Product</a></div><div class="product"><a href="https://www.amazon.com/dp/B00C1JUJWW?tag=eloabder-20&linkCode=osi&th=1&psc=1"><img src="https://m.media-amazon.com/images/I/41zDtJ6f5hL._SL500_.jpg" alt="Product Image"></a><p>Speedball Fabric Block Printing Ink, 2.5-Ounce, Black</p><p>$9.99 ($4.00 / Fl Oz)</p><a href="https://www.amazon.com/dp/B00C1JUJWW?tag=eloabder-20&linkCode=osi&th=1&psc=1">View Product</a></div><div class="product"><a href="https://www.amazon.com/dp/B004PZ1ZJG?tag=eloabder-20&linkCode=osi&th=1&psc=1"><img src="https://m.media-amazon.com/images/I/41+GkhhpR5L._SL500_.jpg" alt="Product Image"></a><p>Speedball Water-Soluble Block Printing Ink Starter Set, 4-Color Set, 1.25-Ounce Tubes</p><p>$20.99</p><a href="https://www.amazon.com/dp/B004PZ1ZJG?tag=eloabder-20&linkCode=osi&th=1&psc=1">View Product</a></div><div class="product"><a href="https://www.amazon.com/dp/B0017CZF3C?tag=eloabder-20&linkCode=osi&th=1&psc=1"><img src="https://m.media-amazon.com/images/I/41S17SYPAZL._SL500_.jpg" alt="Product Image"></a><p>Speedball Water Soluble Block Printing Ink, Black, 2-1/2 Ounces - 380663</p><p>$9.99</p><a href="https://www.amazon.com/dp/B0017CZF3C?tag=eloabder-20&linkCode=osi&th=1&psc=1">View Product</a></div><div class="product"><a href="https://www.amazon.com/dp/B0BXNX8FSH?tag=eloabder-20&linkCode=osi&th=1&psc=1"><img src="https://m.media-amazon.com/images/I/51JGm1VxVOL._SL500_.jpg" alt="Product Image"></a><p>Falling in Art Water-Soluble Block Printing Ink, 6-Color Printmaking Ink Set for Linoleum Block, 3.5 floz</p><p>$28.99</p><a href="https://www.amazon.com/dp/B0BXNX8FSH?tag=eloabder-20&linkCode=osi&th=1&psc=1">View Product</a></div><div class="product"><a href="https://www.amazon.com/dp/B0027ACJBO?tag=eloabder-20&linkCode=osi&th=1&psc=1"><img src="https://m.media-amazon.com/images/I/41OzayB9ojL._SL500_.jpg" alt="Product Image"></a><p>Speedball 3476 Oil-Based Block Printing Ink Starter Set for Professional, Permanent Prints AP Certified – 1.25 FL OZ Tubes</p><p>$33.99</p><a href="https://www.amazon.com/dp/B0027ACJBO?tag=eloabder-20&linkCode=osi&th=1&psc=1">View Product</a></div>
<div class="product"><a href="https://www.amazon.com/dp/B0027AGDWK?tag=eloabder-20&linkCode=osi&th=1&psc=1"><img src="https://m.media-amazon.com/images/I/515LDer6GPL._SL500_.jpg" alt="Product Image"></a><p>Speedball Deluxe Block Printing Kit - Includes Inks, Brayer, Bench Hook, Lino Handle and Cutters, Speedy-Carve Block, Mounted Linoleum Block</p><p>$59.99</p><a href="https://www.amazon.com/dp/B0027AGDWK?tag=eloabder-20&linkCode=osi&th=1&psc=1">View Product</a></div><div class="product"><a href="https://www.amazon.com/dp/B07ZJBZN5S?tag=eloabder-20&linkCode=osi&th=1&psc=1"><img src="https://m.media-amazon.com/images/I/41UbN58y9uS._SL500_.jpg" alt="Product Image"></a><p>SGHUO 12pcs 4"x6" Pink Rubber Carving Blocks Linoleum Block Stamp Making Kit</p><p>$22.99 ($1.92 / Count)</p><a href="https://www.amazon.com/dp/B07ZJBZN5S?tag=eloabder-20&linkCode=osi&th=1&psc=1">View Product</a></div>
<div class="product"><a href="https://www.amazon.com/dp/B00L2DYUM8?tag=eloabder-20&linkCode=osi&th=1&psc=1"><img src="https://m.media-amazon.com/images/I/51l5FZ0+5AL._SL500_.jpg" alt="Product Image"></a><p>Strathmore 300 Series Printmaking Paper Pad, Glue Bound, 5x7 inches, 40 Sheets (120g) - Artist Paper for Adults and Students - Block Printing, Linocut, Screen Printing, White</p><p>$7.26</p><a href="https://www.amazon.com/dp/B00L2DYUM8?tag=eloabder-20&linkCode=osi&th=1&psc=1">View Product</a></div><div class="product"><a href="https://www.amazon.com/dp/B07BSYS5XC?tag=eloabder-20&linkCode=osi&th=1&psc=1"><img src="https://m.media-amazon.com/images/I/51Uwfq0jv+L._SL500_.jpg" alt="Product Image"></a><p>Ucreate Printmaking Paper, 9"x12", White, 100 Sheet, P9001</p><p>$9.79</p><a href="https://www.amazon.com/dp/B07BSYS5XC?tag=eloabder-20&linkCode=osi&th=1&psc=1">View Product</a></div><div class="product"><a href="https://www.amazon.com/dp/B00K5562WA?tag=eloabder-20&linkCode=osi&th=1&psc=1"><img src="https://m.media-amazon.com/images/I/51Dm+TeJGdL._SL500_.jpg" alt="Product Image"></a><p>Strathmore Printmaking Paper Pad 8"X10"-20 Sheets -62433800, White</p><p>$10.19</p><a href="https://www.amazon.com/dp/B00K5562WA?tag=eloabder-20&linkCode=osi&th=1&psc=1">View Product</a></div><div class="product"><a href="https://www.amazon.com/dp/B001DNH8I0?tag=eloabder-20&linkCode=osi&th=1&psc=1"><img src="https://m.media-amazon.com/images/I/51UzoKdUojL._SL500_.jpg" alt="Product Image"></a><p>Black Ink 9-Inch by 12-Inch Bleached Mulberry Block Printing Paper, 25-Pack</p><p>$19.35 ($0.77 / Count)</p><a href="https://www.amazon.com/dp/B001DNH8I0?tag=eloabder-20&linkCode=osi&th=1&psc=1">View Product</a></div><div class="product"><a href="https://www.amazon.com/dp/B00C6G6L5Y?tag=eloabder-20&linkCode=osi&th=1&psc=1"><img src="https://m.media-amazon.com/images/I/5103h0Rm8sL._SL500_.jpg" alt="Product Image"></a><p>Black Ink Thai Mulberry Block Printing Paper Packs small assorted colors</p><p>$21.99</p><a href="https://www.amazon.com/dp/B00C6G6L5Y?tag=eloabder-20&linkCode=osi&th=1&psc=1">View Product</a></div>
<div class="product"><a href="https://www.amazon.com/dp/B003IG27OK?tag=eloabder-20&linkCode=osi&th=1&psc=1"><img src="https://m.media-amazon.com/images/I/416NUaYo1DL._SL500_.jpg" alt="Product Image"></a><p>Speedball Block Printing Baren - Comfortable Wooden Handle, Made in the USA - 4 Inches</p><p>$29.49</p><a href="https://www.amazon.com/dp/B003IG27OK?tag=eloabder-20&linkCode=osi&th=1&psc=1">View Product</a></div>
<div class="product"><a href="https://www.amazon.com/dp/B0CMZYY8CJ?tag=eloabder-20&linkCode=osi&th=1&psc=1"><img src="https://m.media-amazon.com/images/I/41TifSIP7SL._SL500_.jpg" alt="Product Image"></a><p>Ecoofor Blotting Paper for Flower Press, 20 Sheets Highly Absorbent and Reusable Blotter Paper for Flower Press Paper Craft 9 x 9 inch</p><p>$9.99</p><a href="https://www.amazon.com/dp/B0CMZYY8CJ?tag=eloabder-20&linkCode=osi&th=1&psc=1">View Product</a></div><div class="product"><a href="https://www.amazon.com/dp/B0CYRT3RM4?tag=eloabder-20&linkCode=osi&th=1&psc=1"><img src="https://m.media-amazon.com/images/I/31+qvVq3giL._SL500_.jpg" alt="Product Image"></a><p>Hygge & Sage Premium Natural Fiber Blotting Paper for Flower Press Art; 20 Large Sheets for a Press up to 8x11 Inches; Absorbent, Versatile, and Acid-Free Reusable Blotter Paper for Flower Pressing</p><p>$9.50 ($0.48 / Count)</p><a href="https://www.amazon.com/dp/B0CYRT3RM4?tag=eloabder-20&linkCode=osi&th=1&psc=1">View Product</a></div><div class="product"><a href="https://www.amazon.com/dp/B0D41GDLHM?tag=eloabder-20&linkCode=osi&th=1&psc=1"><img src="https://m.media-amazon.com/images/I/41LIF5dHXaL._SL500_.jpg" alt="Product Image"></a><p>Aboofx 20 Sheets Blotting Paper for Flower Press, 15" x 10" Extra Large Highly Absorbent Blotter Paper for Flower Press Reusable Herbarium Paper Craft Blotter Paper Sheets</p><p>$19.99</p><a href="https://www.amazon.com/dp/B0D41GDLHM?tag=eloabder-20&linkCode=osi&th=1&psc=1">View Product</a></div><div class="product"><a href="https://www.amazon.com/dp/B0CQMMYSBR?tag=eloabder-20&linkCode=osi&th=1&psc=1"><img src="https://m.media-amazon.com/images/I/413SlUi6IDL._SL500_.jpg" alt="Product Image"></a><p>Wisreach Blotting Paper for Flower Press, 20 Sheets Flower Press Paper Highly Absorbent and Reusable Blotter Paper for Flower Art A4 Size 8.26 x 11.4 inch</p><p>$9.99</p><a href="https://www.amazon.com/dp/B0CQMMYSBR?tag=eloabder-20&linkCode=osi&th=1&psc=1">View Product</a></div><div class="product"><a href="https://www.amazon.com/dp/B093FQ22PG?tag=eloabder-20&linkCode=osi&th=1&psc=1"><img src="https://m.media-amazon.com/images/I/41B2jXhe+QL._SL500_.jpg" alt="Product Image"></a><p>Blotting Paper for Flower Press by Berstuk® • Large A4 Flower Press Paper • Highly Absorbent and Reusable Herbarium Paper • Pack of 10 Blotter Paper Sheets</p><p>$6.99 ($69.90 / 100 Sheets)</p><a href="https://www.amazon.com/dp/B093FQ22PG?tag=eloabder-20&linkCode=osi&th=1&psc=1">View Product</a></div><div class="product"><a href="https://www.amazon.com/dp/B0C6PW4VGB?tag=eloabder-20&linkCode=osi&th=1&psc=1"><img src="https://m.media-amazon.com/images/I/21C64VB3iVL._SL500_.jpg" alt="Product Image"></a><p>PATIKIL 16"x12" Flower Press Paper, 1 Set/30 Sheet Refill Lining Blotter Paper Absorbent Reusable Blotting Paper for DIY Art Handicraft Scrapbook</p><p>$11.19</p><a href="https://www.amazon.com/dp/B0C6PW4VGB?tag=eloabder-20&linkCode=osi&th=1&psc=1">View Product</a></div><div class="product"><a href="https://www.amazon.com/dp/B0C6PTK915?tag=eloabder-20&linkCode=osi&th=1&psc=1"><img src="https://m.media-amazon.com/images/I/21UviFCGjtL._SL500_.jpg" alt="Product Image"></a><p>PATIKIL 12"x8" Flower Press Paper, 2 Set/60 Sheet Refill Lining Blotter Paper Absorbent Reusable Blotting Paper for DIY Art Handicraft Scrapbook</p><p>$13.69</p><a href="https://www.amazon.com/dp/B0C6PTK915?tag=eloabder-20&linkCode=osi&th=1&psc=1">View Product</a></div><div class="product"><a href="https://www.amazon.com/dp/B0CDJZ4MD7?tag=eloabder-20&linkCode=osi&th=1&psc=1"><img src="https://m.media-amazon.com/images/I/41iwkW+QQOL._SL500_.jpg" alt="Product Image"></a><p>30 PCS Blotting Paper for Flower Press Large A4 Flower Press Paper Highly Absorbent and Reusable Blotter Paper Refill Lining Paper for Flower Press Art Craft Scrapbook Making, 11.8 x 7.9 Inches Blue</p><p>$9.99</p><a href="https://www.amazon.com/dp/B0CDJZ4MD7?tag=eloabder-20&linkCode=osi&th=1&psc=1">View Product</a></div>

<div class="product"><a href="https://www.amazon.com/dp/B0D2T4F1DZ?tag=eloabder-20&linkCode=osi&th=1&psc=1"><img src="https://m.media-amazon.com/images/I/41KNcatyBWL._SL500_.jpg" alt="Product Image"></a><p>10pcs Book Cloth,14”x10”,Fabric Surface and Paper Backed, book cloth for book binding,book binding fabric,5 Colors Bookbinding Cloth for DIY fabric book cover,bookbinding paper (Style B)</p><p>$9.99</p><a href="https://www.amazon.com/dp/B0D2T4F1DZ?tag=eloabder-20&linkCode=osi&th=1&psc=1">View Product</a></div><div class="product"><a href="https://www.amazon.com/dp/B0CMD2LWR8?tag=eloabder-20&linkCode=osi&th=1&psc=1"><img src="https://m.media-amazon.com/images/I/31QVUZVSB+L._SL500_.jpg" alt="Product Image"></a><p>Mozeat Lens 33 ft Bookbinding Tape Book Tape Repair Book Binding Tape Cloth Book Repair Kit 2 Inch Wide Book Spine Tape Cloth Bookbinding Repair Tape White Book Tape for Reinforcing Book Spine Tape</p><p>$7.99</p><a href="https://www.amazon.com/dp/B0CMD2LWR8?tag=eloabder-20&linkCode=osi&th=1&psc=1">View Product</a></div><div class="product"><a href="https://www.amazon.com/dp/B0D1KC168C?tag=eloabder-20&linkCode=osi&th=1&psc=1"><img src="https://m.media-amazon.com/images/I/31wWgk-1V4L._SL500_.jpg" alt="Product Image"></a><p>AKONEGE Book Cloth for Book Binding 35 x 16 Inch Fabric Surface and Paper Backed, Strong, Easy to Use, Fabric Materials Bookbinding Supplies Bookcloth for Scrapbooking Album DIY Crafts, Black</p><p>$9.99</p><a href="https://www.amazon.com/dp/B0D1KC168C?tag=eloabder-20&linkCode=osi&th=1&psc=1">View Product</a></div><div class="product"><a href="https://www.amazon.com/dp/B0BC48CCWW?tag=eloabder-20&linkCode=osi&th=1&psc=1"><img src="https://m.media-amazon.com/images/I/41vTc+L-XyL._SL500_.jpg" alt="Product Image"></a><p>Wooqu Book Cloth, Fabric Surface and Paper Backed, Easy to Use, Strong, 17x29”, for Book Binding, Dark Green</p><p>$13.99</p><a href="https://www.amazon.com/dp/B0BC48CCWW?tag=eloabder-20&linkCode=osi&th=1&psc=1">View Product</a></div><div class="product"><a href="https://www.amazon.com/dp/B00W3S7LU4?tag=eloabder-20&linkCode=osi&th=1&psc=1"><img src="https://m.media-amazon.com/images/I/41mUL1LmSHS._SL500_.jpg" alt="Product Image"></a><p>BookGuard 2 inch Premium Bookbinding Repair Cloth Tape, 15 Yard Roll Burgundy</p><p>$14.95</p><a href="https://www.amazon.com/dp/B00W3S7LU4?tag=eloabder-20&linkCode=osi&th=1&psc=1">View Product</a></div>

<div class="product"><a href="https://www.amazon.com/dp/B08217DGL7?tag=eloabder-20&linkCode=osi&th=1&psc=1"><img src="https://m.media-amazon.com/images/I/51Gy-qfph7L._SL500_.jpg" alt="Product Image"></a><p>24 Colors Waxed Thread, Leather Sewing Thread,Hand Stitching Thread for Hand Sewing Leather and Bookbinding, 13Yards Per Color</p><p>$11.99 ($0.01 / Foot)</p><a href="https://www.amazon.com/dp/B08217DGL7?tag=eloabder-20&linkCode=osi&th=1&psc=1">View Product</a></div><div class="product"><a href="https://www.amazon.com/dp/B08GCHJ3FP?tag=eloabder-20&linkCode=osi&th=1&psc=1"><img src="https://m.media-amazon.com/images/I/41TK-XNxTFL._SL500_.jpg" alt="Product Image"></a><p>FANDOL 100% Natural Linen Thread Waxed thread for Bookbingding, Leather Sewing, Beading or Macrame (Natural)</p><p>$14.98</p><a href="https://www.amazon.com/dp/B08GCHJ3FP?tag=eloabder-20&linkCode=osi&th=1&psc=1">View Product</a></div><div class="product"><a href="https://www.amazon.com/dp/B0025U108E?tag=eloabder-20&linkCode=osi&th=1&psc=1"><img src="https://m.media-amazon.com/images/I/4172yrURiVL._SL500_.jpg" alt="Product Image"></a><p>Books by Hand Linen Thread, Archival Quality Natural Unbleached and Unwaxed, 50 Yards 35/3 Gauge, Ideal for Bookbinding and Sewing Signatures</p><p>$9.47</p><a href="https://www.amazon.com/dp/B0025U108E?tag=eloabder-20&linkCode=osi&th=1&psc=1">View Product</a></div><div class="product"><a href="https://www.amazon.com/dp/B08S78KLRN?tag=eloabder-20&linkCode=osi&th=1&psc=1"><img src="https://m.media-amazon.com/images/I/413NGMtJdrL._SL500_.jpg" alt="Product Image"></a><p>Jupean Waxed Thread, 150m /164Yards Beige Leather Waxed Thread, Leather Sewing Thread, Hand Stitching Thread for Hand Sewing Leather, Bookbinding, and Beginners Leather Craft DIY</p><p>$6.49 ($0.01 / Foot)</p><a href="https://www.amazon.com/dp/B08S78KLRN?tag=eloabder-20&linkCode=osi&th=1&psc=1">View Product</a></div><div class="product"><a href="https://www.amazon.com/dp/B015D9E6UM?tag=eloabder-20&linkCode=osi&th=1&psc=1"><img src="https://m.media-amazon.com/images/I/51VnWPI+Q5L._SL500_.jpg" alt="Product Image"></a><p>Lineco, Natural Waxed Linen Thread 20 Yards, Books by Hand Natural, Black, Brown Color for Sewing, Bookbinding (3/Pkg)</p><p>$13.77</p><a href="https://www.amazon.com/dp/B015D9E6UM?tag=eloabder-20&linkCode=osi&th=1&psc=1">View Product</a></div>
<div class="product"><a href="https://www.amazon.com/dp/B0CMD53C1C?tag=eloabder-20&linkCode=osi&th=1&psc=1"><img src="https://m.media-amazon.com/images/I/31dU4wqS0rL._SL500_.jpg" alt="Product Image"></a><p>5-in-1 Bookbinding Kit,Book Cover Guide, Bookbinding Cover Tool, Stainless Steel Book Binding Kit, Bookbinding Ruler, Scrapbooking Tools for Making Book Cover Chipboard Covers Album Planner</p><p>$7.88</p><a href="https://www.amazon.com/dp/B0CMD53C1C?tag=eloabder-20&linkCode=osi&th=1&psc=1">View Product</a></div>
<div class="product"><a href="https://www.amazon.com/dp/B007TIEG6U?tag=eloabder-20&linkCode=osi&th=1&psc=1"><img src="https://m.media-amazon.com/images/I/31d6r6R5lGL._SL500_.jpg" alt="Product Image"></a><p>Handy Art Empty 2 ounce Marker Bottle, Dauber Tip and Cap, 12-Each (900-003) , White</p><p>$23.12 ($1.93 / Count)</p><a href="https://www.amazon.com/dp/B007TIEG6U?tag=eloabder-20&linkCode=osi&th=1&psc=1">View Product</a></div>
<div class="product"><a href="https://www.amazon.com/dp/B07YDNKSH6?tag=eloabder-20&linkCode=osi&th=1&psc=1"><img src="https://m.media-amazon.com/images/I/41JGrHa7mSL._SL500_.jpg" alt="Product Image"></a><p>4-Inch Rubber Brayer Roller for Printmaking, Great for Gluing Application Also. (Original Version)</p><p>$6.99</p><a href="https://www.amazon.com/dp/B07YDNKSH6?tag=eloabder-20&linkCode=osi&th=1&psc=1">View Product</a></div>
<div class="product"><a href="https://www.amazon.com/dp/B005U7BNPE?tag=eloabder-20&linkCode=osi&th=1&psc=1"><img src="https://m.media-amazon.com/images/I/418YfTClSxL._SL500_.jpg" alt="Product Image"></a><p>Apple Barrel Acrylic Paint in Assorted Colors (2 oz), 20513, Bright Yellow</p><p>$0.58 ($0.29 / Fl Oz)</p><a href="https://www.amazon.com/dp/B005U7BNPE?tag=eloabder-20&linkCode=osi&th=1&psc=1">View Product</a></div><div class="product"><a href="https://www.amazon.com/dp/B099DWCRZ5?tag=eloabder-20&linkCode=osi&th=1&psc=1"><img src="https://m.media-amazon.com/images/I/41rr5hT-8TL._SL500_.jpg" alt="Product Image"></a><p>milo Fluorescent Acrylic Paint Set of 6 Colors | 4 oz Bottles | Student Neon Colors Acrylics Painting Pack | Made in the USA | Non-Toxic Art & Craft Paints for Artists, Kids, & Hobby Painters</p><p>$22.90 ($0.95 / Fl Oz)</p><a href="https://www.amazon.com/dp/B099DWCRZ5?tag=eloabder-20&linkCode=osi&th=1&psc=1">View Product</a></div><div class="product"><a href="https://www.amazon.com/dp/B07ZPPPWPL?tag=eloabder-20&linkCode=osi&th=1&psc=1"><img src="https://m.media-amazon.com/images/I/51Vqk2rrZwL._SL500_.jpg" alt="Product Image"></a><p>Apple Barrel, Pastel Dreams & Vivid Wonders Collection Acrylic Craft Paint, PROMOTCK, 2 fl oz each, 18 assorted matte colors, 18 count</p><p>$22.66 ($0.63 / Fl Oz)</p><a href="https://www.amazon.com/dp/B07ZPPPWPL?tag=eloabder-20&linkCode=osi&th=1&psc=1">View Product</a></div><div class="product"><a href="https://www.amazon.com/dp/B0CKQR52XC?tag=eloabder-20&linkCode=osi&th=1&psc=1"><img src="https://m.media-amazon.com/images/I/51WTPlhN2WL._SL500_.jpg" alt="Product Image"></a><p>ARTME Glow in The Dark Paint, 10 Bright Colors 60ml/2oz Blacklight Paint Set, Neon Craft Paint, Acrylic Glow Fluorescent Paint Perfect for Art Painting, DIY projects, Halloween and Christmas</p><p>$23.99 ($1.20 / Fl Oz)</p><a href="https://www.amazon.com/dp/B0CKQR52XC?tag=eloabder-20&linkCode=osi&th=1&psc=1">View Product</a></div><div class="product"><a href="https://www.amazon.com/dp/B09XXHBL3Y?tag=eloabder-20&linkCode=osi&th=1&psc=1"><img src="https://m.media-amazon.com/images/I/51taBeDdeIL._SL500_.jpg" alt="Product Image"></a><p>Fantastory Glow in the Dark Acrylic Paint, 10 Extra Bright Colors, 30ml/1oz Waterproof Glow in Dark Paint,Indoor Outdoor Blacklight Paint for Kids,Adults, Rocks,Walls,Halloween,Craft &Fabric</p><p>$9.99 ($1.00 / Fl Oz)</p><a href="https://www.amazon.com/dp/B09XXHBL3Y?tag=eloabder-20&linkCode=osi&th=1&psc=1">View Product</a></div><div class="product"><a href="https://www.amazon.com/dp/B0BS3JM8ZR?tag=eloabder-20&linkCode=osi&th=1&psc=1"><img src="https://m.media-amazon.com/images/I/51S8FteGgPL._SL500_.jpg" alt="Product Image"></a><p>Acrylic Paint, Shuttle Art 24 Colors Acrylic Paint Bottle Set, 250ml/8.45oz Each, Rich Pigments, High Viscosity, Bulk Paint for Artists, Beginners and Kids Painting on Rocks Crafts Canvas Wood Ceramic</p><p>$49.99 ($0.25 / Fl Oz)</p><a href="https://www.amazon.com/dp/B0BS3JM8ZR?tag=eloabder-20&linkCode=osi&th=1&psc=1">View Product</a></div><div class="product"><a href="https://www.amazon.com/dp/B00CIW3EDI?tag=eloabder-20&linkCode=osi&th=1&psc=1"><img src="https://m.media-amazon.com/images/I/41PMnxyBo5L._SL500_.jpg" alt="Product Image"></a><p>FolkArt Multi-Surface Acrylic Paint in Assorted Colors (2 oz), 2896, Bright Pink</p><p>$1.47 ($0.74 / Fl Oz)</p><a href="https://www.amazon.com/dp/B00CIW3EDI?tag=eloabder-20&linkCode=osi&th=1&psc=1">View Product</a></div><div class="product"><a href="https://www.amazon.com/dp/B085ZB5ZK9?tag=eloabder-20&linkCode=osi&th=1&psc=1"><img src="https://m.media-amazon.com/images/I/51nmRq1eicL._SL500_.jpg" alt="Product Image"></a><p>FolkArt 4 Bottle Multi-Surface Acrylic Paint Set, 2oz, Neon Blacklight Colors</p><p>$8.12 ($1.02 / Fl Oz)</p><a href="https://www.amazon.com/dp/B085ZB5ZK9?tag=eloabder-20&linkCode=osi&th=1&psc=1">View Product</a></div><div class="product"><a href="https://www.amazon.com/dp/B08N585VN5?tag=eloabder-20&linkCode=osi&th=1&psc=1"><img src="https://m.media-amazon.com/images/I/51nwFBdxwVL._SL500_.jpg" alt="Product Image"></a><p>Acrylic Paint Set Value Pack of 12 Colors | Craft Painting Kit with 2 oz Squeeze Bottles for Beginners, Artists, Professionals | Non-Toxic Water Based Paints for Canvas, Paper, Wood | Bright Hues</p><p>$11.99 ($0.50 / Fl Oz)</p><a href="https://www.amazon.com/dp/B08N585VN5?tag=eloabder-20&linkCode=osi&th=1&psc=1">View Product</a></div>
<div class="product"><a href="https://www.amazon.com/dp/B0009RRT9Y?tag=eloabder-20&linkCode=osi&th=1&psc=1"><img src="https://m.media-amazon.com/images/I/51ZhyYPOB5L._SL500_.jpg" alt="Product Image"></a><p>General Pencil Company The Masters Brush Cleaner & Preserver 2.5 0z.</p><p>$12.00</p><a href="https://www.amazon.com/dp/B0009RRT9Y?tag=eloabder-20&linkCode=osi&th=1&psc=1">View Product</a></div><div class="product"><a href="https://www.amazon.com/dp/B00F38YVQS?tag=eloabder-20&linkCode=osi&th=1&psc=1"><img src="https://m.media-amazon.com/images/I/51yjmSTzzML._SL500_.jpg" alt="Product Image"></a><p>B & J Original Brush Cleaner - 2.5 Oz/12ct Display</p><p>$12.77</p><a href="https://www.amazon.com/dp/B00F38YVQS?tag=eloabder-20&linkCode=osi&th=1&psc=1">View Product</a></div><div class="product"><a href="https://www.amazon.com/dp/B004BN7QQ8?tag=eloabder-20&linkCode=osi&th=1&psc=1"><img src="https://m.media-amazon.com/images/I/31fEWB-h4VL._SL500_.jpg" alt="Product Image"></a><p>Winsor & Newton Brush Cleaner & Restorer, 16.0-oz Bottle</p><p>$21.87 ($1.37 / Fl Oz)</p><a href="https://www.amazon.com/dp/B004BN7QQ8?tag=eloabder-20&linkCode=osi&th=1&psc=1">View Product</a></div><div class="product"><a href="https://www.amazon.com/dp/B09NCHL2LM?tag=eloabder-20&linkCode=osi&th=1&psc=1"><img src="https://m.media-amazon.com/images/I/31UzwasdL6L._SL500_.jpg" alt="Product Image"></a><p>U.S. Art Supply Brush Cleaner and Restorer, 4 Ounce Bottle - Quickly Cleans Paint Brushes, Airbrushes, Art Tools - Cleaning Solution to Remove Dried On Acrylic, Oil and Water-Based Paint Colors</p><p>$8.99 ($2.25 / Fl Oz)</p><a href="https://www.amazon.com/dp/B09NCHL2LM?tag=eloabder-20&linkCode=osi&th=1&psc=1">View Product</a></div><div class="product"><a href="https://www.amazon.com/dp/B09J8L55SK?tag=eloabder-20&linkCode=osi&th=1&psc=1"><img src="https://m.media-amazon.com/images/I/41qgWS2nSsL._SL500_.jpg" alt="Product Image"></a><p>Green Piece® Paint Brush Cleaner and Restorer for Art Paint Brushes - 100% Natural - Non-Toxic - Wet or Dry Paint - No Chemicals - Oil or Acrylic Paints, Wood and Metal - Amazing Power - 18 Oz</p><p>$19.88</p><a href="https://www.amazon.com/dp/B09J8L55SK?tag=eloabder-20&linkCode=osi&th=1&psc=1">View Product</a></div><div class="product"><a href="https://www.amazon.com/dp/B0027A79I2?tag=eloabder-20&linkCode=osi&th=1&psc=1"><img src="https://m.media-amazon.com/images/I/31J6S+mCjuL._SL500_.jpg" alt="Product Image"></a><p>Pink Soap 12-Ounce Paint Brush Cleaner and Conditioner, Solution Cleans and Restores, Removes Dried Paint on Airbrushes and Other Artist Tools & Supplies</p><p>$15.49 ($1.29 / Fl Oz)</p><a href="https://www.amazon.com/dp/B0027A79I2?tag=eloabder-20&linkCode=osi&th=1&psc=1">View Product</a></div><div class="product"><a href="https://www.amazon.com/dp/B0027AEANE?tag=eloabder-20&linkCode=osi&th=1&psc=1"><img src="https://m.media-amazon.com/images/I/51bHOLU1pVL._SL500_.jpg" alt="Product Image"></a><p>General Pencil General 105-BP Pencil Masters Brush Cleaner & Preserver, 1 Pack, Clear</p><p>$9.99 ($4.00 / Ounce)</p><a href="https://www.amazon.com/dp/B0027AEANE?tag=eloabder-20&linkCode=osi&th=1&psc=1">View Product</a></div>

<div class="product"><a href="https://www.amazon.com/dp/B00N9UUWLA?tag=eloabder-20&linkCode=osi&th=1&psc=1"><img src="https://m.media-amazon.com/images/I/41be4n09wZL._SL500_.jpg" alt="Product Image"></a><p>Pentel Arts Portable Pocket Brush Pen (Medium Point), 1Pen & 2Refills</p><p>$7.00</p><a href="https://www.amazon.com/dp/B00N9UUWLA?tag=eloabder-20&linkCode=osi&th=1&psc=1">View Product</a></div><div class="product"><a href="https://www.amazon.com/dp/B07DQ4292Y?tag=eloabder-20&linkCode=osi&th=1&psc=1"><img src="https://m.media-amazon.com/images/I/41-kgHpaPvL._SL500_.jpg" alt="Product Image"></a><p>Tombow 62039 Fudenosuke Brush Pens, 3-Pack. Soft, Hard, and Twin Tip Markers for Calligraphy and Art Drawings</p><p>$7.59 ($2.53 / Count)</p><a href="https://www.amazon.com/dp/B07DQ4292Y?tag=eloabder-20&linkCode=osi&th=1&psc=1">View Product</a></div><div class="product"><a href="https://www.amazon.com/dp/B0995FNMKW?tag=eloabder-20&linkCode=osi&th=1&psc=1"><img src="https://m.media-amazon.com/images/I/51kpGsTNvlL._SL500_.jpg" alt="Product Image"></a><p>WRITECH Arts Sign Brush Pen Brush Tip Marker Felt Tip Water Based Ink Color Pens 12 Assorted Vintage Colors Great for Lettering Journaling Calligraphy (Vintage)</p><p>$13.99 ($1.17 / Count)</p><a href="https://www.amazon.com/dp/B0995FNMKW?tag=eloabder-20&linkCode=osi&th=1&psc=1">View Product</a></div><div class="product"><a href="https://www.amazon.com/dp/B07H89R749?tag=eloabder-20&linkCode=osi&th=1&psc=1"><img src="https://m.media-amazon.com/images/I/51nTGZ-eAsL._SL500_.jpg" alt="Product Image"></a><p>Tombow Fudenosuke Brush Pen - Hard - 10 Colors Set (WS-BH10C)</p><p>$11.73</p><a href="https://www.amazon.com/dp/B07H89R749?tag=eloabder-20&linkCode=osi&th=1&psc=1">View Product</a></div><div class="product"><a href="https://www.amazon.com/dp/B002PIFTRE?tag=eloabder-20&linkCode=osi&th=1&psc=1"><img src="https://m.media-amazon.com/images/I/41IVnNPD1hL._SL500_.jpg" alt="Product Image"></a><p>Pentel Color Brush Pen, Black (GFLBP101)</p><p>$7.89</p><a href="https://www.amazon.com/dp/B002PIFTRE?tag=eloabder-20&linkCode=osi&th=1&psc=1">View Product</a></div>
<div class="product"><a href="https://www.amazon.com/dp/B0CLLSY2BT?tag=eloabder-20&linkCode=osi&th=1&psc=1"><img src="https://m.media-amazon.com/images/I/51sQM3lrN9L._SL500_.jpg" alt="Product Image"></a><p>CUGEBANNA Paint Brush Washer,Airtight Stainless Steel Brush Cleaner for Oil Painting Acrylic,Brush Washer with Cleaning Beads and Wringer</p><p>$22.99</p><a href="https://www.amazon.com/dp/B0CLLSY2BT?tag=eloabder-20&linkCode=osi&th=1&psc=1">View Product</a></div><div class="product"><a href="https://www.amazon.com/dp/B013PB35N4?tag=eloabder-20&linkCode=osi&th=1&psc=1"><img src="https://m.media-amazon.com/images/I/419miJHrhtL._SL500_.jpg" alt="Product Image"></a><p>US Art Supply Deluxe Brush Cleaner-Brush Washer with Wash Tank</p><p>$18.99</p><a href="https://www.amazon.com/dp/B013PB35N4?tag=eloabder-20&linkCode=osi&th=1&psc=1">View Product</a></div>
<div class="product"><a href="https://www.amazon.com/dp/B07GH7WGC3?tag=eloabder-20&linkCode=osi&th=1&psc=1"><img src="https://m.media-amazon.com/images/I/51vzX1OZI6L._SL500_.jpg" alt="Product Image"></a><p>BOSOBO Paint Brushes Set, 2 Pack 20 Pcs Round-Pointed Tip Paintbrushes Nylon Hair Artist Acrylic Paint Brushes for Acrylic Oil Watercolor, Face Nail Art, Miniature Detailing & Rock Painting, Blue</p><p>$7.49 ($0.37 / Count)</p><a href="https://www.amazon.com/dp/B07GH7WGC3?tag=eloabder-20&linkCode=osi&th=1&psc=1">View Product</a></div><div class="product"><a href="https://www.amazon.com/dp/B078XJ2DCJ?tag=eloabder-20&linkCode=osi&th=1&psc=1"><img src="https://m.media-amazon.com/images/I/616oHEXPN1S._SL500_.jpg" alt="Product Image"></a><p>Pro Grade - Chip Paint Brushes - 36-Pack - 2 Inch Chip Brush for Paints, Stains, Varnishes, Glues, & Gesso</p><p>$17.99</p><a href="https://www.amazon.com/dp/B078XJ2DCJ?tag=eloabder-20&linkCode=osi&th=1&psc=1">View Product</a></div>

<div class="product"><a href="https://www.amazon.com/dp/B000YQJVFA?tag=eloabder-20&linkCode=osi&th=1&psc=1"><img src="https://m.media-amazon.com/images/I/51so-OSRt+L._SL500_.jpg" alt="Product Image"></a><p>Winsor & Newton Calligraphy Ink, 30ml (1-oz) Bottle, Black</p><p>$10.07 ($10.07 / Count)</p><a href="https://www.amazon.com/dp/B000YQJVFA?tag=eloabder-20&linkCode=osi&th=1&psc=1">View Product</a></div><div class="product"><a href="https://www.amazon.com/dp/B0026SBYUE?tag=eloabder-20&linkCode=osi&th=1&psc=1"><img src="https://m.media-amazon.com/images/I/412Ga9k1q8L._SL500_.jpg" alt="Product Image"></a><p>Higgins Black Calligraphy Ink, 2.5 Ounce Bottle (44314)</p><p>$5.99</p><a href="https://www.amazon.com/dp/B0026SBYUE?tag=eloabder-20&linkCode=osi&th=1&psc=1">View Product</a></div><div class="product"><a href="https://www.amazon.com/dp/B0CXDBD77N?tag=eloabder-20&linkCode=osi&th=1&psc=1"><img src="https://m.media-amazon.com/images/I/41x1EZv3P3L._SL500_.jpg" alt="Product Image"></a><p>SEAMEW 250 ML/8.8 OZ Calligraphy and Sumi Liquid Ink - Versatile Elegance for Chinese Traditional Art Works and Japanese Brush Art</p><p>$11.49</p><a href="https://www.amazon.com/dp/B0CXDBD77N?tag=eloabder-20&linkCode=osi&th=1&psc=1">View Product</a></div><div class="product"><a href="https://www.amazon.com/dp/B0CR3ML8VS?tag=eloabder-20&linkCode=osi&th=1&psc=1"><img src="https://m.media-amazon.com/images/I/41fLIKySQZL._SL500_.jpg" alt="Product Image"></a><p>Hmayart Prepared Super Thick Liquid Black Ink for Japanese Brush Calligraphy & Chinese Traditional Artworks (MZ010 250g)</p><p>$11.99</p><a href="https://www.amazon.com/dp/B0CR3ML8VS?tag=eloabder-20&linkCode=osi&th=1&psc=1">View Product</a></div><div class="product"><a href="https://www.amazon.com/dp/B0039OQ0J4?tag=eloabder-20&linkCode=osi&th=1&psc=1"><img src="https://m.media-amazon.com/images/I/41RRlR55P9L._SL500_.jpg" alt="Product Image"></a><p>Daiso Sumi Calligraphy Liquid Ink in a 180ml Bottle (Japan Import)</p><p>$8.99</p><a href="https://www.amazon.com/dp/B0039OQ0J4?tag=eloabder-20&linkCode=osi&th=1&psc=1">View Product</a></div><div class="product"><a href="https://www.amazon.com/dp/B074KJ289G?tag=eloabder-20&linkCode=osi&th=1&psc=1"><img src="https://m.media-amazon.com/images/I/41FZT3aCChL._SL500_.jpg" alt="Product Image"></a><p>Easyou Redstar Liquid Ink for Professioanl Traditional Calligraphy and Brush Painting Chinese Ink Liquid (Black&1pcs*180ML)</p><p>$10.99</p><a href="https://www.amazon.com/dp/B074KJ289G?tag=eloabder-20&linkCode=osi&th=1&psc=1">View Product</a></div><div class="product"><a href="https://www.amazon.com/dp/B07JYJ6C1W?tag=eloabder-20&linkCode=osi&th=1&psc=1"><img src="https://m.media-amazon.com/images/I/51IAnrWkw6L._SL500_.jpg" alt="Product Image"></a><p>MZ001 HmayartBlack Sumi Liquid Ink for Japanese Brush Calligraphy & Chinese Traditional Artworks 250ml (black)</p><p>$13.99</p><a href="https://www.amazon.com/dp/B07JYJ6C1W?tag=eloabder-20&linkCode=osi&th=1&psc=1">View Product</a></div><div class="product"><a href="https://www.amazon.com/dp/B0894L9M2C?tag=eloabder-20&linkCode=osi&th=1&psc=1"><img src="https://m.media-amazon.com/images/I/51H5LBUAZcL._SL500_.jpg" alt="Product Image"></a><p>24 Colors Calligraphy Ink Set, Calligraphy Fountain Glass Dip Pen Color Ink Caligrapher Pen Ink Bottle Set, Gold Powder Drawing Writing Art Ink with Gift Box - 24 x 7ml</p><p>$21.98</p><a href="https://www.amazon.com/dp/B0894L9M2C?tag=eloabder-20&linkCode=osi&th=1&psc=1">View Product</a></div><div class="product"><a href="https://www.amazon.com/dp/B0C49WVM7L?tag=eloabder-20&linkCode=osi&th=1&psc=1"><img src="https://m.media-amazon.com/images/I/41zxtjGWS1L._SL500_.jpg" alt="Product Image"></a><p>AOKUY 24 Colors Calligraphy Ink Set,Calligraphy Inks,Colorful Dip Pen Ink Set,Gold Powder Drawing Writing Art Ink with Gift Box</p><p>$16.99</p><a href="https://www.amazon.com/dp/B0C49WVM7L?tag=eloabder-20&linkCode=osi&th=1&psc=1">View Product</a></div>
<div class="product"><a href="https://www.amazon.com/dp/B0007ZJ8QU?tag=eloabder-20&linkCode=osi&th=1&psc=1"><img src="https://m.media-amazon.com/images/I/41vTwN7L9NL._SL500_.jpg" alt="Product Image"></a><p>Speedball C-Series Lettering Pen Set - 1 Penholder w/ 6 Nibs</p><p>$11.99</p><a href="https://www.amazon.com/dp/B0007ZJ8QU?tag=eloabder-20&linkCode=osi&th=1&psc=1">View Product</a></div><div class="product"><a href="https://www.amazon.com/dp/B003IGNH30?tag=eloabder-20&linkCode=osi&th=1&psc=1"><img src="https://m.media-amazon.com/images/I/412WGB9WzGL._SL500_.jpg" alt="Product Image"></a><p>Speedball 30710 10 Pen Nib Assorted Set</p><p>$21.99</p><a href="https://www.amazon.com/dp/B003IGNH30?tag=eloabder-20&linkCode=osi&th=1&psc=1">View Product</a></div><div class="product"><a href="https://www.amazon.com/dp/B0CQTCZRYC?tag=eloabder-20&linkCode=osi&th=1&psc=1"><img src="https://m.media-amazon.com/images/I/41+d7oXaTvL._SL500_.jpg" alt="Product Image"></a><p>10PCS Oblique Calligraphy Dip Pen Set Comic Pen Nib Set Fluid Writer Pen, 2-in-1 Drawing Pen Holder with 8 Pieces Stainless Steel Pen Replacement Nibs Nib for Writing, Painting, Signing, Sketch</p><p>$6.49</p><a href="https://www.amazon.com/dp/B0CQTCZRYC?tag=eloabder-20&linkCode=osi&th=1&psc=1">View Product</a></div><div class="product"><a href="https://www.amazon.com/dp/B000BYQLT4?tag=eloabder-20&linkCode=osi&th=1&psc=1"><img src="https://m.media-amazon.com/images/I/41Tmn+y1-xL._SL500_.jpg" alt="Product Image"></a><p>Speedball Calligraphy Pen Set - 1 Penholder w/ 4 Nibs, 2 Pen Tips</p><p>$13.99</p><a href="https://www.amazon.com/dp/B000BYQLT4?tag=eloabder-20&linkCode=osi&th=1&psc=1">View Product</a></div><div class="product"><a href="https://www.amazon.com/dp/B0B3CVPWMF?tag=eloabder-20&linkCode=osi&th=1&psc=1"><img src="https://m.media-amazon.com/images/I/41Zw4tqW+HL._SL500_.jpg" alt="Product Image"></a><p>Mewutal 2Pcs/Set Comic Pen Nib Set Pen Nibs Replacements for Calligraphy Manga Writing Painting(Pumpkin Head Nib)</p><p>$7.99</p><a href="https://www.amazon.com/dp/B0B3CVPWMF?tag=eloabder-20&linkCode=osi&th=1&psc=1">View Product</a></div><div class="product"><a href="https://www.amazon.com/dp/B0BVR4M5X4?tag=eloabder-20&linkCode=osi&th=1&psc=1"><img src="https://m.media-amazon.com/images/I/515TyiGpQKL._SL500_.jpg" alt="Product Image"></a><p>Wonwood_direct Calligraphy set, 7 Calligraphy Pens with Different Nibs and 40 Ink Cartridges in 13 Colors for Beginner Writing Drawing for Greeting Card Signature Calligraphy (Type 1)</p><p>$15.99</p><a href="https://www.amazon.com/dp/B0BVR4M5X4?tag=eloabder-20&linkCode=osi&th=1&psc=1">View Product</a></div><div class="product"><a href="https://www.amazon.com/dp/B0BGRM97MF?tag=eloabder-20&linkCode=osi&th=1&psc=1"><img src="https://m.media-amazon.com/images/I/41vB7fs3VbL._SL500_.jpg" alt="Product Image"></a><p>Gullor A Bunch of Nibs for Comic Dip Pen, Assorted Calligraphy Dip Pen Nibs, Various Sizes and Shapes, 33 Nibs in Box</p><p>$9.99</p><a href="https://www.amazon.com/dp/B0BGRM97MF?tag=eloabder-20&linkCode=osi&th=1&psc=1">View Product</a></div>
<div class="product"><a href="https://www.amazon.com/dp/B000KNNVX0?tag=eloabder-20&linkCode=osi&th=1&psc=1"><img src="https://m.media-amazon.com/images/I/51RAGoN6UsL._SL500_.jpg" alt="Product Image"></a><p>Strathmore STR- 50 Sheet Tape Bound Calligraphy Pad, 8.5 by 11", White</p><p>$7.83</p><a href="https://www.amazon.com/dp/B000KNNVX0?tag=eloabder-20&linkCode=osi&th=1&psc=1">View Product</a></div><div class="product"><a href="https://www.amazon.com/dp/B00PGBVNM2?tag=eloabder-20&linkCode=osi&th=1&psc=1"><img src="https://m.media-amazon.com/images/I/51VvCXPD-QL._SL500_.jpg" alt="Product Image"></a><p>U.S. Art Supply (Pack of 2 Pads) - 9" x 12" Premium Calligraphic Practice Paper Pad, 19 Pound Bond (70gsm), Pad of 50-Sheets, Calligraphy Paper with Printed Practice Rule and Slanted Grid</p><p>$12.99</p><a href="https://www.amazon.com/dp/B00PGBVNM2?tag=eloabder-20&linkCode=osi&th=1&psc=1">View Product</a></div><div class="product"><a href="https://www.amazon.com/dp/B0CQ1VTM1R?tag=eloabder-20&linkCode=osi&th=1&psc=1"><img src="https://m.media-amazon.com/images/I/31pMzPI5pdL._SL500_.jpg" alt="Product Image"></a><p>50 Sheets Watercolor Paper 8 x 6inch Deckled Edge Paper 190 GSM Rough/Textured Handmade Paper Cotton Paper White Textured Paper for Watercolor, Writing Calligraphy, Invitations, Letters</p><p>$12.99 ($0.26 / Count)</p><a href="https://www.amazon.com/dp/B0CQ1VTM1R?tag=eloabder-20&linkCode=osi&th=1&psc=1">View Product</a></div><div class="product"><a href="https://www.amazon.com/dp/B0CGHVSX6W?tag=eloabder-20&linkCode=osi&th=1&psc=1"><img src="https://m.media-amazon.com/images/I/41pAexcoWlL._SL500_.jpg" alt="Product Image"></a><p>KYMY Chinese/Japanese Calligraphy Paper 100PCS, Sumi/Rice Paper for Writing Painting Drawing Practice, Chinese Brush Ink Xuan Paper, Half Sheng Shu (Half Raw Ripe) (34 x 34 cm (13.38 x 13.38 Inch))</p><p>$10.99 ($0.11 / Count)</p><a href="https://www.amazon.com/dp/B0CGHVSX6W?tag=eloabder-20&linkCode=osi&th=1&psc=1">View Product</a></div>
<div class="product"><a href="https://www.amazon.com/dp/B08FCZC2R3?tag=eloabder-20&linkCode=osi&th=1&psc=1"><img src="https://m.media-amazon.com/images/I/51TWqPlqpfL._SL500_.jpg" alt="Product Image"></a><p>Craft 'n' Beyond Calligraphy Brush Pens Pack of 3 Small, Medium and Large Markers for Hand Lettering, Art Drawing, Sketching, Scrapbooking, Journaling - Beginner Kit with Fadeproof Black Ink</p><p>$5.49</p><a href="https://www.amazon.com/dp/B08FCZC2R3?tag=eloabder-20&linkCode=osi&th=1&psc=1">View Product</a></div><div class="product"><a href="https://www.amazon.com/dp/B0B67TWWDG?tag=eloabder-20&linkCode=osi&th=1&psc=1"><img src="https://m.media-amazon.com/images/I/5188ARIL9sL._SL500_.jpg" alt="Product Image"></a><p>Brusarth Calligraphy Pens, 8 Size Calligraphy Pens for Writing, Brush Pens Calligraphy Set for Beginners, Hand Lettering Pens, Brush Markers Set, Black Ink Drawing Pens</p><p>$8.95</p><a href="https://www.amazon.com/dp/B0B67TWWDG?tag=eloabder-20&linkCode=osi&th=1&psc=1">View Product</a></div><div class="product"><a href="https://www.amazon.com/dp/B000SHQFEA?tag=eloabder-20&linkCode=osi&th=1&psc=1"><img src="https://m.media-amazon.com/images/I/41sx3qStImL._SL500_.jpg" alt="Product Image"></a><p>edding 1255 calligraphy pen - black - 3 pens - calligraphy nib 2 - 5 mm - fibre pens for paper, wood, terracotta, canvas - hand lettering, bullet journals, thank you cards, calligraphy books</p><p>$6.50</p><a href="https://www.amazon.com/dp/B000SHQFEA?tag=eloabder-20&linkCode=osi&th=1&psc=1">View Product</a></div><div class="product"><a href="https://www.amazon.com/dp/B001DKJLEC?tag=eloabder-20&linkCode=osi&th=1&psc=1"><img src="https://m.media-amazon.com/images/I/41x7A8wo7YL._SL500_.jpg" alt="Product Image"></a><p>Speedball Elegant Writer Calligraphy 4 Marker Set, Black, 2.0 mm, 2.5 mm & 3.0 mm Chisel Nib Tip Pens for Drawing, Journaling, and Scrapbooking</p><p>$9.99 ($2.50 / Count)</p><a href="https://www.amazon.com/dp/B001DKJLEC?tag=eloabder-20&linkCode=osi&th=1&psc=1">View Product</a></div><div class="product"><a href="https://www.amazon.com/dp/B08RYWH185?tag=eloabder-20&linkCode=osi&th=1&psc=1"><img src="https://m.media-amazon.com/images/I/51GFkyfC3iL._SL500_.jpg" alt="Product Image"></a><p>Piochoo Calligraphy Pens,8 Size Calligraphy Pens for Writing,Brush Pens Calligraphy Set for Beginners, Hand Lettering Pens</p><p>$12.99</p><a href="https://www.amazon.com/dp/B08RYWH185?tag=eloabder-20&linkCode=osi&th=1&psc=1">View Product</a></div>
<div class="product"><a href="https://www.amazon.com/dp/B0C66K9NHR?tag=eloabder-20&linkCode=osi&th=1&psc=1"><img src="https://m.media-amazon.com/images/I/51As2T+7gzL._SL500_.jpg" alt="Product Image"></a><p>Calligraphy Kit for Beginners - Calligraphy Pen Set with Calligraphy Workbook</p><p>$26.89</p><a href="https://www.amazon.com/dp/B0C66K9NHR?tag=eloabder-20&linkCode=osi&th=1&psc=1">View Product</a></div><div class="product"><a href="https://www.amazon.com/dp/B081J6QLZN?tag=eloabder-20&linkCode=osi&th=1&psc=1"><img src="https://m.media-amazon.com/images/I/41lK2Gw0JZL._SL500_.jpg" alt="Product Image"></a><p>Trustela Calligraphy Set for Beginners, Dip Pen Set with 19 Nibs, Oblique Pen Holder, Wooden Pen Set</p><p>$21.99</p><a href="https://www.amazon.com/dp/B081J6QLZN?tag=eloabder-20&linkCode=osi&th=1&psc=1">View Product</a></div><div class="product"><a href="https://www.amazon.com/dp/B0BCVDNPRJ?tag=eloabder-20&linkCode=osi&th=1&psc=1"><img src="https://m.media-amazon.com/images/I/51J-hFN4AeL._SL500_.jpg" alt="Product Image"></a><p>GC QUILL Calligraphy Pens Set 64pcs - Calligraphy Fountain Pen Set with 3 Fountain Pens, 7 Varied Nibs, 54 Ink Cartridges(10 Colors) - Writing, Drawing and Calligraphy Practice for beginner GC-F354</p><p>$23.99</p><a href="https://www.amazon.com/dp/B0BCVDNPRJ?tag=eloabder-20&linkCode=osi&th=1&psc=1">View Product</a></div>
<div class="product"><a href="https://www.amazon.com/dp/B092Q8BQC1?tag=eloabder-20&linkCode=osi&th=1&psc=1"><img src="https://m.media-amazon.com/images/I/51gdXkGIguS._SL500_.jpg" alt="Product Image"></a><p>AIYNC Feather Calligraphy Pen Ink Set, Includes Quill Pen and Wooden Dip Pen, Ink,17 Replacement Nib, Pen Base, 3 Wax Seal Sticks, Stamp, White Wax, Spoon, Envelope Letter Paper, Envelope Tool(Green)</p><p>$22.99</p><a href="https://www.amazon.com/dp/B092Q8BQC1?tag=eloabder-20&linkCode=osi&th=1&psc=1">View Product</a></div>
<div class="product"><a href="https://www.amazon.com/dp/B09J228BSF?tag=eloabder-20&linkCode=osi&th=1&psc=1"><img src="https://m.media-amazon.com/images/I/61MByvIyHGL._SL500_.jpg" alt="Product Image"></a><p>Candle dye - 18 Colors Liquid Oil-Based dye for Candle Wax, Vivid Candle Color for DIY Candle Making, Highly Concentrate Natural Candle Color</p><p>$15.59 ($2.47 / Fl Oz)</p><a href="https://www.amazon.com/dp/B09J228BSF?tag=eloabder-20&linkCode=osi&th=1&psc=1">View Product</a></div><div class="product"><a href="https://www.amazon.com/dp/B06Y3T5RV4?tag=eloabder-20&linkCode=osi&th=1&psc=1"><img src="https://m.media-amazon.com/images/I/61yZyP8eZTL._SL500_.jpg" alt="Product Image"></a><p>Candle Dyes for Soy Candle Making - Wax Сolor Dye Color Chips for Soy Wax - 16 Popular Colors Wax Dye Flakes</p><p>$16.99 ($10.62 / Ounce)</p><a href="https://www.amazon.com/dp/B06Y3T5RV4?tag=eloabder-20&linkCode=osi&th=1&psc=1">View Product</a></div><div class="product"><a href="https://www.amazon.com/dp/B0CMCPGLQZ?tag=eloabder-20&linkCode=osi&th=1&psc=1"><img src="https://m.media-amazon.com/images/I/51G9e-Epa0L._SL500_.jpg" alt="Product Image"></a><p>Candle Dye - 12 Colors Wax Melt Dye for Candle Making, Oil-Based Dye for Wax, Highly Concentrate Liquid Candle Color Dye</p><p>$8.99</p><a href="https://www.amazon.com/dp/B0CMCPGLQZ?tag=eloabder-20&linkCode=osi&th=1&psc=1">View Product</a></div><div class="product"><a href="https://www.amazon.com/dp/B09GLMZ5PS?tag=eloabder-20&linkCode=osi&th=1&psc=1"><img src="https://m.media-amazon.com/images/I/51SCG6n6Y4L._SL500_.jpg" alt="Product Image"></a><p>OSBANG Oil-Based Candle Color Dye Non-Toxic Non-Irritating 20 Colors for DIY Candle Making Supplies - Vibrant Concentrated Candle Coloring for Soy Wax Dyes, Beeswax, Gel Wax, Candle Making Kit</p><p>$14.99 ($2.22 / Fl Oz)</p><a href="https://www.amazon.com/dp/B09GLMZ5PS?tag=eloabder-20&linkCode=osi&th=1&psc=1">View Product</a></div><div class="product"><a href="https://www.amazon.com/dp/B0C8D2X4F1?tag=eloabder-20&linkCode=osi&th=1&psc=1"><img src="https://m.media-amazon.com/images/I/51e0mqPDEJL._SL500_.jpg" alt="Product Image"></a><p>Candle Dye - 14 Colors Highly Concentrate Oil-Based Liquid Candle Dye Kit, Candle Dyes for Candle Making, Beeswax, Gel Wax, Paraffin Wax - Each 0.35 fl oz</p><p>$9.99</p><a href="https://www.amazon.com/dp/B0C8D2X4F1?tag=eloabder-20&linkCode=osi&th=1&psc=1">View Product</a></div>

<div class="product"><a href="https://www.amazon.com/dp/B0C6FHSQR7?tag=eloabder-20&linkCode=osi&th=1&psc=1"><img src="https://m.media-amazon.com/images/I/41hBOCPELBL._SL500_.jpg" alt="Product Image"></a><p>Mold Release, Silicone Mold Release Spray (16.9 fl oz / 500ml) Mold Release for Epoxy Resin and Candle Mold Release Spray (1 Pack Mega Size)</p><p>$9.99 ($0.59 / Fl Oz)</p><a href="https://www.amazon.com/dp/B0C6FHSQR7?tag=eloabder-20&linkCode=osi&th=1&psc=1">View Product</a></div>
<div class="product"><a href="https://www.amazon.com/dp/B015W8DWUO?tag=eloabder-20&linkCode=osi&th=1&psc=1"><img src="https://m.media-amazon.com/images/I/41umHqV4zhL._SL500_.jpg" alt="Product Image"></a><p>EricX Light 100 Piece Cotton Candle Wick 6" Pre-Waxed for Candle Making,Candle DIY</p><p>$5.35</p><a href="https://www.amazon.com/dp/B015W8DWUO?tag=eloabder-20&linkCode=osi&th=1&psc=1">View Product</a></div><div class="product"><a href="https://www.amazon.com/dp/B08XZB43NZ?tag=eloabder-20&linkCode=osi&th=1&psc=1"><img src="https://m.media-amazon.com/images/I/51cyFvwhpJL._SL500_.jpg" alt="Product Image"></a><p>Candle Wicks 100 Pcs 6 inch with 30Pcs Candle Wick Stickers and 10 Pcs Wooden Candle Wick Centering Device for Soy Beeswax Candle Making and Candle DIY</p><p>$4.99</p><a href="https://www.amazon.com/dp/B08XZB43NZ?tag=eloabder-20&linkCode=osi&th=1&psc=1">View Product</a></div><div class="product"><a href="https://www.amazon.com/dp/B084ZSZQ4T?tag=eloabder-20&linkCode=osi&th=1&psc=1"><img src="https://m.media-amazon.com/images/I/41vLRbXIHhL._SL500_.jpg" alt="Product Image"></a><p>Candle Wick,100 Piece Candle Wicks for Candle Making DIY, 6 Inch Pre-Waxed Cotton Wick with Tabs</p><p>$4.79</p><a href="https://www.amazon.com/dp/B084ZSZQ4T?tag=eloabder-20&linkCode=osi&th=1&psc=1">View Product</a></div><div class="product"><a href="https://www.amazon.com/dp/B097D7S6KB?tag=eloabder-20&linkCode=osi&th=1&psc=1"><img src="https://m.media-amazon.com/images/I/41jpnnrDAjL._SL500_.jpg" alt="Product Image"></a><p>CandMak Candle Wick Kit, 60 Cotton Candle Wicks with Candle Making Tools for Candle Making (Thick 4"+6"+8")</p><p>$5.99</p><a href="https://www.amazon.com/dp/B097D7S6KB?tag=eloabder-20&linkCode=osi&th=1&psc=1">View Product</a></div><div class="product"><a href="https://www.amazon.com/dp/B08DLSG8NW?tag=eloabder-20&linkCode=osi&th=1&psc=1"><img src="https://m.media-amazon.com/images/I/41QkciWLWjL._SL500_.jpg" alt="Product Image"></a><p>Bulk 6inch Candle Wicks 100 Pcs with 60Pcs Candle Wick Stickers and 10 Pcs Wooden Candle Wick Centering Device for Soy Beeswax Candle Making (6inch)</p><p>$5.45</p><a href="https://www.amazon.com/dp/B08DLSG8NW?tag=eloabder-20&linkCode=osi&th=1&psc=1">View Product</a></div><div class="product"><a href="https://www.amazon.com/dp/B08Z334W66?tag=eloabder-20&linkCode=osi&th=1&psc=1"><img src="https://m.media-amazon.com/images/I/51nsfCzAwwL._SL500_.jpg" alt="Product Image"></a><p>DINGPAI 100pcs Cotton Candle Wicks, 6 inches Low Smoke Pre-Waxed Candle Wicks for Candle Making, Candle DIY</p><p>$4.99</p><a href="https://www.amazon.com/dp/B08Z334W66?tag=eloabder-20&linkCode=osi&th=1&psc=1">View Product</a></div><div class="product"><a href="https://www.amazon.com/dp/B0BV1NCQ28?tag=eloabder-20&linkCode=osi&th=1&psc=1"><img src="https://m.media-amazon.com/images/I/41lmQ4K9ccL._SL500_.jpg" alt="Product Image"></a><p>Ziosxin 100pcs Smokeless Cherry Wood Candle Wicks, Long Lasting Flame, Easily Burn, Natural Candle Cores with Stand and Glue Dot, Warning Label for DIY Candle Making</p><p>$9.99</p><a href="https://www.amazon.com/dp/B0BV1NCQ28?tag=eloabder-20&linkCode=osi&th=1&psc=1">View Product</a></div><div class="product"><a href="https://www.amazon.com/dp/B08LPKTVZW?tag=eloabder-20&linkCode=osi&th=1&psc=1"><img src="https://m.media-amazon.com/images/I/41AtaynrIqL._SL500_.jpg" alt="Product Image"></a><p>BEADNOVA Candle Cotton Wicks 4 Inch 150pcs Short Candle Making Wicks Cotton Wicks for Candle Making DIY</p><p>$4.99</p><a href="https://www.amazon.com/dp/B08LPKTVZW?tag=eloabder-20&linkCode=osi&th=1&psc=1">View Product</a></div><div class="product"><a href="https://www.amazon.com/dp/B0925G2VBY?tag=eloabder-20&linkCode=osi&th=1&psc=1"><img src="https://m.media-amazon.com/images/I/51EzgDRsxoL._SL500_.jpg" alt="Product Image"></a><p>CHEFBEE 200 FT Organic Hemp Wick, Hemp Wick Well Coated Natural Beeswax for Hemp Wick Lighter or Candle Making, Slow Burn, No Dripping, Standard Size(1.1mm)</p><p>$6.99</p><a href="https://www.amazon.com/dp/B0925G2VBY?tag=eloabder-20&linkCode=osi&th=1&psc=1">View Product</a></div>
<div class="product"><a href="https://www.amazon.com/dp/B0BJZYCQV3?tag=eloabder-20&linkCode=osi&th=1&psc=1"><img src="https://m.media-amazon.com/images/I/41dS7xm9bKL._SL500_.jpg" alt="Product Image"></a><p>Simetufy Canvas Boards for Painting 12 Pack,8 x 10 Inch Painting Canvas Panels, Blank Canvas for Painting- Gesso Primed Acid-Free 100% Cotton for Acrylics Oil Watercolor Tempera Paints</p><p>$12.99</p><a href="https://www.amazon.com/dp/B0BJZYCQV3?tag=eloabder-20&linkCode=osi&th=1&psc=1">View Product</a></div><div class="product"><a href="https://www.amazon.com/dp/B085F4JH1H?tag=eloabder-20&linkCode=osi&th=1&psc=1"><img src="https://m.media-amazon.com/images/I/41l7Efp7ILL._SL500_.jpg" alt="Product Image"></a><p>KEFF Canvas Boards for Painting - 24 Pack - Art Supplies Paint Canvas 5x7, 8x10, 9x12, 11x14 Canvas Panels, 100% Cotton Pre-Primed Large Canvas for Painting Supplies, Acrylic, Oil, Watercolor, Tempera</p><p>$24.99</p><a href="https://www.amazon.com/dp/B085F4JH1H?tag=eloabder-20&linkCode=osi&th=1&psc=1">View Product</a></div><div class="product"><a href="https://www.amazon.com/dp/B0CMXFTNDC?tag=eloabder-20&linkCode=osi&th=1&psc=1"><img src="https://m.media-amazon.com/images/I/41WZD2Y6GfL._SL500_.jpg" alt="Product Image"></a><p>ESRICH Canvas Boards for Painting, 5 Pack Canvases for Painting 8x10 Cotton Primed Acid Free Blank Canvas Panels for Oil Paint, Watercolor, Acrylic Paint, Gouache and Tempera.</p><p>$5.99</p><a href="https://www.amazon.com/dp/B0CMXFTNDC?tag=eloabder-20&linkCode=osi&th=1&psc=1">View Product</a></div><div class="product"><a href="https://www.amazon.com/dp/B0C6LMPMPJ?tag=eloabder-20&linkCode=osi&th=1&psc=1"><img src="https://m.media-amazon.com/images/I/51QF5c5qRiL._SL500_.jpg" alt="Product Image"></a><p>Simetufy Canvas Boards for Painting 32 Pack, Paint Canvas Panels Set - 5x7, 8x10, 9x12, 11x14 Inches, Pre-Primed 100% Cotton Blank Canvases for Oil Acrylic Watercolor Pouring Paint for Kids & Artists</p><p>$24.99</p><a href="https://www.amazon.com/dp/B0C6LMPMPJ?tag=eloabder-20&linkCode=osi&th=1&psc=1">View Product</a></div><div class="product"><a href="https://www.amazon.com/dp/B0CSD8VYYM?tag=eloabder-20&linkCode=osi&th=1&psc=1"><img src="https://m.media-amazon.com/images/I/41PeXd8MwvL._SL500_.jpg" alt="Product Image"></a><p>4 Pack 11x14 Inch Canvas Boards for Painting, Blank Canvases for Painting,Triple Primed for Oil & Acrylic Paints,100% Cotton Canvas Panels for Acrylics Oil Watercolor Tempera Paints,3mm Thickness</p><p>$8.49</p><a href="https://www.amazon.com/dp/B0CSD8VYYM?tag=eloabder-20&linkCode=osi&th=1&psc=1">View Product</a></div><div class="product"><a href="https://www.amazon.com/dp/B0D59RDVM5?tag=eloabder-20&linkCode=osi&th=1&psc=1"><img src="https://m.media-amazon.com/images/I/519TRFsibfL._SL500_.jpg" alt="Product Image"></a><p>Paroto Canvas Boards for Painting 12 Pack, Multi-Size Painting Canvas Set 5x7, 8x10, 10x12, 12x16 Inches, 100% Cotton Blank Canvas Oil Acrylic Watercolor Pouring Paint for Kids, Beginners, Artists</p><p>$23.99</p><a href="https://www.amazon.com/dp/B0D59RDVM5?tag=eloabder-20&linkCode=osi&th=1&psc=1">View Product</a></div><div class="product"><a href="https://www.amazon.com/dp/B0CSD8YM4L?tag=eloabder-20&linkCode=osi&th=1&psc=1"><img src="https://m.media-amazon.com/images/I/41ZgWqkIMFL._SL500_.jpg" alt="Product Image"></a><p>4 Pack 8x10 Inch Canvas Boards for Painting, Blank Canvases for Painting,Triple Primed for Oil & Acrylic Paints, 100% Cotton Canvas Panels, 3mm Thickness</p><p>$3.99</p><a href="https://www.amazon.com/dp/B0CSD8YM4L?tag=eloabder-20&linkCode=osi&th=1&psc=1">View Product</a></div><div class="product"><a href="https://www.amazon.com/dp/B0CQFTW7MH?tag=eloabder-20&linkCode=osi&th=1&psc=1"><img src="https://m.media-amazon.com/images/I/41PiitKvQTL._SL500_.jpg" alt="Product Image"></a><p>Simetufy 4 Pack Canvas Boards for Painting 12x16 inch, Canvases for Painting, Gesso Primed Acid-Free 100% Cotton Large Canvas Panels for Acrylics Oil Watercolor Tempera Paints</p><p>$11.99</p><a href="https://www.amazon.com/dp/B0CQFTW7MH?tag=eloabder-20&linkCode=osi&th=1&psc=1">View Product</a></div>
<div class="product"><a href="https://www.amazon.com/dp/B07D6V7H85?tag=eloabder-20&linkCode=osi&th=1&psc=1"><img src="https://m.media-amazon.com/images/I/41EEPf6prIL._SL500_.jpg" alt="Product Image"></a><p>U.S. Art Supply 36" Wide x 6 Yards (18 Feet) Long Unstretched Canvas Roll - 100% Cotton, 12-Ounce Triple Primed Gesso, Acid-Free - Pro Artist Quality, Oil & Acrylic Painting, Murals Backdrop, Cut Size</p><p>$49.99</p><a href="https://www.amazon.com/dp/B07D6V7H85?tag=eloabder-20&linkCode=osi&th=1&psc=1">View Product</a></div><div class="product"><a href="https://www.amazon.com/dp/B0C98L44GG?tag=eloabder-20&linkCode=osi&th=1&psc=1"><img src="https://m.media-amazon.com/images/I/31gEyNH9+sL._SL500_.jpg" alt="Product Image"></a><p>Kinlop Double Primed Cotton Canvas White Canvas Roll for Oil and Acrylic Paint (20 Feet x 48 Inch)</p><p>$38.99</p><a href="https://www.amazon.com/dp/B0C98L44GG?tag=eloabder-20&linkCode=osi&th=1&psc=1">View Product</a></div><div class="product"><a href="https://www.amazon.com/dp/B0CLSXCD1W?tag=eloabder-20&linkCode=osi&th=1&psc=1"><img src="https://m.media-amazon.com/images/I/414jbnjcrQL._SL500_.jpg" alt="Product Image"></a><p>U.S. Art Supply 10-Ounce Unprimed 63" Wide x 2 Yards (6 Feet) Long Heavyweight Unstretched Canvas Roll - 100% Cotton, Woven - Oil & Acrylic Painting, Murals, Backdrop - Cut To Stretcher Bar Frame Size</p><p>$24.99</p><a href="https://www.amazon.com/dp/B0CLSXCD1W?tag=eloabder-20&linkCode=osi&th=1&psc=1">View Product</a></div><div class="product"><a href="https://www.amazon.com/dp/B09MCHDSPR?tag=eloabder-20&linkCode=osi&th=1&psc=1"><img src="https://m.media-amazon.com/images/I/41S+37Lx2wL._SL500_.jpg" alt="Product Image"></a><p>100% Natural Cotton 7 oz Canvas Fabric (Duck), 63 Inches Wide X 3 Yards Long</p><p>$29.95</p><a href="https://www.amazon.com/dp/B09MCHDSPR?tag=eloabder-20&linkCode=osi&th=1&psc=1">View Product</a></div><div class="product"><a href="https://www.amazon.com/dp/B07VX9TLM1?tag=eloabder-20&linkCode=osi&th=1&psc=1"><img src="https://m.media-amazon.com/images/I/41-bqGVrblL._SL500_.jpg" alt="Product Image"></a><p>Premium Polyster Matte Canvas Roll, Quick Dry, Wide Format Inkjet Printer Compatible, Perfect for Fine Art, Photography, Giclée Printing, Archival Quality Prints. (24"x60' 290gsm Polyester)</p><p>$69.99</p><a href="https://www.amazon.com/dp/B07VX9TLM1?tag=eloabder-20&linkCode=osi&th=1&psc=1">View Product</a></div><div class="product"><a href="https://www.amazon.com/dp/B079VP3F1B?tag=eloabder-20&linkCode=osi&th=1&psc=1"><img src="https://m.media-amazon.com/images/I/31eaUH1-cWL._SL500_.jpg" alt="Product Image"></a><p>VViViD Double Primed Cotton Canvas 12" Wide Roll Choose Your Size! (10ft x 12" Roll)</p><p>$16.88</p><a href="https://www.amazon.com/dp/B079VP3F1B?tag=eloabder-20&linkCode=osi&th=1&psc=1">View Product</a></div><div class="product"><a href="https://www.amazon.com/dp/B09954KKH3?tag=eloabder-20&linkCode=osi&th=1&psc=1"><img src="https://m.media-amazon.com/images/I/41SwQCPSmAL._SL500_.jpg" alt="Product Image"></a><p>Polyester Canvas Roll Professional Matte Canvas Roll Wide format Inkjet Printing For Printing Drawing Oil Acrylic Or Water-Based Painting (200GSM Polyester 36"x100ft)</p><p>$123.99</p><a href="https://www.amazon.com/dp/B09954KKH3?tag=eloabder-20&linkCode=osi&th=1&psc=1">View Product</a></div>
<div class="product"><a href="https://www.amazon.com/dp/B003A2I5T8?tag=eloabder-20&linkCode=osi&th=1&psc=1"><img src="https://m.media-amazon.com/images/I/41LvtrGFjVL._SL500_.jpg" alt="Product Image"></a><p>Astrobrights/Neenah Bright White Cardstock, 8.5" x 11", 65 lb/176 gsm, White, 75 Sheets (90905-02) - Packaging May Vary</p><p>$6.99</p><a href="https://www.amazon.com/dp/B003A2I5T8?tag=eloabder-20&linkCode=osi&th=1&psc=1">View Product</a></div><div class="product"><a href="https://www.amazon.com/dp/B00006IDRW?tag=eloabder-20&linkCode=osi&th=1&psc=1"><img src="https://m.media-amazon.com/images/I/412xLv5ae7L._SL500_.jpg" alt="Product Image"></a><p>Neenah Premium Cardstock, 8.5" x 11", 65 lb/176 gsm, Bright White, 250 Sheets (91904)</p><p>$14.29</p><a href="https://www.amazon.com/dp/B00006IDRW?tag=eloabder-20&linkCode=osi&th=1&psc=1">View Product</a></div><div class="product"><a href="https://www.amazon.com/dp/B07FX5LCXK?tag=eloabder-20&linkCode=osi&th=1&psc=1"><img src="https://m.media-amazon.com/images/I/41n9D1rlKgL._SL500_.jpg" alt="Product Image"></a><p>Printworks White Cardstock, 67 lb, 92 Bright, FSC Certified, Perfect for School and Craft Projects, 8.5 x 11 Inch, 100 Sheets (00540)</p><p>$11.49</p><a href="https://www.amazon.com/dp/B07FX5LCXK?tag=eloabder-20&linkCode=osi&th=1&psc=1">View Product</a></div><div class="product"><a href="https://www.amazon.com/dp/B07QQ3L753?tag=eloabder-20&linkCode=osi&th=1&psc=1"><img src="https://m.media-amazon.com/images/I/41n0Ue3DLbL._SL500_.jpg" alt="Product Image"></a><p>Neenah White Index Paper, Mediumweight, 300 Sheets, 199 gsm, 94 Brightness, 8.5" x 11" - MORE SHEETS! (91635)</p><p>$15.99</p><a href="https://www.amazon.com/dp/B07QQ3L753?tag=eloabder-20&linkCode=osi&th=1&psc=1">View Product</a></div><div class="product"><a href="https://www.amazon.com/dp/B07D4YF3K4?tag=eloabder-20&linkCode=osi&th=1&psc=1"><img src="https://m.media-amazon.com/images/I/41ffykOOE7L._SL500_.jpg" alt="Product Image"></a><p>Neenah Index Cardstock, 8.5" x 11", 90 lb/163 gsm, White, Lightweight, 94 Brightness, 300 Sheets (91437)</p><p>$19.24</p><a href="https://www.amazon.com/dp/B07D4YF3K4?tag=eloabder-20&linkCode=osi&th=1&psc=1">View Product</a></div><div class="product"><a href="https://www.amazon.com/dp/B08DCF5B4P?tag=eloabder-20&linkCode=osi&th=1&psc=1"><img src="https://m.media-amazon.com/images/I/41GRzmuulDL._SL500_.jpg" alt="Product Image"></a><p>Hammermill White Cardstock, 110 Lb, 8.5 x 11 Colored Cardstock, 1 Pack (200 Sheets) - Thick Card Stock, Made in the USA, 168380R</p><p>$13.32</p><a href="https://www.amazon.com/dp/B08DCF5B4P?tag=eloabder-20&linkCode=osi&th=1&psc=1">View Product</a></div><div class="product"><a href="https://www.amazon.com/dp/B0CYPPHFV9?tag=eloabder-20&linkCode=osi&th=1&psc=1"><img src="https://m.media-amazon.com/images/I/51IQR4E5R1L._SL500_.jpg" alt="Product Image"></a><p>96 Sheets Colored Cardstock 24 Colors, 8.5x11 Color Cardstock Bulk, 200gsm/75lb Assorted Colors Construction Paper for Printing, Card Making, Die Cutting, Crafts, Scrapbooking, Party Decorations</p><p>$12.99</p><a href="https://www.amazon.com/dp/B0CYPPHFV9?tag=eloabder-20&linkCode=osi&th=1&psc=1">View Product</a></div><div class="product"><a href="https://www.amazon.com/dp/B07QNMF4ZP?tag=eloabder-20&linkCode=osi&th=1&psc=1"><img src="https://m.media-amazon.com/images/I/41mVi2qUcyL._SL500_.jpg" alt="Product Image"></a><p>Printworks White Cardstock, Standard, 67 lb. Vellum, 92 Bright, 250 sheets, 8.5 x 11, For Office, Home & School Printing, Craft Projects (00564)</p><p>$12.92</p><a href="https://www.amazon.com/dp/B07QNMF4ZP?tag=eloabder-20&linkCode=osi&th=1&psc=1">View Product</a></div><div class="product"><a href="https://www.amazon.com/dp/B09Y681BML?tag=eloabder-20&linkCode=osi&th=1&psc=1"><img src="https://m.media-amazon.com/images/I/41whFoq6OEL._SL500_.jpg" alt="Product Image"></a><p>Astrobrights Mega Collection, Colored Cardstock, Punchy Pastel 5-Color Assortment, 320 Sheets, 65 lb./176 gsm, 8.5" x 11" - MORE SHEETS! (91780)</p><p>$19.87</p><a href="https://www.amazon.com/dp/B09Y681BML?tag=eloabder-20&linkCode=osi&th=1&psc=1">View Product</a></div>


<div class="product"><a href="https://www.amazon.com/dp/B0B7DZ4YPN?tag=eloabder-20&linkCode=osi&th=1&psc=1"><img src="https://m.media-amazon.com/images/I/51NIBuS801L._SL500_.jpg" alt="Product Image"></a><p>Epoxy Resin 64OZ - Crystal Clear Epoxy Resin Kit - No Yellowing No Bubble Art Resin Casting Resin for Art Crafts, Jewelry Making, Wood & Resin Molds(32OZ x 2)</p><p>$34.99 ($0.55 / Ounce)</p><a href="https://www.amazon.com/dp/B0B7DZ4YPN?tag=eloabder-20&linkCode=osi&th=1&psc=1">View Product</a></div><div class="product"><a href="https://www.amazon.com/dp/B0CPVCRD93?tag=eloabder-20&linkCode=osi&th=1&psc=1"><img src="https://m.media-amazon.com/images/I/51mBmD2NCqL._SL500_.jpg" alt="Product Image"></a><p>Puduo Epoxy Resin Kit 72OZ，Newly Formulated Crystal Clear Epoxy Resin，Strong, Bubble-Free, Anti-Yellowing Art Resin That，Suitable for Casting, DIY, Resin Art, Molds, Jewelry, Easy to Mix 1:1 Ratio</p><p>$36.99 ($0.51 / Ounce)</p><a href="https://www.amazon.com/dp/B0CPVCRD93?tag=eloabder-20&linkCode=osi&th=1&psc=1">View Product</a></div><div class="product"><a href="https://www.amazon.com/dp/B0BY2PFY62?tag=eloabder-20&linkCode=osi&th=1&psc=1"><img src="https://m.media-amazon.com/images/I/51jY4DbLEVL._SL500_.jpg" alt="Product Image"></a><p>LET'S RESIN Polyurethane Resin, 60oz 2 Part Casting Resin, Fast Cured Resin within 10 Minutes, Ultra Low Viscosity & Low Odor Pourable Liquid Plastic for Casting Models, Prototypes & Other Resin Craft</p><p>$40.99 ($0.68 / Ounce)</p><a href="https://www.amazon.com/dp/B0BY2PFY62?tag=eloabder-20&linkCode=osi&th=1&psc=1">View Product</a></div><div class="product"><a href="https://www.amazon.com/dp/B0CXLX1BF1?tag=eloabder-20&linkCode=osi&th=1&psc=1"><img src="https://m.media-amazon.com/images/I/51B03piFSWL._SL500_.jpg" alt="Product Image"></a><p>Epoxy Resin,1 Gallon Crystal Clear Epoxy Resin Kit, High-Gloss & Bubbles Free Resin and Hardener Kit, Art Resin Casting Resin for Art Crafts, Jewelry Making, Wood & Resin Molds…</p><p>$49.99</p><a href="https://www.amazon.com/dp/B0CXLX1BF1?tag=eloabder-20&linkCode=osi&th=1&psc=1">View Product</a></div><div class="product"><a href="https://www.amazon.com/dp/B0B79JKMTN?tag=eloabder-20&linkCode=osi&th=1&psc=1"><img src="https://m.media-amazon.com/images/I/51awzY+fOoL._SL500_.jpg" alt="Product Image"></a><p>Teexpert Crystal Clear Epoxy Resin Kit 1 Gallon Self-Leveling Coating and Casting Resin, High-Gloss & Bubbles Free Resin and Hardener Kit for DIY Art, Jewelry, Table Top, Molds, Wood 1:1 Ratio</p><p>$49.49 ($0.39 / Fl Oz)</p><a href="https://www.amazon.com/dp/B0B79JKMTN?tag=eloabder-20&linkCode=osi&th=1&psc=1">View Product</a></div><div class="product"><a href="https://www.amazon.com/dp/B0CZDCWRDS?tag=eloabder-20&linkCode=osi&th=1&psc=1"><img src="https://m.media-amazon.com/images/I/51NoC3Siy8L._SL500_.jpg" alt="Product Image"></a><p>Puduo Epoxy Resin Kit 1.1Gallon，Newly Formulated Crystal Clear Epoxy Resin，Strong, Bubble-Free, Anti-Yellowing Art Resin That，Suitable for Casting, DIY, Resin Art, Molds, Easy to Mix 1:1 Ratio</p><p>$48.99 ($0.35 / Ounce)</p><a href="https://www.amazon.com/dp/B0CZDCWRDS?tag=eloabder-20&linkCode=osi&th=1&psc=1">View Product</a></div><div class="product"><a href="https://www.amazon.com/dp/B0C786S8ZW?tag=eloabder-20&linkCode=osi&th=1&psc=1"><img src="https://m.media-amazon.com/images/I/51PD1cgR+-L._SL500_.jpg" alt="Product Image"></a><p>LET'S RESIN EPOXY RESIN 2 Gallon Casting Resin with Pumps, Bubble Free & High-Gloss Resin Epoxy Kit, Crystal Clear Epoxy Resin and Hardener for DIY Art, Molds Casting,Craft</p><p>$87.00 ($0.34 / Fl Oz)</p><a href="https://www.amazon.com/dp/B0C786S8ZW?tag=eloabder-20&linkCode=osi&th=1&psc=1">View Product</a></div><div class="product"><a href="https://www.amazon.com/dp/B0BYV7YX2K?tag=eloabder-20&linkCode=osi&th=1&psc=1"><img src="https://m.media-amazon.com/images/I/41dTpbgWB+L._SL500_.jpg" alt="Product Image"></a><p>TAKIMO 1 Gallon Crystal Clear Resin Kit,No Bubble & Not Yellowing Epoxy Resin for Coating, Casting, Table Top,DIY, Bar Top, River Tables, Resin Art, Wood with High Gloss Finish</p><p>$39.99</p><a href="https://www.amazon.com/dp/B0BYV7YX2K?tag=eloabder-20&linkCode=osi&th=1&psc=1">View Product</a></div>
<div class="product"><a href="https://www.amazon.com/dp/B093D6Q4V2?tag=eloabder-20&linkCode=osi&th=1&psc=1"><img src="https://m.media-amazon.com/images/I/51GS6ht5RsS._SL500_.jpg" alt="Product Image"></a><p>Brusarth Professional Charcoal Pencils Drawing Set - 6 Pieces Soft Medium and Hard Charcoal Pencils for Drawing, Sketching, Shading</p><p>$5.57</p><a href="https://www.amazon.com/dp/B093D6Q4V2?tag=eloabder-20&linkCode=osi&th=1&psc=1">View Product</a></div><div class="product"><a href="https://www.amazon.com/dp/B000VXONF4?tag=eloabder-20&linkCode=osi&th=1&psc=1"><img src="https://m.media-amazon.com/images/I/51DxvUPz4nL._SL500_.jpg" alt="Product Image"></a><p>General Pencil 957ABP Compressed Charcoal Sticks 4/Pkg-Black - Soft Assorted</p><p>$6.09 ($1.52 / Count)</p><a href="https://www.amazon.com/dp/B000VXONF4?tag=eloabder-20&linkCode=osi&th=1&psc=1">View Product</a></div><div class="product"><a href="https://www.amazon.com/dp/B0BZSZ2W1B?tag=eloabder-20&linkCode=osi&th=1&psc=1"><img src="https://m.media-amazon.com/images/I/41aJEjrQ16L._SL500_.jpg" alt="Product Image"></a><p>ANNECOSK Willow Charcoal Sticks, 10PCS Willow Charcoal Pencils for Artists Drawing, Sketching</p><p>$7.99</p><a href="https://www.amazon.com/dp/B0BZSZ2W1B?tag=eloabder-20&linkCode=osi&th=1&psc=1">View Product</a></div><div class="product"><a href="https://www.amazon.com/dp/B088K31QB7?tag=eloabder-20&linkCode=osi&th=1&psc=1"><img src="https://m.media-amazon.com/images/I/51giSzQeUzL._SL500_.jpg" alt="Product Image"></a><p>MARKART Professional Charcoal Pencils Drawing Set - 10 Pieces Soft Medium and Hard Charcoal Pencils for Drawing, Sketching, Shading</p><p>$5.99</p><a href="https://www.amazon.com/dp/B088K31QB7?tag=eloabder-20&linkCode=osi&th=1&psc=1">View Product</a></div><div class="product"><a href="https://www.amazon.com/dp/B0CHM9YB18?tag=eloabder-20&linkCode=osi&th=1&psc=1"><img src="https://m.media-amazon.com/images/I/51-cFJewi5L._SL500_.jpg" alt="Product Image"></a><p>PANDAFLY Willow Charcoal Sticks, Soft, Black Artist Vine Charcoal for Artists, Beginners, Students, Great for Sketching, Drawing, Shading and Fine Art, 7-9mm, 25 Pack</p><p>$7.99</p><a href="https://www.amazon.com/dp/B0CHM9YB18?tag=eloabder-20&linkCode=osi&th=1&psc=1">View Product</a></div><div class="product"><a href="https://www.amazon.com/dp/B004O7FFR8?tag=eloabder-20&linkCode=osi&th=1&psc=1"><img src="https://m.media-amazon.com/images/I/51JJnYm-n2L._SL500_.jpg" alt="Product Image"></a><p>Strathmore 300 Series Charcoal Paper Pad, Top Wire Bound, 9x12 inches, 32 Sheets (64lb/95g) - Artist Paper for Adults and Students - Charcoal and Pastel</p><p>$8.86</p><a href="https://www.amazon.com/dp/B004O7FFR8?tag=eloabder-20&linkCode=osi&th=1&psc=1">View Product</a></div><div class="product"><a href="https://www.amazon.com/dp/B09KY8MT2T?tag=eloabder-20&linkCode=osi&th=1&psc=1"><img src="https://m.media-amazon.com/images/I/31buTPEV5IL._SL500_.jpg" alt="Product Image"></a><p>Raven Powders Premium Charcoal Powder for Drawing and Art</p><p>$9.99</p><a href="https://www.amazon.com/dp/B09KY8MT2T?tag=eloabder-20&linkCode=osi&th=1&psc=1">View Product</a></div><div class="product"><a href="https://www.amazon.com/dp/B0021IK626?tag=eloabder-20&linkCode=osi&th=1&psc=1"><img src="https://m.media-amazon.com/images/I/317wgA0GITL._SL500_.jpg" alt="Product Image"></a><p>Winsor & Newton Artist Vine Charcoal Sticks, Soft, Box of 12 Sticks</p><p>$10.56</p><a href="https://www.amazon.com/dp/B0021IK626?tag=eloabder-20&linkCode=osi&th=1&psc=1">View Product</a></div>
<div class="product"><a href="https://www.amazon.com/dp/B0CHF9KZSW?tag=eloabder-20&linkCode=osi&th=1&psc=1"><img src="https://m.media-amazon.com/images/I/61lm2iV1gGL._SL500_.jpg" alt="Product Image"></a><p>KALOUR Professional Charcoal Pencils Drawing Set -12 Pieces Soft, Medium and Hard Charcoal Pencils for Drawing, Sketching, Shading, Artist Pencils for Beginners & Artists</p><p>$5.99</p><a href="https://www.amazon.com/dp/B0CHF9KZSW?tag=eloabder-20&linkCode=osi&th=1&psc=1">View Product</a></div><div class="product"><a href="https://www.amazon.com/dp/B0D41JG73W?tag=eloabder-20&linkCode=osi&th=1&psc=1"><img src="https://m.media-amazon.com/images/I/41K5KaeEE0L._SL500_.jpg" alt="Product Image"></a><p>Aenir White Charcoal Pencils, Pack of 12 Charcoal Drawing Pencils, Charcoal Pencils for Artists, Art Supplies for Drawing and Highlighting, Charcoal Pencils for Drawing, Sketching, Shading & Coloring.</p><p>$7.99</p><a href="https://www.amazon.com/dp/B0D41JG73W?tag=eloabder-20&linkCode=osi&th=1&psc=1">View Product</a></div><div class="product"><a href="https://www.amazon.com/dp/B004BPNUMA?tag=eloabder-20&linkCode=osi&th=1&psc=1"><img src="https://m.media-amazon.com/images/I/41EWfMXntlL._SL500_.jpg" alt="Product Image"></a><p>Peel & Sketch Charcoal Pencils 3/Pkg-</p><p>$6.96</p><a href="https://www.amazon.com/dp/B004BPNUMA?tag=eloabder-20&linkCode=osi&th=1&psc=1">View Product</a></div><div class="product"><a href="https://www.amazon.com/dp/B0C5V1QWPJ?tag=eloabder-20&linkCode=osi&th=1&psc=1"><img src="https://m.media-amazon.com/images/I/51bZBOoKtoL._SL500_.jpg" alt="Product Image"></a><p>Brusarth Charcoal Drawing Set -12 pc Black charcoal pencils, White Charcoal Pencils, Eraser Pencils, Blending Stumps for Drawing, Sketching, Shading, Artist Pencils for Beginners & Artists</p><p>$7.99</p><a href="https://www.amazon.com/dp/B0C5V1QWPJ?tag=eloabder-20&linkCode=osi&th=1&psc=1">View Product</a></div>
<div class="product"><a href="https://www.amazon.com/dp/B001BYK7RA?tag=eloabder-20&linkCode=osi&th=1&psc=1"><img src="https://m.media-amazon.com/images/I/316EZYjc1XL._SL500_.jpg" alt="Product Image"></a><p>Winsor & Newton Artist Vine Charcoal Sticks, Soft, Box of 3 Sticks</p><p>$4.09 ($1.36 / Count)</p><a href="https://www.amazon.com/dp/B001BYK7RA?tag=eloabder-20&linkCode=osi&th=1&psc=1">View Product</a></div>
<div class="product"><a href="https://www.amazon.com/dp/B08LR2TBPG?tag=eloabder-20&linkCode=osi&th=1&psc=1"><img src="https://m.media-amazon.com/images/I/31VBhMwmhTL._SL500_.jpg" alt="Product Image"></a><p>Chipboard Sheets 8.5" x 11" - 100 Sheets of 22 Point Chip Board for Crafts - This Kraft Board is a Great Alternative to MDF Board and Cardboard Sheets</p><p>$19.97</p><a href="https://www.amazon.com/dp/B08LR2TBPG?tag=eloabder-20&linkCode=osi&th=1&psc=1">View Product</a></div><div class="product"><a href="https://www.amazon.com/dp/B079F1FYG3?tag=eloabder-20&linkCode=osi&th=1&psc=1"><img src="https://m.media-amazon.com/images/I/41-kpBNtjSL._SL500_.jpg" alt="Product Image"></a><p>100 Thick Kraft Chipboard (30pt) - 8 1/2" x 11" - Perfect for Scrapbooking, Crafts & Product Backing…</p><p>$19.95</p><a href="https://www.amazon.com/dp/B079F1FYG3?tag=eloabder-20&linkCode=osi&th=1&psc=1">View Product</a></div><div class="product"><a href="https://www.amazon.com/dp/B07BYPGP5H?tag=eloabder-20&linkCode=osi&th=1&psc=1"><img src="https://m.media-amazon.com/images/I/31rUtsWIN5L._SL500_.jpg" alt="Product Image"></a><p>100 Chipboard Sheets 8 x 10 inch - 22pt (point) Light Weight Brown Kraft Cardboard for Scrapbooking & Picture Frame Backing (.022 Caliper Thick) Paper Board | MagicWater Supply</p><p>$21.99</p><a href="https://www.amazon.com/dp/B07BYPGP5H?tag=eloabder-20&linkCode=osi&th=1&psc=1">View Product</a></div><div class="product"><a href="https://www.amazon.com/dp/B07BYP99DJ?tag=eloabder-20&linkCode=osi&th=1&psc=1"><img src="https://m.media-amazon.com/images/I/31EMxvnjGrL._SL500_.jpg" alt="Product Image"></a><p>25 Chipboard Sheets 11 x 17 inch - 50pt (point) Heavy Weight Brown Kraft Cardboard for Scrapbooking & Picture Frame Backing (.050 Caliper Thick) Paper Board | MagicWater Supply</p><p>$26.99</p><a href="https://www.amazon.com/dp/B07BYP99DJ?tag=eloabder-20&linkCode=osi&th=1&psc=1">View Product</a></div><div class="product"><a href="https://www.amazon.com/dp/B07BYFXJDL?tag=eloabder-20&linkCode=osi&th=1&psc=1"><img src="https://m.media-amazon.com/images/I/310RbtxO26L._SL500_.jpg" alt="Product Image"></a><p>100 Chipboard Sheets 5 x 7 inch - 22pt (point) Light Weight Brown Kraft Cardboard for Scrapbooking & Picture Frame Backing (.022 Caliper Thick) Paper Board | MagicWater Supply</p><p>$14.99</p><a href="https://www.amazon.com/dp/B07BYFXJDL?tag=eloabder-20&linkCode=osi&th=1&psc=1">View Product</a></div><div class="product"><a href="https://www.amazon.com/dp/B0B6GK2MFD?tag=eloabder-20&linkCode=osi&th=1&psc=1"><img src="https://m.media-amazon.com/images/I/31-IEV+iYgL._SL500_.jpg" alt="Product Image"></a><p>10 EcoSwift 8.5x11 Chipboard Cardboard Craft Scrapbook Material Scrapbooking Packaging Sheets Shipping Pads Inserts 8 1/2 inch x 11 inch Chip Board</p><p>$4.99</p><a href="https://www.amazon.com/dp/B0B6GK2MFD?tag=eloabder-20&linkCode=osi&th=1&psc=1">View Product</a></div><div class="product"><a href="https://www.amazon.com/dp/B07BYKB2ZL?tag=eloabder-20&linkCode=osi&th=1&psc=1"><img src="https://m.media-amazon.com/images/I/31WIwma4xfL._SL500_.jpg" alt="Product Image"></a><p>Chipboard Sheets 8.5 x 11 inch - 50pt (Point) Heavy Weight Brown Kraft Cardboard for Scrapbooking & Picture Frame Backing (.050 Caliper Thick) Paper Board | MagicWater Supply (Kraft 100 Pack)</p><p>$38.99</p><a href="https://www.amazon.com/dp/B07BYKB2ZL?tag=eloabder-20&linkCode=osi&th=1&psc=1">View Product</a></div><div class="product"><a href="https://www.amazon.com/dp/B00161W6L8?tag=eloabder-20&linkCode=osi&th=1&psc=1"><img src="https://m.media-amazon.com/images/I/41MflHlo3JL._SL500_.jpg" alt="Product Image"></a><p>GRAFIX Natural Medium Weight Chipboard Sheets 8.5"X11" 25/Pkg, 8.5"x11"x0.057", Count</p><p>$15.14 ($0.61 / Count)</p><a href="https://www.amazon.com/dp/B00161W6L8?tag=eloabder-20&linkCode=osi&th=1&psc=1">View Product</a></div><div class="product"><a href="https://www.amazon.com/dp/B0013JRFUA?tag=eloabder-20&linkCode=osi&th=1&psc=1"><img src="https://m.media-amazon.com/images/I/41JzQAJkDoL._SL500_.jpg" alt="Product Image"></a><p>Grafix Medium Weight Acid-Free 0.057” Chipboard Sheets, Create Three-Dimensional Embellishments for Cards, Papercrafts, Mixed Media, Home Décor, and More, 12 x 12, Natural, 25 Count</p><p>$14.51 ($0.58 / Count)</p><a href="https://www.amazon.com/dp/B0013JRFUA?tag=eloabder-20&linkCode=osi&th=1&psc=1">View Product</a></div>








<div class="product"><a href="https://www.amazon.com/dp/B0C2YPJDFL?tag=eloabder-20&linkCode=osi&th=1&psc=1"><img src="https://m.media-amazon.com/images/I/51WB6B3vguL._SL500_.jpg" alt="Product Image"></a><p>Yagol Colored Pencils for Adult Coloring Books, 72 Colored Professional Drawing Pencils, Coloring Pencils for Adults Beginners kids & Pro.</p><p>$9.99</p><a href="https://www.amazon.com/dp/B0C2YPJDFL?tag=eloabder-20&linkCode=osi&th=1&psc=1">View Product</a></div><div class="product"><a href="https://www.amazon.com/dp/B01N09ZDEI?tag=eloabder-20&linkCode=osi&th=1&psc=1"><img src="https://m.media-amazon.com/images/I/51awfumPEiL._SL500_.jpg" alt="Product Image"></a><p>Soucolor 72-Color Colored Pencils for Adult Coloring Books, Back to School Supplies, Soft Core Artist Sketching Drawing Pencils Drawing Supplies, Art Supplies Kit for Adults Kids, Coloring Pencils Set</p><p>$9.99</p><a href="https://www.amazon.com/dp/B01N09ZDEI?tag=eloabder-20&linkCode=osi&th=1&psc=1">View Product</a></div><div class="product"><a href="https://www.amazon.com/dp/B0B772BZ4G?tag=eloabder-20&linkCode=osi&th=1&psc=1"><img src="https://m.media-amazon.com/images/I/41VSyVENyTL._SL500_.jpg" alt="Product Image"></a><p>FUNLAVIE Colored Pencils 48 Coloring Pencils Premium Professional Art Drawing Pencil for Adults Coloring Book</p><p>$9.99</p><a href="https://www.amazon.com/dp/B0B772BZ4G?tag=eloabder-20&linkCode=osi&th=1&psc=1">View Product</a></div><div class="product"><a href="https://www.amazon.com/dp/B0B8MFGW36?tag=eloabder-20&linkCode=osi&th=1&psc=1"><img src="https://m.media-amazon.com/images/I/51umBJsfZDL._SL500_.jpg" alt="Product Image"></a><p>KALOUR Premium Colored Pencils,Set of 120 Colors,Artists Soft Core with Vibrant Color,Ideal for Drawing Sketching Shading,Coloring Pencils for Adults Beginners kids</p><p>$24.99</p><a href="https://www.amazon.com/dp/B0B8MFGW36?tag=eloabder-20&linkCode=osi&th=1&psc=1">View Product</a></div><div class="product"><a href="https://www.amazon.com/dp/B0D5GSMGMG?tag=eloabder-20&linkCode=osi&th=1&psc=1"><img src="https://m.media-amazon.com/images/I/41aprDliB4L._SL500_.jpg" alt="Product Image"></a><p>Colored Pencils for Adult Coloring Books, Set of 72 Color Pencils, Oil-Based Core Drawing Pencils, 3.8mm Soft Leads with Adult Coloring Pencils, Professional Art Supplies for Adults, Beginner and Kids</p><p>$9.99</p><a href="https://www.amazon.com/dp/B0D5GSMGMG?tag=eloabder-20&linkCode=osi&th=1&psc=1">View Product</a></div><div class="product"><a href="https://www.amazon.com/dp/B0CZBPK6L5?tag=eloabder-20&linkCode=osi&th=1&psc=1"><img src="https://m.media-amazon.com/images/I/31Q1khczz5L._SL500_.jpg" alt="Product Image"></a><p>Colored Pencils for Adult Coloring Books, 72 Colors Drawing Pencils with Oil-Based Cores, Professional Art Supplies for Artists, Coloring Pencils for Adults, Color Pencils Set for Beginners and Teens.</p><p>$9.49</p><a href="https://www.amazon.com/dp/B0CZBPK6L5?tag=eloabder-20&linkCode=osi&th=1&psc=1">View Product</a></div>
<div class="product"><a href="https://www.amazon.com/dp/B0BTJRPJHJ?tag=eloabder-20&linkCode=osi&th=1&psc=1"><img src="https://m.media-amazon.com/images/I/61eh6iSlGRL._SL500_.jpg" alt="Product Image"></a><p>READY 2 LEARN Colored Sand - Turquoise - 2.2 lbs - Play Sand for Kids - Perfect for Arts and Crafts, Sensory Bins, Wedding Decorations and Vase Filler</p><p>$9.32</p><a href="https://www.amazon.com/dp/B0BTJRPJHJ?tag=eloabder-20&linkCode=osi&th=1&psc=1">View Product</a></div><div class="product"><a href="https://www.amazon.com/dp/B0BTJWH6L3?tag=eloabder-20&linkCode=osi&th=1&psc=1"><img src="https://m.media-amazon.com/images/I/61OHaobOoGL._SL500_.jpg" alt="Product Image"></a><p>READY 2 LEARN Colored Sand - Light Blue - 2.2 lbs - Play Sand for Kids - Perfect for Wedding Unity Ceremonies, Crafts, Sensory Bins and Vase Filler</p><p>$9.99</p><a href="https://www.amazon.com/dp/B0BTJWH6L3?tag=eloabder-20&linkCode=osi&th=1&psc=1">View Product</a></div><div class="product"><a href="https://www.amazon.com/dp/B00DZS4AA0?tag=eloabder-20&linkCode=osi&th=1&psc=1"><img src="https://m.media-amazon.com/images/I/41htpdoeWSL._SL500_.jpg" alt="Product Image"></a><p>Activa Pink Decorative Colored Sand in Resealable Bag, 5lb (2.27kg) | Fine Grain & Fade-Proof Sand For Arts & Crafts</p><p>$8.99</p><a href="https://www.amazon.com/dp/B00DZS4AA0?tag=eloabder-20&linkCode=osi&th=1&psc=1">View Product</a></div><div class="product"><a href="https://www.amazon.com/dp/B00GNED6YE?tag=eloabder-20&linkCode=osi&th=1&psc=1"><img src="https://m.media-amazon.com/images/I/41T-AKVqV5L._SL500_.jpg" alt="Product Image"></a><p>Sandsational Sparkle Champagne Unity Sand - 1.5 LB (22oz), Beige Colored Sand for Weddings, Vase Filler, Home Décor, Craft Sand, Aquarium Sand, and More</p><p>$15.99</p><a href="https://www.amazon.com/dp/B00GNED6YE?tag=eloabder-20&linkCode=osi&th=1&psc=1">View Product</a></div><div class="product"><a href="https://www.amazon.com/dp/B007VC4F6A?tag=eloabder-20&linkCode=osi&th=1&psc=1"><img src="https://m.media-amazon.com/images/I/51EtMIBeueL._SL500_.jpg" alt="Product Image"></a><p>Sandsational Sparkle Tropic Blue Unity Sand, 1 LB (16 oz), Colored Sand for Weddings, Vase Filler, Home Décor, Craft Sand, Aquarium Sand, and More</p><p>$9.99</p><a href="https://www.amazon.com/dp/B007VC4F6A?tag=eloabder-20&linkCode=osi&th=1&psc=1">View Product</a></div><div class="product"><a href="https://www.amazon.com/dp/B007VC497K?tag=eloabder-20&linkCode=osi&th=1&psc=1"><img src="https://m.media-amazon.com/images/I/51oZOs1VRDL._SL500_.jpg" alt="Product Image"></a><p>Sandsational Sparkle Burnt Orange Unity Sand, 1 LB (16 oz), Colored Sand for Weddings, Vase Filler, Home Décor, Craft Sand, Aquarium Sand, and More</p><p>$9.99</p><a href="https://www.amazon.com/dp/B007VC497K?tag=eloabder-20&linkCode=osi&th=1&psc=1">View Product</a></div><div class="product"><a href="https://www.amazon.com/dp/B004BN9WWY?tag=eloabder-20&linkCode=osi&th=1&psc=1"><img src="https://m.media-amazon.com/images/I/41Hehnr6HkL._SL500_.jpg" alt="Product Image"></a><p>Activa Turquoise Decorative Colored Sand in Resealable Bag, 5lb (2.27kg) | Fine Grain & Fade-Proof Sand For Arts & Crafts</p><p>$17.99 ($0.22 / Ounce)</p><a href="https://www.amazon.com/dp/B004BN9WWY?tag=eloabder-20&linkCode=osi&th=1&psc=1">View Product</a></div><div class="product"><a href="https://www.amazon.com/dp/B007VC4CMM?tag=eloabder-20&linkCode=osi&th=1&psc=1"><img src="https://m.media-amazon.com/images/I/51MDELk9-bL._SL500_.jpg" alt="Product Image"></a><p>Sandsational Sparkle Hazelnut Unity Sand, 1 LB (16 oz), Colored Sand for Weddings, Vase Filler, Home Décor, Craft Sand, Aquarium Sand, and More</p><p>$9.99</p><a href="https://www.amazon.com/dp/B007VC4CMM?tag=eloabder-20&linkCode=osi&th=1&psc=1">View Product</a></div>

<div class="product"><a href="https://www.amazon.com/dp/B0868M9MFP?tag=eloabder-20&linkCode=osi&th=1&psc=1"><img src="https://m.media-amazon.com/images/I/41MathwPKuL._SL500_.jpg" alt="Product Image"></a><p>SIMETUFY 360 Sheets 36 Multicolor Tissue Paper Bulk Gift Wrapping Tissue Paper Decorative Art Rainbow Tissue Paper 11.5in x 8in for Art Craft Floral Birthday Party Festival Tissue Paper Pom Pom</p><p>$6.98 ($0.02 / Count)</p><a href="https://www.amazon.com/dp/B0868M9MFP?tag=eloabder-20&linkCode=osi&th=1&psc=1">View Product</a></div><div class="product"><a href="https://www.amazon.com/dp/B0CZNYNJL3?tag=eloabder-20&linkCode=osi&th=1&psc=1"><img src="https://m.media-amazon.com/images/I/41ZspqqmKpL._SL500_.jpg" alt="Product Image"></a><p>160 Sheets Colored Tissue Paper, Tissue Paper Bulk 14 X 20 Inches Tissue Paper for Gift Bags Wrapping DIY Crafts Wedding Birthday</p><p>$7.99 ($0.03 / Sq Ft)</p><a href="https://www.amazon.com/dp/B0CZNYNJL3?tag=eloabder-20&linkCode=osi&th=1&psc=1">View Product</a></div><div class="product"><a href="https://www.amazon.com/dp/B07QY9FQN2?tag=eloabder-20&linkCode=osi&th=1&psc=1"><img src="https://m.media-amazon.com/images/I/51DR9nknn7L._SL500_.jpg" alt="Product Image"></a><p>120 Sheets Colored Tissue Paper Bulk Wrapping Craft Paper 20 x 26" for Art Gift Tissue Decoration (24 Colors)</p><p>$15.59 ($0.13 / Count)</p><a href="https://www.amazon.com/dp/B07QY9FQN2?tag=eloabder-20&linkCode=osi&th=1&psc=1">View Product</a></div><div class="product"><a href="https://www.amazon.com/dp/B0CWR5FKGQ?tag=eloabder-20&linkCode=osi&th=1&psc=1"><img src="https://m.media-amazon.com/images/I/31iRzSH4cbL._SL500_.jpg" alt="Product Image"></a><p>Hlonon 100 Sheets Colored Tissue Paper 12×20 Inch Tissue Paper Bulk Gift Wrapping for Gift Bags DIY Crafts Birthday Wedding Holidays Decor 10 Colors</p><p>$4.59</p><a href="https://www.amazon.com/dp/B0CWR5FKGQ?tag=eloabder-20&linkCode=osi&th=1&psc=1">View Product</a></div><div class="product"><a href="https://www.amazon.com/dp/B09RXR9SXB?tag=eloabder-20&linkCode=osi&th=1&psc=1"><img src="https://m.media-amazon.com/images/I/51xWE-5f2lL._SL500_.jpg" alt="Product Image"></a><p>120 Sheets Colored Tissue Paper for Gift Bags - 25 Assorted Colors Tissue Paper for Packaging Bulk Colored Tissue Paper for Gift Wrapping -Tissue Paper Bulk for Crafts Large 20 X 26 Sheets</p><p>$13.99 ($0.12 / Count)</p><a href="https://www.amazon.com/dp/B09RXR9SXB?tag=eloabder-20&linkCode=osi&th=1&psc=1">View Product</a></div><div class="product"><a href="https://www.amazon.com/dp/B0BWPNFLXM?tag=eloabder-20&linkCode=osi&th=1&psc=1"><img src="https://m.media-amazon.com/images/I/51KYkgeBLCL._SL500_.jpg" alt="Product Image"></a><p>Colored Tissue Paper for Gift Bags, Colored Tissue Paper for Crafts, Gift Wrapping Tissue Paper Bulk - 375 Sheets in 36 Assorted Colors (12 in x 8.4 in)</p><p>$12.99 ($0.03 / Count)</p><a href="https://www.amazon.com/dp/B0BWPNFLXM?tag=eloabder-20&linkCode=osi&th=1&psc=1">View Product</a></div><div class="product"><a href="https://www.amazon.com/dp/B0D1JYM64F?tag=eloabder-20&linkCode=osi&th=1&psc=1"><img src="https://m.media-amazon.com/images/I/41wvUKH9PbL._SL500_.jpg" alt="Product Image"></a><p>Phinus 6300 Pcs 1 Inch Tissue Paper Squares, Tissue Paper for Crafts, 42 Assorted Colored Tissue Paper, Colors Art Rainbow Tissue Paper Bulk for Crafts, Art Projects, Birthday Party</p><p>$5.99</p><a href="https://www.amazon.com/dp/B0D1JYM64F?tag=eloabder-20&linkCode=osi&th=1&psc=1">View Product</a></div>
<div class="product"><a href="https://www.amazon.com/dp/B085DP36VF?tag=eloabder-20&linkCode=osi&th=1&psc=1"><img src="https://m.media-amazon.com/images/I/516vaNkg0iL._SL500_.jpg" alt="Product Image"></a><p>Soucolor Art Brush Markers Pens for Adult Coloring Books, 34 Colors Numbered Dual Tip (Brush and Fine Point) Marker Pen for Kids Note taking Planner Lettering Calligraphy Drawing Preppy School Stuff</p><p>$9.99</p><a href="https://www.amazon.com/dp/B085DP36VF?tag=eloabder-20&linkCode=osi&th=1&psc=1">View Product</a></div><div class="product"><a href="https://www.amazon.com/dp/B075WQPKNK?tag=eloabder-20&linkCode=osi&th=1&psc=1"><img src="https://m.media-amazon.com/images/I/51EOXvmdwnL._SL500_.jpg" alt="Product Image"></a><p>Dual Brush Marker Pens for Coloring Books, Tanmit Fine Tip Coloring Marker & Brush Pen Set for Journaling Note Taking Writing Planning Art Project</p><p>$7.97</p><a href="https://www.amazon.com/dp/B075WQPKNK?tag=eloabder-20&linkCode=osi&th=1&psc=1">View Product</a></div>
<div class="product"><a href="https://www.amazon.com/dp/B0BWH7CWFW?tag=eloabder-20&linkCode=osi&th=1&psc=1"><img src="https://m.media-amazon.com/images/I/51jUg2AkDyL._SL500_.jpg" alt="Product Image"></a><p>AnyMark 60 Colors Alcohol Markers, Markers Set, Dual Tip Alcohol Based Art Markers for Kids Adults Coloring Drawing, Chisel & Fine</p><p>$19.99 ($0.33 / Count)</p><a href="https://www.amazon.com/dp/B0BWH7CWFW?tag=eloabder-20&linkCode=osi&th=1&psc=1">View Product</a></div><div class="product"><a href="https://www.amazon.com/dp/B07CJ8QXF8?tag=eloabder-20&linkCode=osi&th=1&psc=1"><img src="https://m.media-amazon.com/images/I/51bChi4-H4L._SL500_.jpg" alt="Product Image"></a><p>Dual Markers Brush Pens, 36 Fine Point Art Marker, Double Tip Colored Pen for Adult Coloring Hand Lettering, School Classroom Art Suppliers</p><p>$9.99</p><a href="https://www.amazon.com/dp/B07CJ8QXF8?tag=eloabder-20&linkCode=osi&th=1&psc=1">View Product</a></div><div class="product"><a href="https://www.amazon.com/dp/B0CMLFSJ32?tag=eloabder-20&linkCode=osi&th=1&psc=1"><img src="https://m.media-amazon.com/images/I/51tOlopoSsL._SL500_.jpg" alt="Product Image"></a><p>TOSHARE Double Brush Marker Pens, 72 Colors Art Markers Set with Fine Tip and Brush Tip for Kids Adult Coloring Book Hand Lettering Calligraphy Drawing Art Supplies Kit</p><p>$29.99</p><a href="https://www.amazon.com/dp/B0CMLFSJ32?tag=eloabder-20&linkCode=osi&th=1&psc=1">View Product</a></div><div class="product"><a href="https://www.amazon.com/dp/B0BYD5M7LQ?tag=eloabder-20&linkCode=osi&th=1&psc=1"><img src="https://m.media-amazon.com/images/I/51sfVuA2MJL._SL500_.jpg" alt="Product Image"></a><p>AnyMark 48 Colors Alcohol Markers, Markers Set, Dual Tip Alcohol Based Art Markers for Kids Adults Coloring Drawing, Chisel & Fine</p><p>$12.99 ($0.27 / Count)</p><a href="https://www.amazon.com/dp/B0BYD5M7LQ?tag=eloabder-20&linkCode=osi&th=1&psc=1">View Product</a></div><div class="product"><a href="https://www.amazon.com/dp/B078N2RFJ9?tag=eloabder-20&linkCode=osi&th=1&psc=1"><img src="https://m.media-amazon.com/images/I/415IZ1EQzEL._SL500_.jpg" alt="Product Image"></a><p>MemOffice 80 Colors Dual Tip Artist Alcohol Markers Set with Carrying Case - Perfect for Coloring, Drawing, Sketching, Card Making and Illustration - Perfect for Adults and Kids</p><p>$22.99</p><a href="https://www.amazon.com/dp/B078N2RFJ9?tag=eloabder-20&linkCode=osi&th=1&psc=1">View Product</a></div><div class="product"><a href="https://www.amazon.com/dp/B0891WKPN3?tag=eloabder-20&linkCode=osi&th=1&psc=1"><img src="https://m.media-amazon.com/images/I/51qPnBJt4QL._SL500_.jpg" alt="Product Image"></a><p>Caliart 34 Double Tip Brush Pens Art Markers, Aesthetic Cute Preppy Stuff School Supplies, Artist Fine & Brush Pen Coloring Markers for Kids Adult Book Cards Drawing Craft Kit Teacher Office Supplies</p><p>$9.99</p><a href="https://www.amazon.com/dp/B0891WKPN3?tag=eloabder-20&linkCode=osi&th=1&psc=1">View Product</a></div><div class="product"><a href="https://www.amazon.com/dp/B08GX1FXG5?tag=eloabder-20&linkCode=osi&th=1&psc=1"><img src="https://m.media-amazon.com/images/I/61VK97q6UUL._SL500_.jpg" alt="Product Image"></a><p>Mogyann Markers for Adult 100 Colors Dual Tip Pens with Fine and Brush Tip for Coloring and Calligraphy Drawing</p><p>$26.99</p><a href="https://www.amazon.com/dp/B08GX1FXG5?tag=eloabder-20&linkCode=osi&th=1&psc=1">View Product</a></div>
<div class="product"><a href="https://www.amazon.com/dp/B002LARR8A?tag=eloabder-20&linkCode=osi&th=1&psc=1"><img src="https://m.media-amazon.com/images/I/41G5vXNB91L._SL500_.jpg" alt="Product Image"></a><p>Prang (Formerly SunWorks) Construction Paper, 10 Assorted Colors, 12" x 18", 100 Sheets</p><p>$13.09</p><a href="https://www.amazon.com/dp/B002LARR8A?tag=eloabder-20&linkCode=osi&th=1&psc=1">View Product</a></div><div class="product"><a href="https://www.amazon.com/dp/B001AZ9S6G?tag=eloabder-20&linkCode=osi&th=1&psc=1"><img src="https://m.media-amazon.com/images/I/41kI6AxAEvL._SL500_.jpg" alt="Product Image"></a><p>Prang (Formerly SunWorks) Construction Paper, White, 12" x 18", 50 Sheets</p><p>$6.86</p><a href="https://www.amazon.com/dp/B001AZ9S6G?tag=eloabder-20&linkCode=osi&th=1&psc=1">View Product</a></div>

<div class="product"><a href="https://www.amazon.com/dp/B003JJIEKC?tag=eloabder-20&linkCode=osi&th=1&psc=1"><img src="https://m.media-amazon.com/images/I/51CnC6280iL._SL500_.jpg" alt="Product Image"></a><p>2 Rolls/Pack 7/32 Copper Foil (Copper Backed)</p><p>$24.21</p><a href="https://www.amazon.com/dp/B003JJIEKC?tag=eloabder-20&linkCode=osi&th=1&psc=1">View Product</a></div><div class="product"><a href="https://www.amazon.com/dp/B0CXXD14QS?tag=eloabder-20&linkCode=osi&th=1&psc=1"><img src="https://m.media-amazon.com/images/I/31MLEFbqdaL._SL500_.jpg" alt="Product Image"></a><p>YEZHET 7/32 Inch Black Backed Copper foil for Stained Glass (2Roll)</p><p>$16.99</p><a href="https://www.amazon.com/dp/B0CXXD14QS?tag=eloabder-20&linkCode=osi&th=1&psc=1">View Product</a></div><div class="product"><a href="https://www.amazon.com/dp/B00359QVPG?tag=eloabder-20&linkCode=osi&th=1&psc=1"><img src="https://m.media-amazon.com/images/I/41hRCFiP1dL._SL500_.jpg" alt="Product Image"></a><p>Edco 3/16 Black Backed Copper Foil</p><p>$14.75</p><a href="https://www.amazon.com/dp/B00359QVPG?tag=eloabder-20&linkCode=osi&th=1&psc=1">View Product</a></div><div class="product"><a href="https://www.amazon.com/dp/B004BNDZSG?tag=eloabder-20&linkCode=osi&th=1&psc=1"><img src="https://m.media-amazon.com/images/I/519NZ7L73gL._SL500_.jpg" alt="Product Image"></a><p>Studio Pro 1/4-Inch Black Lined Copper Foil</p><p>$10.90</p><a href="https://www.amazon.com/dp/B004BNDZSG?tag=eloabder-20&linkCode=osi&th=1&psc=1">View Product</a></div><div class="product"><a href="https://www.amazon.com/dp/B0C3Z37LZK?tag=eloabder-20&linkCode=osi&th=1&psc=1"><img src="https://m.media-amazon.com/images/I/41bhh73eatL._SL500_.jpg" alt="Product Image"></a><p>YEZHET Copper Foil Tape 2 Pack (7/32Inch) with Double-Sided Conductive, for Stained Glass, Electrical Repairs, DIY Handicrafts, Paper Circuits, Crafting</p><p>$7.99 ($0.53 / Foot)</p><a href="https://www.amazon.com/dp/B0C3Z37LZK?tag=eloabder-20&linkCode=osi&th=1&psc=1">View Product</a></div><div class="product"><a href="https://www.amazon.com/dp/B00WVKO1LG?tag=eloabder-20&linkCode=osi&th=1&psc=1"><img src="https://m.media-amazon.com/images/I/31J15yH0QGL._SL500_.jpg" alt="Product Image"></a><p>K&S 6020 Metallic Copper Crafting Foil, 0.005" Thick x 12" Width x 30" Long, 1 Piece, Made in The USA</p><p>$14.89</p><a href="https://www.amazon.com/dp/B00WVKO1LG?tag=eloabder-20&linkCode=osi&th=1&psc=1">View Product</a></div>
<div class="product"><a href="https://www.amazon.com/dp/B08YJBQ7WZ?tag=eloabder-20&linkCode=osi&th=1&psc=1"><img src="https://m.media-amazon.com/images/I/51MPyR+wDWL._SL500_.jpg" alt="Product Image"></a><p>45 Color Options Macrame Cord 2mm/3mm/4mm/5mm/6mmx109 Yards Cotton Cord, 4 Ply Twisted Yarn, Natural Perfect Supplies DIY Crafts (Natural White)</p><p>$4.98 ($0.02 / Foot)</p><a href="https://www.amazon.com/dp/B08YJBQ7WZ?tag=eloabder-20&linkCode=osi&th=1&psc=1">View Product</a></div><div class="product"><a href="https://www.amazon.com/dp/B07ZGD2G6B?tag=eloabder-20&linkCode=osi&th=1&psc=1"><img src="https://m.media-amazon.com/images/I/51pexzF494L._SL500_.jpg" alt="Product Image"></a><p>Tenn Well Leather String, 100 Yards 2.6mm Flat Suede Cord, Faux Leather Cord for Jewelry Making, Necklaces, Bracelets, Dream Catchers and DIY Crafts (Brown)</p><p>$9.99 ($0.03 / Foot)</p><a href="https://www.amazon.com/dp/B07ZGD2G6B?tag=eloabder-20&linkCode=osi&th=1&psc=1">View Product</a></div><div class="product"><a href="https://www.amazon.com/dp/B0CQF1LC2R?tag=eloabder-20&linkCode=osi&th=1&psc=1"><img src="https://m.media-amazon.com/images/I/51O0PgsjtpL._SL500_.jpg" alt="Product Image"></a><p>Anezus Rainbow Color Nylon Cord, Nylon Craft String, Silky Satin Rattail Cord Beading String for Braided Bracelets, Pendants Necklace, Macrame Keychains, Lanyards, Drawstring Bags, DIY Crafts, Sewing</p><p>$6.99 ($0.02 / Foot)</p><a href="https://www.amazon.com/dp/B0CQF1LC2R?tag=eloabder-20&linkCode=osi&th=1&psc=1">View Product</a></div><div class="product"><a href="https://www.amazon.com/dp/B0B7J9BZSN?tag=eloabder-20&linkCode=osi&th=1&psc=1"><img src="https://m.media-amazon.com/images/I/41Orf+Dg9FL._SL500_.jpg" alt="Product Image"></a><p>2 mm 330 Feet Satin Nylon Cord String for Jewelry Making Bracelet Necklaces Beading Thread Rattail Macrame Kumihimo Chinese Knot Craft</p><p>$7.99 ($0.02 / Foot)</p><a href="https://www.amazon.com/dp/B0B7J9BZSN?tag=eloabder-20&linkCode=osi&th=1&psc=1">View Product</a></div><div class="product"><a href="https://www.amazon.com/dp/B08PZ2VDPM?tag=eloabder-20&linkCode=osi&th=1&psc=1"><img src="https://m.media-amazon.com/images/I/51DQgq3cfXL._SL500_.jpg" alt="Product Image"></a><p>Tenn Well Nylon Satin Cord, 295 Feet 2mm Black Nylon String for Jewelry Making, Silky Rattail Cord for Bracelets, Necklaces, Macrame Keychains, Lanyards, Beading</p><p>$7.99 ($0.03 / Foot)</p><a href="https://www.amazon.com/dp/B08PZ2VDPM?tag=eloabder-20&linkCode=osi&th=1&psc=1">View Product</a></div><div class="product"><a href="https://www.amazon.com/dp/B07TW9PGGB?tag=eloabder-20&linkCode=osi&th=1&psc=1"><img src="https://m.media-amazon.com/images/I/41C73YuzTWL._SL500_.jpg" alt="Product Image"></a><p>Macrame Cord,3mm x109 Yards 100% Natural Macrame Cords Colored Cotton Macrame Rope Craft Cord for DIY Crafts Knitting Plant Hangers Christmas Wedding Decor(Natural Color/Beige)</p><p>$4.98 ($0.02 / Foot)</p><a href="https://www.amazon.com/dp/B07TW9PGGB?tag=eloabder-20&linkCode=osi&th=1&psc=1">View Product</a></div><div class="product"><a href="https://www.amazon.com/dp/B0CS27R34B?tag=eloabder-20&linkCode=osi&th=1&psc=1"><img src="https://m.media-amazon.com/images/I/31hxjVrOTnL._SL500_.jpg" alt="Product Image"></a><p>2 mm x 330 Feet Satin Nylon Cord, Silky Smooth Nylon String for Jewelry Making Bracelet Necklaces Beading Thread Rattail Macrame Kumihimo Chinese Knot Craft</p><p>$7.99 ($0.02 / Foot)</p><a href="https://www.amazon.com/dp/B0CS27R34B?tag=eloabder-20&linkCode=osi&th=1&psc=1">View Product</a></div><div class="product"><a href="https://www.amazon.com/dp/B07GX8B3PC?tag=eloabder-20&linkCode=osi&th=1&psc=1"><img src="https://m.media-amazon.com/images/I/416oClGC4ZL._SL500_.jpg" alt="Product Image"></a><p>Tenn Well 5mm Macrame Cord, 165Feet Braided Cotton Rope Thick Craft Twine for Macrame Plant Hangers, Wall Hangings, Drawstrings, Clothes Lines, DIY Crafts (Beige)</p><p>$8.99 ($0.05 / Foot)</p><a href="https://www.amazon.com/dp/B07GX8B3PC?tag=eloabder-20&linkCode=osi&th=1&psc=1">View Product</a></div>
<div class="product"><a href="https://www.amazon.com/dp/B08LV18F93?tag=eloabder-20&linkCode=osi&th=1&psc=1"><img src="https://m.media-amazon.com/images/I/51XMGht9fSL._SL500_.jpg" alt="Product Image"></a><p>uxcell 20pcs Corrugated Cardboard Paper Sheets,Colorful,7.87-inch x 11.82-inch,for Craft and DIY Projects</p><p>$12.49 ($0.62 / Count)</p><a href="https://www.amazon.com/dp/B08LV18F93?tag=eloabder-20&linkCode=osi&th=1&psc=1">View Product</a></div><div class="product"><a href="https://www.amazon.com/dp/B009MRH3R0?tag=eloabder-20&linkCode=osi&th=1&psc=1"><img src="https://m.media-amazon.com/images/I/51KvHbQ47aL._SL500_.jpg" alt="Product Image"></a><p>Hygloss Corrugated Cardboard Sheets, 8-Pack, 8 Pieces</p><p>$10.13 ($1.27 / Count)</p><a href="https://www.amazon.com/dp/B009MRH3R0?tag=eloabder-20&linkCode=osi&th=1&psc=1">View Product</a></div><div class="product"><a href="https://www.amazon.com/dp/B08LV1DHM7?tag=eloabder-20&linkCode=osi&th=1&psc=1"><img src="https://m.media-amazon.com/images/I/41CqXQkVMyL._SL500_.jpg" alt="Product Image"></a><p>uxcell 10pcs Corrugated Cardboard Paper Sheets,Black,7.87-inch x 11.84-inch,for Craft and DIY Projects</p><p>$8.09 ($0.81 / Count)</p><a href="https://www.amazon.com/dp/B08LV1DHM7?tag=eloabder-20&linkCode=osi&th=1&psc=1">View Product</a></div><div class="product"><a href="https://www.amazon.com/dp/B07RNHX8GZ?tag=eloabder-20&linkCode=osi&th=1&psc=1"><img src="https://m.media-amazon.com/images/I/51LdlT0J20L._SL500_.jpg" alt="Product Image"></a><p>Bright Creations Corrugated Cardboard Paper Sheets (8.5 x 11 in, Black, 48-Pack)</p><p>$16.99 ($0.35 / Count)</p><a href="https://www.amazon.com/dp/B07RNHX8GZ?tag=eloabder-20&linkCode=osi&th=1&psc=1">View Product</a></div><div class="product"><a href="https://www.amazon.com/dp/B07GZHK7KC?tag=eloabder-20&linkCode=osi&th=1&psc=1"><img src="https://m.media-amazon.com/images/I/51LbINh9qtL._SL500_.jpg" alt="Product Image"></a><p>64 Pack Colored Corrugated Cardboard Sheets for Crafts, Art Projects, DIY Signs, 8 Bright Colors (8.3 x 11.8 in)</p><p>$19.99 ($0.31 / Count)</p><a href="https://www.amazon.com/dp/B07GZHK7KC?tag=eloabder-20&linkCode=osi&th=1&psc=1">View Product</a></div><div class="product"><a href="https://www.amazon.com/dp/B08LV1FW8M?tag=eloabder-20&linkCode=osi&th=1&psc=1"><img src="https://m.media-amazon.com/images/I/41glvw8zT3L._SL500_.jpg" alt="Product Image"></a><p>uxcell 10pcs Corrugated Cardboard Paper Sheets,White,7.87-inch x 11.86-inch,for Craft and DIY Projects</p><p>$9.49 ($0.95 / Count)</p><a href="https://www.amazon.com/dp/B08LV1FW8M?tag=eloabder-20&linkCode=osi&th=1&psc=1">View Product</a></div><div class="product"><a href="https://www.amazon.com/dp/B071KP3K72?tag=eloabder-20&linkCode=osi&th=1&psc=1"><img src="https://m.media-amazon.com/images/I/41Dr9t+PB8L._SL500_.jpg" alt="Product Image"></a><p>Corobuff Corrugated Paper, Brite Blue, 48" x 25', 1 Roll</p><p>$38.52</p><a href="https://www.amazon.com/dp/B071KP3K72?tag=eloabder-20&linkCode=osi&th=1&psc=1">View Product</a></div><div class="product"><a href="https://www.amazon.com/dp/B09TB1LKLG?tag=eloabder-20&linkCode=osi&th=1&psc=1"><img src="https://m.media-amazon.com/images/I/31ttSeubU9L._SL500_.jpg" alt="Product Image"></a><p>MECCANIXITY Corrugated Paper Sheets 25pcs 11.8-inch x 7.87-inch White Cardboard for DIY Craft</p><p>$13.99</p><a href="https://www.amazon.com/dp/B09TB1LKLG?tag=eloabder-20&linkCode=osi&th=1&psc=1">View Product</a></div><div class="product"><a href="https://www.amazon.com/dp/B0C372CGHG?tag=eloabder-20&linkCode=osi&th=1&psc=1"><img src="https://m.media-amazon.com/images/I/41EDnL7EWDL._SL500_.jpg" alt="Product Image"></a><p>DMiotech 5 Pack 7.87x11.81 Inch Corrugated Cardboard Paper Sheets DIY Projects Black for Box Making, Cards, Scrapbooks</p><p>$6.99 ($1.40 / Count)</p><a href="https://www.amazon.com/dp/B0C372CGHG?tag=eloabder-20&linkCode=osi&th=1&psc=1">View Product</a></div>
<div class="product"><a href="https://www.amazon.com/dp/B08PBJSDSH?tag=eloabder-20&linkCode=osi&th=1&psc=1"><img src="https://m.media-amazon.com/images/I/41pj8xbkfyL._SL500_.jpg" alt="Product Image"></a><p>100 Pieces Cotton Spun Paper Balls White Natural Spun Cotton Paper Balls Coloring Paper Balls for Making Paper Flowers DIY Crafts Decorations</p><p>$9.49</p><a href="https://www.amazon.com/dp/B08PBJSDSH?tag=eloabder-20&linkCode=osi&th=1&psc=1">View Product</a></div><div class="product"><a href="https://www.amazon.com/dp/B083W75XRT?tag=eloabder-20&linkCode=osi&th=1&psc=1"><img src="https://m.media-amazon.com/images/I/41C8TlFRJvL._SL500_.jpg" alt="Product Image"></a><p>Lia Griffith Cotton Spun Paper Balls, White, 20mm, 24 Count</p><p>$11.30 ($0.47 / Count)</p><a href="https://www.amazon.com/dp/B083W75XRT?tag=eloabder-20&linkCode=osi&th=1&psc=1">View Product</a></div>
<div class="product"><a href="https://www.amazon.com/dp/B0B1J8TYT1?tag=eloabder-20&linkCode=osi&th=1&psc=1"><img src="https://m.media-amazon.com/images/I/41NdyrANVlL._SL500_.jpg" alt="Product Image"></a><p>HOTGODEN Medium Weight 100% Cotton Muslin Fabric: 63 inch x 2,5,10 Yards Unbleached Muslin Linen Fabric Material for Sewing Material Apparel Cloth</p><p>$12.99</p><a href="https://www.amazon.com/dp/B0B1J8TYT1?tag=eloabder-20&linkCode=osi&th=1&psc=1">View Product</a></div><div class="product"><a href="https://www.amazon.com/dp/B0B9HHD1QM?tag=eloabder-20&linkCode=osi&th=1&psc=1"><img src="https://m.media-amazon.com/images/I/313O1FHX2vL._SL500_.jpg" alt="Product Image"></a><p>Craftido-19 Options-100% Cotton Fabric by The yard in Solid Color 44”Wide by 3yd (9 ft) -Medium Weight 5.2 oz- for Quilting, Sewing, Crafts, Binding, Backing and Lining - White</p><p>$22.99</p><a href="https://www.amazon.com/dp/B0B9HHD1QM?tag=eloabder-20&linkCode=osi&th=1&psc=1">View Product</a></div><div class="product"><a href="https://www.amazon.com/dp/B0BHVMLTWV?tag=eloabder-20&linkCode=osi&th=1&psc=1"><img src="https://m.media-amazon.com/images/I/21vOg9h0nXL._SL500_.jpg" alt="Product Image"></a><p>HOTGODEN Light Weight 100% Cotton Muslin Fabric: 63 inch x 2,5,10 Yards Unbleached Muslin Linen Fabric Material for Sewing Material Apparel Cloth</p><p>$12.99</p><a href="https://www.amazon.com/dp/B0BHVMLTWV?tag=eloabder-20&linkCode=osi&th=1&psc=1">View Product</a></div><div class="product"><a href="https://www.amazon.com/dp/B093BQ3GMM?tag=eloabder-20&linkCode=osi&th=1&psc=1"><img src="https://m.media-amazon.com/images/I/61UmpTb+DVS._SL500_.jpg" alt="Product Image"></a><p>42Pcs 10"x10" Quilting Cotton Fabric Squares Sheets Pre-Cut Multi-Color Design Printed Floral Craft Fabric for DIY Sewing Scrapbooking Quilting Craft Patchwork (Red/Pink/Yellow/Green/Blue/Purple)</p><p>$12.88</p><a href="https://www.amazon.com/dp/B093BQ3GMM?tag=eloabder-20&linkCode=osi&th=1&psc=1">View Product</a></div><div class="product"><a href="https://www.amazon.com/dp/B08DTBZTFC?tag=eloabder-20&linkCode=osi&th=1&psc=1"><img src="https://m.media-amazon.com/images/I/41NKhg34TpL._SL500_.jpg" alt="Product Image"></a><p>Master FAB -Black 100% Cotton Fabric by The Yard for Sewing DIY Crafting Fashion Design Washable Cloth Bundles Voile;Full Width cuttable39 x 55inches (100x140cm) (Black Solid)</p><p>$9.99</p><a href="https://www.amazon.com/dp/B08DTBZTFC?tag=eloabder-20&linkCode=osi&th=1&psc=1">View Product</a></div>
<div class="product"><a href="https://www.amazon.com/dp/B08TZZ7F3P?tag=eloabder-20&linkCode=osi&th=1&psc=1"><img src="https://m.media-amazon.com/images/I/41J8e8Zfz1S._SL500_.jpg" alt="Product Image"></a><p>Hdviai Macrame Cord - Natural Unbleached Macrame Rope - 4 Strand Twisted Cotton Rope for Wall Hanging，DIY Craft Making，Plant Hangers，Knotting Decorative Projects (White, 8mm x 20 Yards)</p><p>$9.99 ($0.17 / Foot)</p><a href="https://www.amazon.com/dp/B08TZZ7F3P?tag=eloabder-20&linkCode=osi&th=1&psc=1">View Product</a></div><div class="product"><a href="https://www.amazon.com/dp/B094Y2M3G5?tag=eloabder-20&linkCode=osi&th=1&psc=1"><img src="https://m.media-amazon.com/images/I/51C-4p5OSsS._SL500_.jpg" alt="Product Image"></a><p>SEMINI 100% Natural Cotton Cord,5mm x40 Yard Mixed Color Twine String Cord Colored Cotton Rope Craft Cord for DIY Crafts Knitting Plant Hangers Christmas Wedding Decorate (Mix Color)</p><p>$12.99</p><a href="https://www.amazon.com/dp/B094Y2M3G5?tag=eloabder-20&linkCode=osi&th=1&psc=1">View Product</a></div><div class="product"><a href="https://www.amazon.com/dp/B07NTT82FH?tag=eloabder-20&linkCode=osi&th=1&psc=1"><img src="https://m.media-amazon.com/images/I/41aw9F3nkmL._SL500_.jpg" alt="Product Image"></a><p>Feelmate 6mm x 164 Feet Cotton Rope Macrame Cord for Crafts Jewelry Making Home Decoration Gift Wrapping</p><p>$14.99 ($0.09 / Foot)</p><a href="https://www.amazon.com/dp/B07NTT82FH?tag=eloabder-20&linkCode=osi&th=1&psc=1">View Product</a></div><div class="product"><a href="https://www.amazon.com/dp/B09KRYCT3B?tag=eloabder-20&linkCode=osi&th=1&psc=1"><img src="https://m.media-amazon.com/images/I/41H918apC-L._SL500_.jpg" alt="Product Image"></a><p>Natural Cotton Rope, JEUIHAU 328 Feet 1/4 Inch Cotton Clothesline Rope, All-Purpose Braided Cotton Rope Utility Cord for Clothes Hanging, Crafting, Macrame, Basket Making, and DIY Art Projects</p><p>$25.99 ($0.08 / Foot)</p><a href="https://www.amazon.com/dp/B09KRYCT3B?tag=eloabder-20&linkCode=osi&th=1&psc=1">View Product</a></div>
<div class="product"><a href="https://www.amazon.com/dp/B07RRD6TBN?tag=eloabder-20&linkCode=osi&th=1&psc=1"><img src="https://m.media-amazon.com/images/I/31YqtfxjDuL._SL500_.jpg" alt="Product Image"></a><p>Connecting Threads 100% Cotton Thread - 1200 Yard Spool (White)</p><p>$8.99</p><a href="https://www.amazon.com/dp/B07RRD6TBN?tag=eloabder-20&linkCode=osi&th=1&psc=1">View Product</a></div><div class="product"><a href="https://www.amazon.com/dp/B07G4N3HCZ?tag=eloabder-20&linkCode=osi&th=1&psc=1"><img src="https://m.media-amazon.com/images/I/413UnNketKL._SL500_.jpg" alt="Product Image"></a><p>2-Pack - Gutermann Natural Cotton Thread Solids 876 Yards Each - White (800C 5709)</p><p>$16.17 ($8.08 / Count)</p><a href="https://www.amazon.com/dp/B07G4N3HCZ?tag=eloabder-20&linkCode=osi&th=1&psc=1">View Product</a></div><div class="product"><a href="https://www.amazon.com/dp/B07RSFSYLY?tag=eloabder-20&linkCode=osi&th=1&psc=1"><img src="https://m.media-amazon.com/images/I/31dM1Mx2uIL._SL500_.jpg" alt="Product Image"></a><p>Connecting Threads 100% Cotton Essential Thread 5000 Yard Cone (White)</p><p>$16.99</p><a href="https://www.amazon.com/dp/B07RSFSYLY?tag=eloabder-20&linkCode=osi&th=1&psc=1">View Product</a></div><div class="product"><a href="https://www.amazon.com/dp/B074H1JTPK?tag=eloabder-20&linkCode=osi&th=1&psc=1"><img src="https://m.media-amazon.com/images/I/41tOL4rkfFL._SL500_.jpg" alt="Product Image"></a><p>Simthread 12 Multi Colors 100% Cotton Sewing Thread 50s/3 Thread for Quilting etc - 550 Yards Each 12C02</p><p>$21.99 ($0.00 / Foot)</p><a href="https://www.amazon.com/dp/B074H1JTPK?tag=eloabder-20&linkCode=osi&th=1&psc=1">View Product</a></div><div class="product"><a href="https://www.amazon.com/dp/B07RPCNYXW?tag=eloabder-20&linkCode=osi&th=1&psc=1"><img src="https://m.media-amazon.com/images/I/41iUqMPb-gL._SL500_.jpg" alt="Product Image"></a><p>Connecting Threads 100% Cotton Thread - 1200 Yard Spool (Red)</p><p>$8.99</p><a href="https://www.amazon.com/dp/B07RPCNYXW?tag=eloabder-20&linkCode=osi&th=1&psc=1">View Product</a></div>
<div class="product"><a href="https://www.amazon.com/dp/B09SL5LT8W?tag=eloabder-20&linkCode=osi&th=1&psc=1"><img src="https://m.media-amazon.com/images/I/512Dhz0oTrL._SL500_.jpg" alt="Product Image"></a><p>B-7000 Glue Clear for Rhinestone Crafts, Jewelry and Bead Adhesive B7000 Semi Fluid High Viscosity Glues for Clothes Shoes Fabric Cell Phones Screen Repair Metal Stone Nail Art Glass (4x15 ml/0.5 oz)</p><p>$5.45</p><a href="https://www.amazon.com/dp/B09SL5LT8W?tag=eloabder-20&linkCode=osi&th=1&psc=1">View Product</a></div><div class="product"><a href="https://www.amazon.com/dp/B00178KLEY?tag=eloabder-20&linkCode=osi&th=1&psc=1"><img src="https://m.media-amazon.com/images/I/31wcgL5xRkL._SL500_.jpg" alt="Product Image"></a><p>Aleene's All Purpose Tacky Glue, 8-Ounce</p><p>$2.44 ($0.30 / Fl Oz)</p><a href="https://www.amazon.com/dp/B00178KLEY?tag=eloabder-20&linkCode=osi&th=1&psc=1">View Product</a></div><div class="product"><a href="https://www.amazon.com/dp/B088NN5GD8?tag=eloabder-20&linkCode=osi&th=1&psc=1"><img src="https://m.media-amazon.com/images/I/417dgxV3dfL._SL500_.jpg" alt="Product Image"></a><p>Bearly Art Precision Craft Glue - The Mini - 2fl oz with Tip Kit - Acid Free Archival - Strong Hold Adhesive - Ideal for Fine Paper Crafting Scrapbooking and Card Making - Made in USA</p><p>$12.99</p><a href="https://www.amazon.com/dp/B088NN5GD8?tag=eloabder-20&linkCode=osi&th=1&psc=1">View Product</a></div><div class="product"><a href="https://www.amazon.com/dp/B000BY6THS?tag=eloabder-20&linkCode=osi&th=1&psc=1"><img src="https://m.media-amazon.com/images/I/41WhjtET6sL._SL500_.jpg" alt="Product Image"></a><p>Aleene's Clear Gel Tacky Glue 4oz</p><p>$2.33</p><a href="https://www.amazon.com/dp/B000BY6THS?tag=eloabder-20&linkCode=osi&th=1&psc=1">View Product</a></div><div class="product"><a href="https://www.amazon.com/dp/B00KD6ZHA4?tag=eloabder-20&linkCode=osi&th=1&psc=1"><img src="https://m.media-amazon.com/images/I/31oecXt0Q+L._SL500_.jpg" alt="Product Image"></a><p>Aleene's Gel Glue, 8-Ounce, Clear</p><p>$4.44 ($0.56 / Fl Oz)</p><a href="https://www.amazon.com/dp/B00KD6ZHA4?tag=eloabder-20&linkCode=osi&th=1&psc=1">View Product</a></div><div class="product"><a href="https://www.amazon.com/dp/B07Y6RWHP1?tag=eloabder-20&linkCode=osi&th=1&psc=1"><img src="https://m.media-amazon.com/images/I/41B6C8VaOWL._SL500_.jpg" alt="Product Image"></a><p>Bearly Art Precision Craft Glue - The Original - 4fl oz - Tip Kit Included - Dries Clear - Metal Tip - Wrinkle Resistant - Flexible and Crack Resistant - Strong Hold Adhesive - Made in USA</p><p>$19.99 ($5.00 / Fl Oz)</p><a href="https://www.amazon.com/dp/B07Y6RWHP1?tag=eloabder-20&linkCode=osi&th=1&psc=1">View Product</a></div><div class="product"><a href="https://www.amazon.com/dp/B0D1BYTYWD?tag=eloabder-20&linkCode=osi&th=1&psc=1"><img src="https://m.media-amazon.com/images/I/41P6pr3DnTL._SL500_.jpg" alt="Product Image"></a><p>Joez Wonderful 6 Sheets Foam Adhesive Squares, 990pcs Total Double Sided Self Adhesive Dots, Precut Squares Strips Foam Tape for DIY Arts & Crafts, 2 Sizes (0.47in/12mm, 0.24in/6mm)</p><p>$5.59</p><a href="https://www.amazon.com/dp/B0D1BYTYWD?tag=eloabder-20&linkCode=osi&th=1&psc=1">View Product</a></div><div class="product"><a href="https://www.amazon.com/dp/B001683NAO?tag=eloabder-20&linkCode=osi&th=1&psc=1"><img src="https://m.media-amazon.com/images/I/31cwr-m138L._SL500_.jpg" alt="Product Image"></a><p>BEACON 3-in-1 Advanced Craft Glue - Fast-Drying, Crystal Clear Adhesive for Wood, Ceramics, Fabrics, and More, 4-Ounce</p><p>$8.99 ($2.25 / Fl Oz)</p><a href="https://www.amazon.com/dp/B001683NAO?tag=eloabder-20&linkCode=osi&th=1&psc=1">View Product</a></div><div class="product"><a href="https://www.amazon.com/dp/B0C5CB2KCT?tag=eloabder-20&linkCode=osi&th=1&psc=1"><img src="https://m.media-amazon.com/images/I/51GvFpuq9BL._SL500_.jpg" alt="Product Image"></a><p>B-7000 Craft Glue for Jewelry Making - 15ml/0.5oz (2 Pack) - Multi-Function B-7000 Super Adhesive Glues Liquid Fusion Glue for Rhinestones Crafts, Clothes Shoes, Fabric, Jewelry Making, Cell Phones</p><p>$5.99</p><a href="https://www.amazon.com/dp/B0C5CB2KCT?tag=eloabder-20&linkCode=osi&th=1&psc=1">View Product</a></div><div class="product"><a href="https://www.amazon.com/dp/B0011N832C?tag=eloabder-20&linkCode=osi&th=1&psc=1"><img src="https://m.media-amazon.com/images/I/41VYA3-u1QL._SL500_.jpg" alt="Product Image"></a><p>Glue Dots, Craft Dots, Double-Sided, 1/2", .5 Inch, 200 Dots, DIY Craft Glue Tape, Sticky Adhesive Glue Points, Liquid Hot Glue Alternative, Clear</p><p>$4.88 ($0.02 / Count)</p><a href="https://www.amazon.com/dp/B0011N832C?tag=eloabder-20&linkCode=osi&th=1&psc=1">View Product</a></div>
<div class="product"><a href="https://www.amazon.com/dp/B07V3HLBVF?tag=eloabder-20&linkCode=osi&th=1&psc=1"><img src="https://m.media-amazon.com/images/I/41siDRjPEoL._SL500_.jpg" alt="Product Image"></a><p>bagmad 100 Pack 8x4.75x10 inch Plain Medium Paper Bags with Handles Bulk, Brown Kraft Bags, Craft Gift Bags, Grocery Shopping Retail Bags, Birthday Party Favors Wedding Bags Sacks (Brown, 100pcs)</p><p>$26.46 ($0.26 / Count)</p><a href="https://www.amazon.com/dp/B07V3HLBVF?tag=eloabder-20&linkCode=osi&th=1&psc=1">View Product</a></div><div class="product"><a href="https://www.amazon.com/dp/B07MLM81VG?tag=eloabder-20&linkCode=osi&th=1&psc=1"><img src="https://m.media-amazon.com/images/I/31j9z9qZ3mL._SL500_.jpg" alt="Product Image"></a><p>Qutuus Kraft Paper Bags with Handles Bulk 8x4.5x10 100 pcs Brown Paper Gift Bags Bulk Medium Size Kraft Bags, Brown Bags, Shopping Bags, Retail Bags, Craft Bags for Small Business</p><p>$25.99</p><a href="https://www.amazon.com/dp/B07MLM81VG?tag=eloabder-20&linkCode=osi&th=1&psc=1">View Product</a></div><div class="product"><a href="https://www.amazon.com/dp/B0CJ8PHN2Z?tag=eloabder-20&linkCode=osi&th=1&psc=1"><img src="https://m.media-amazon.com/images/I/41e7VEiBNIL._SL500_.jpg" alt="Product Image"></a><p>100 Pack 5.8x3.2x8.25 Inch Brown Kraft Paper Gift Bags with Handles - Bulk Small Plain Natural Bags for Birthday Party Favors, Grocery, Retail Shopping, Wedding, Craft, Goody, Takeouts, and Business</p><p>$18.99</p><a href="https://www.amazon.com/dp/B0CJ8PHN2Z?tag=eloabder-20&linkCode=osi&th=1&psc=1">View Product</a></div><div class="product"><a href="https://www.amazon.com/dp/B0BWMY43TD?tag=eloabder-20&linkCode=osi&th=1&psc=1"><img src="https://m.media-amazon.com/images/I/41FVul0hWRL._SL500_.jpg" alt="Product Image"></a><p>Brothersbox Brown Paper Bags with Handles Bulk 100PCS Kraft Paper Bags, 8 * 4.76 * 10 Inch Medium Craft Paper Gift Bags for Birthday Party Grocery Retail Shopping Business</p><p>$24.99</p><a href="https://www.amazon.com/dp/B0BWMY43TD?tag=eloabder-20&linkCode=osi&th=1&psc=1">View Product</a></div><div class="product"><a href="https://www.amazon.com/dp/B0C13GRG4D?tag=eloabder-20&linkCode=osi&th=1&psc=1"><img src="https://m.media-amazon.com/images/I/41L33B24HtL._SL500_.jpg" alt="Product Image"></a><p>Toovip 90 Pack Plain Brown Kraft Paper Bags with Handles Bulk, Multiple 3 Assorted Sizes Gift Bags for Favors Grocery Retail Party Birthday Shopping Business Goody Craft Merchandise Take Out Sacks</p><p>$26.99 ($0.30 / Count)</p><a href="https://www.amazon.com/dp/B0C13GRG4D?tag=eloabder-20&linkCode=osi&th=1&psc=1">View Product</a></div><div class="product"><a href="https://www.amazon.com/dp/B09Z2N3QKT?tag=eloabder-20&linkCode=osi&th=1&psc=1"><img src="https://m.media-amazon.com/images/I/416VQ3Ke3PL._SL500_.jpg" alt="Product Image"></a><p>Moretoes 40pcs Brown Paper Bags with Handles Assorted Size Gift Bags, Kraft Paper Bags, Paper Shopping Bags, Craft Bags, Merchandise Bags</p><p>$20.99</p><a href="https://www.amazon.com/dp/B09Z2N3QKT?tag=eloabder-20&linkCode=osi&th=1&psc=1">View Product</a></div><div class="product"><a href="https://www.amazon.com/dp/B0CHMTKBWS?tag=eloabder-20&linkCode=osi&th=1&psc=1"><img src="https://m.media-amazon.com/images/I/31QBYQW7LOL._SL500_.jpg" alt="Product Image"></a><p>Oikss 100 Pack 10x5x13 Plain Natural Brown Kraft Paper Bags with Handles Bulk for Birthday Party Favors Grocery Retail Shopping Business Goody Recycled Craft Gift Bags (Large Size, 100 Count)</p><p>$30.99</p><a href="https://www.amazon.com/dp/B0CHMTKBWS?tag=eloabder-20&linkCode=osi&th=1&psc=1">View Product</a></div><div class="product"><a href="https://www.amazon.com/dp/B0CRD6RXP3?tag=eloabder-20&linkCode=osi&th=1&psc=1"><img src="https://m.media-amazon.com/images/I/51lEnA2mgNL._SL500_.jpg" alt="Product Image"></a><p>XPCARE 100Pack Brown Paper Bags 8x4.5x10 Inch, Plain Medium Paper Bags with Handles Bulk, Kraft Paper Gift Bags, Retail Bags, Party Bags, Shopping Bags, Favor Bags</p><p>$19.99</p><a href="https://www.amazon.com/dp/B0CRD6RXP3?tag=eloabder-20&linkCode=osi&th=1&psc=1">View Product</a></div><div class="product"><a href="https://www.amazon.com/dp/B07V3J3Y5V?tag=eloabder-20&linkCode=osi&th=1&psc=1"><img src="https://m.media-amazon.com/images/I/41wn1f3QStL._SL500_.jpg" alt="Product Image"></a><p>bagmad 100 Pack 5.25x3.25x8 inch Brown Small Paper Bags with Handles Bulk, Gift Paper Bags, Kraft Birthday Party Favors Grocery Retail Shopping Craft Bags Takeouts Business (Plain Natural 100pcs)</p><p>$20.99 ($0.21 / Count)</p><a href="https://www.amazon.com/dp/B07V3J3Y5V?tag=eloabder-20&linkCode=osi&th=1&psc=1">View Product</a></div><div class="product"><a href="https://www.amazon.com/dp/B09HBN5248?tag=eloabder-20&linkCode=osi&th=1&psc=1"><img src="https://m.media-amazon.com/images/I/41iWymlepRL._SL500_.jpg" alt="Product Image"></a><p>Oikss 100 Pack 5.25x3.25x8.25 Inch Small Plain Natural Paper Kraft Gift Bags with Handles Bulk for Birthday Party Favors Grocery Retail Shopping Business Goody Craft Bags Cub (Brown 100 Count)</p><p>$20.99 ($0.21 / Count)</p><a href="https://www.amazon.com/dp/B09HBN5248?tag=eloabder-20&linkCode=osi&th=1&psc=1">View Product</a></div>
<div class="product"><a href="https://www.amazon.com/dp/B09C1YL7RQ?tag=eloabder-20&linkCode=osi&th=1&psc=1"><img src="https://m.media-amazon.com/images/I/615lFU8obCL._SL500_.jpg" alt="Product Image"></a><p>1000+ pcs Pony Beads, Multi-Colored Bracelet Beads for Hair Braids, Crafts, Plastic Beads (Medium Pack, Classic)…</p><p>$6.99 ($0.01 / Count)</p><a href="https://www.amazon.com/dp/B09C1YL7RQ?tag=eloabder-20&linkCode=osi&th=1&psc=1">View Product</a></div>
<div class="product"><a href="https://www.amazon.com/dp/B0C1RC5Y7F?tag=eloabder-20&linkCode=osi&th=1&psc=1"><img src="https://m.media-amazon.com/images/I/41Sf-YEnE+L._SL500_.jpg" alt="Product Image"></a><p>PerkHomy Brown Kraft Paper Roll 17.5" x 1,200" (100') for Gift Wrapping Bulletin Board Kids Craft Art Bouquet Flower Packing Moving Shipping Floor Covering Table 70GSM 50LB (Brown, 17.5" x 100')</p><p>$5.98</p><a href="https://www.amazon.com/dp/B0C1RC5Y7F?tag=eloabder-20&linkCode=osi&th=1&psc=1">View Product</a></div>
<div class="product"><a href="https://www.amazon.com/dp/B0044SA67G?tag=eloabder-20&linkCode=osi&th=1&psc=1"><img src="https://m.media-amazon.com/images/I/51UEqn6-w3L._SL500_.jpg" alt="Product Image"></a><p>Hygloss Products - 77640 Colorful Blank Books – Books for Journaling, Sketching, Writing & More – Great for Arts & Crafts - 10 Assorted Bright, Fun Colors - Pocket-Size - 4.25 x 5.5 Inches - 10 Pack</p><p>$8.18 ($0.82 / Count)</p><a href="https://www.amazon.com/dp/B0044SA67G?tag=eloabder-20&linkCode=osi&th=1&psc=1">View Product</a></div><div class="product"><a href="https://www.amazon.com/dp/B09WQCHK3M?tag=eloabder-20&linkCode=osi&th=1&psc=1"><img src="https://m.media-amazon.com/images/I/61JMYPiYGRL._SL500_.jpg" alt="Product Image"></a><p>Aigybobo Origami Paper Set, 308PCS Kids Craft Paper Kit with Instructional Book for Girls Age 6,7,8,9,10,11,12, Art Projects Supplies for School Class Craft Lessons- Christmas Gifts for Boys&Girls</p><p>$12.99</p><a href="https://www.amazon.com/dp/B09WQCHK3M?tag=eloabder-20&linkCode=osi&th=1&psc=1">View Product</a></div><div class="product"><a href="https://www.amazon.com/dp/B00I7E56NC?tag=eloabder-20&linkCode=osi&th=1&psc=1"><img src="https://m.media-amazon.com/images/I/21cxSReF5yL._SL500_.jpg" alt="Product Image"></a><p>Hygloss Products White Blank Books – Great Books for Journaling, Sketching, Writing & More – Fun for Arts & Crafts - Pocket-size - 4.25 x 5.5 Inches - 10 Pack</p><p>$13.00</p><a href="https://www.amazon.com/dp/B00I7E56NC?tag=eloabder-20&linkCode=osi&th=1&psc=1">View Product</a></div><div class="product"><a href="https://www.amazon.com/dp/B07YGRCXVT?tag=eloabder-20&linkCode=osi&th=1&psc=1"><img src="https://m.media-amazon.com/images/I/51Oxy0SqbES._SL500_.jpg" alt="Product Image"></a><p>Origami Paper | 350 Origami Paper Kit | Set Includes - 300 Sheets 20 Colors 6x6 | 50 Traditional Japanese Patterns | Origami Book 25 Easy Colored Projects | Kids Crafts | Christmas Gifts for boys 8-12</p><p>$17.99</p><a href="https://www.amazon.com/dp/B07YGRCXVT?tag=eloabder-20&linkCode=osi&th=1&psc=1">View Product</a></div><div class="product"><a href="https://www.amazon.com/dp/B07VDCVN3T?tag=eloabder-20&linkCode=osi&th=1&psc=1"><img src="https://m.media-amazon.com/images/I/516u8vopNML._SL500_.jpg" alt="Product Image"></a><p>Gamenote Colorful Origami Kit for Kids 54 Projects 120 Double Sided Origami Paper 12 Sheets Practice Papers Instructional Origami Book Origami Gift for 4+ Girls Boys Adult Beginners Training Craft</p><p>$11.99</p><a href="https://www.amazon.com/dp/B07VDCVN3T?tag=eloabder-20&linkCode=osi&th=1&psc=1">View Product</a></div>



<div class="product"><a href="https://www.amazon.com/dp/B01GCLS32M?tag=eloabder-20&linkCode=osi&th=1&psc=1"><img src="https://m.media-amazon.com/images/I/51xf1ALKGyL._SL500_.jpg" alt="Product Image"></a><p>42pcs Felt Fabric Sheet 4"x4" Assorted Color DIY Craft Squares Nonwoven 1mm Thick</p><p>$6.68</p><a href="https://www.amazon.com/dp/B01GCLS32M?tag=eloabder-20&linkCode=osi&th=1&psc=1">View Product</a></div><div class="product"><a href="https://www.amazon.com/dp/B0CY56NFL7?tag=eloabder-20&linkCode=osi&th=1&psc=1"><img src="https://m.media-amazon.com/images/I/51jZtTDxNCL._SL500_.jpg" alt="Product Image"></a><p>XSEINO 12 Rolls 8"x35"(20.5x90cm) 1.4mm Thick Soft Felt Fabric Sheet 12 Assorted Colors Felt Pack for DIY Craft Sewing Squares Nonwoven Patchwork</p><p>$11.99</p><a href="https://www.amazon.com/dp/B0CY56NFL7?tag=eloabder-20&linkCode=osi&th=1&psc=1">View Product</a></div><div class="product"><a href="https://www.amazon.com/dp/B07VHMT14L?tag=eloabder-20&linkCode=osi&th=1&psc=1"><img src="https://m.media-amazon.com/images/I/61DSrnEAvjL._SL500_.jpg" alt="Product Image"></a><p>150Pcs 4" x 4" (10cm x 10cm) Cotton Craft Fabric Bundle Squares,Squares Sheets Patchwork,Pre-Cut Quilt Squares,DIY Sewing Quarters Bundle,Quilting Fabric Bundles</p><p>$9.99</p><a href="https://www.amazon.com/dp/B07VHMT14L?tag=eloabder-20&linkCode=osi&th=1&psc=1">View Product</a></div><div class="product"><a href="https://www.amazon.com/dp/B08GJHYMGN?tag=eloabder-20&linkCode=osi&th=1&psc=1"><img src="https://m.media-amazon.com/images/I/51wD1FT1eeL._SL500_.jpg" alt="Product Image"></a><p>50pcs 8 x 8 inches Multicolor Cotton Fabric Bundle Squares for Quilting Sewing, Precut Fabric Squares for Craft Patchwork</p><p>$13.77</p><a href="https://www.amazon.com/dp/B08GJHYMGN?tag=eloabder-20&linkCode=osi&th=1&psc=1">View Product</a></div><div class="product"><a href="https://www.amazon.com/dp/B0C6K98T96?tag=eloabder-20&linkCode=osi&th=1&psc=1"><img src="https://m.media-amazon.com/images/I/51M-+hitpAL._SL500_.jpg" alt="Product Image"></a><p>42pcs 6 x 6 inches Felt Fabric Sheets - Fabrics DIY Craftwork Sewing Patchwork, Felt Crafts Assorted Colour Polyester Felt Sheet for Art and Craft</p><p>$4.99</p><a href="https://www.amazon.com/dp/B0C6K98T96?tag=eloabder-20&linkCode=osi&th=1&psc=1">View Product</a></div><div class="product"><a href="https://www.amazon.com/dp/B0C9BYD9ND?tag=eloabder-20&linkCode=osi&th=1&psc=1"><img src="https://m.media-amazon.com/images/I/418r7XqmEKL._SL500_.jpg" alt="Product Image"></a><p>40Pcs Felt Fabric Sheets - 4x4 inch DIY Craft Felt, 1mm Thick Non-Woven Patchwork Material for School Projects & Decoration - 40 Assorted Colors (10 x 10cm)</p><p>$4.99</p><a href="https://www.amazon.com/dp/B0C9BYD9ND?tag=eloabder-20&linkCode=osi&th=1&psc=1">View Product</a></div><div class="product"><a href="https://www.amazon.com/dp/B0BWRN4RHP?tag=eloabder-20&linkCode=osi&th=1&psc=1"><img src="https://m.media-amazon.com/images/I/51HHQcV3njL._SL500_.jpg" alt="Product Image"></a><p>Large Stiff Felt Sheets Bundle: LOTOFUN 10pcs 8x35Inch Assorted Rainbow Color Felts Sheet for Kids Crafts Squares Nonwoven Patchwork DIY Sewing</p><p>$11.99</p><a href="https://www.amazon.com/dp/B0BWRN4RHP?tag=eloabder-20&linkCode=osi&th=1&psc=1">View Product</a></div>
<div class="product"><a href="https://www.amazon.com/dp/B003U6QIUC?tag=eloabder-20&linkCode=osi&th=1&psc=1"><img src="https://m.media-amazon.com/images/I/51PyPJgIPlL._SL500_.jpg" alt="Product Image"></a><p>School Smart 85836 Maribu Feathers - 1/2 Ounce - Set of 150 - Assorted Colors</p><p>$3.52</p><a href="https://www.amazon.com/dp/B003U6QIUC?tag=eloabder-20&linkCode=osi&th=1&psc=1">View Product</a></div>
<div class="product"><a href="https://www.amazon.com/dp/B089DPDYKV?tag=eloabder-20&linkCode=osi&th=1&psc=1"><img src="https://m.media-amazon.com/images/I/51L58by1dXL._SL500_.jpg" alt="Product Image"></a><p>Better Office Products 100 Pack EVA Foam Sheets, 5.5 x 8.5 Inch, Assorted Colors (20 Colors), 2mm Thick, for Arts and Crafts, 100 Sheets</p><p>$13.99 ($0.14 / Count)</p><a href="https://www.amazon.com/dp/B089DPDYKV?tag=eloabder-20&linkCode=osi&th=1&psc=1">View Product</a></div><div class="product"><a href="https://www.amazon.com/dp/B08YXYN327?tag=eloabder-20&linkCode=osi&th=1&psc=1"><img src="https://m.media-amazon.com/images/I/41VfV+-ZFTL._SL500_.jpg" alt="Product Image"></a><p>EVA Foam Cosplay - 2mm (1mm to 10mm) - Black or White - 14" x 39" Sheet - Ultra High Density Craft Foam 85 kg/m3 - by The Foamory</p><p>$14.99</p><a href="https://www.amazon.com/dp/B08YXYN327?tag=eloabder-20&linkCode=osi&th=1&psc=1">View Product</a></div><div class="product"><a href="https://www.amazon.com/dp/B0CMTJDYRN?tag=eloabder-20&linkCode=osi&th=1&psc=1"><img src="https://m.media-amazon.com/images/I/310JuSzt+mL._SL500_.jpg" alt="Product Image"></a><p>Do²ping White Foam Sheets Crafts, 8.5x5.5 Inch Eva Craft Foam Paper for Crafts Project Classroom Scrapbook DIY Cosplay (White-10 Sheets)</p><p>$4.89 ($0.49 / Count)</p><a href="https://www.amazon.com/dp/B0CMTJDYRN?tag=eloabder-20&linkCode=osi&th=1&psc=1">View Product</a></div><div class="product"><a href="https://www.amazon.com/dp/B0C8B6N9TG?tag=eloabder-20&linkCode=osi&th=1&psc=1"><img src="https://m.media-amazon.com/images/I/51j0TiXHCTL._SL500_.jpg" alt="Product Image"></a><p>120 Pack EVA Foam Sheets, 8 x 6 Inch, 1mm Thick, Assorted 15 Colors Craft Foam Paper for School Supply and DIY Handcraft Projects</p><p>$15.99 ($0.13 / Count)</p><a href="https://www.amazon.com/dp/B0C8B6N9TG?tag=eloabder-20&linkCode=osi&th=1&psc=1">View Product</a></div>
<div class="product"><a href="https://www.amazon.com/dp/B01EK7LGH4?tag=eloabder-20&linkCode=osi&th=1&psc=1"><img src="https://m.media-amazon.com/images/I/41Xx+D+j6XL._SL500_.jpg" alt="Product Image"></a><p>Aleene's 3 Pack, 8 oz Tacky Glue, 8 FL OZ, Original Version 3 Count</p><p>$11.17 ($0.47 / Fl Oz)</p><a href="https://www.amazon.com/dp/B01EK7LGH4?tag=eloabder-20&linkCode=osi&th=1&psc=1">View Product</a></div><div class="product"><a href="https://www.amazon.com/dp/B0D59G56SG?tag=eloabder-20&linkCode=osi&th=1&psc=1"><img src="https://m.media-amazon.com/images/I/41BsDwUSwdL._SL500_.jpg" alt="Product Image"></a><p>4oz Craft Glue & Precision Tips, Strong Tacky Glue, Craft Glue Bottles with Fine Tip, Craft Glue Dry Clear, Fabric Glue Permanent for Paper Crafting Scrapbooking/Card Making/Etc</p><p>$8.58</p><a href="https://www.amazon.com/dp/B0D59G56SG?tag=eloabder-20&linkCode=osi&th=1&psc=1">View Product</a></div><div class="product"><a href="https://www.amazon.com/dp/B004DNX6EW?tag=eloabder-20&linkCode=osi&th=1&psc=1"><img src="https://m.media-amazon.com/images/I/51RkAeJv5hL._SL500_.jpg" alt="Product Image"></a><p>ELMERS CraftBond Extra Strength Glue Sticks, 6 Grams, 4 Count</p><p>$9.89 ($2.47 / Count)</p><a href="https://www.amazon.com/dp/B004DNX6EW?tag=eloabder-20&linkCode=osi&th=1&psc=1">View Product</a></div>
<div class="product"><a href="https://www.amazon.com/dp/B01ELWWX98?tag=eloabder-20&linkCode=osi&th=1&psc=1"><img src="https://m.media-amazon.com/images/I/51g67GhksOL._SL500_.jpg" alt="Product Image"></a><p>Maybe Swearing Will Help Adult Coloring Book Set - for Adults Relaxation with Markers in a Case - Motivational Swear Word Anxiety Relief - Color Cuss & Laugh Your Way to Less Stress</p><p>$24.99</p><a href="https://www.amazon.com/dp/B01ELWWX98?tag=eloabder-20&linkCode=osi&th=1&psc=1">View Product</a></div><div class="product"><a href="https://www.amazon.com/dp/B09X1YX59W?tag=eloabder-20&linkCode=osi&th=1&psc=1"><img src="https://m.media-amazon.com/images/I/61Cr68venIL._SL500_.jpg" alt="Product Image"></a><p>Hula Home Stained Glass Mandala Art Kit - DIY Window Clings with Markers, 10 Suncatchers - Perfect Hobby for Adults, Kids, Teens & Seniors - Ideal Gift for Beginners, Women & Elderly</p><p>$15.99</p><a href="https://www.amazon.com/dp/B09X1YX59W?tag=eloabder-20&linkCode=osi&th=1&psc=1">View Product</a></div><div class="product"><a href="https://www.amazon.com/dp/B0CGD74KX7?tag=eloabder-20&linkCode=osi&th=1&psc=1"><img src="https://m.media-amazon.com/images/I/51rNpMlv3wL._SL500_.jpg" alt="Product Image"></a><p>Shimmer Markers Outline Double Line: 12 Colors Metallic Glitter Pens Set Sparkle Kid Age 4 8 10 14 16 Year Old Gift Doodle Drawing Supplies Art Craft Teen Girl Cute Stuff Mother's Day Basket Ideas</p><p>$9.99</p><a href="https://www.amazon.com/dp/B0CGD74KX7?tag=eloabder-20&linkCode=osi&th=1&psc=1">View Product</a></div>

<div class="product"><a href="https://www.amazon.com/dp/B08395C5GC?tag=eloabder-20&linkCode=osi&th=1&psc=1"><img src="https://m.media-amazon.com/images/I/61OgJOjMgQL._SL500_.jpg" alt="Product Image"></a><p>hapray Origami Kit 144 sheets Origami Paper for Kids 72 Patterns with Craft Guiding Book</p><p>$13.97</p><a href="https://www.amazon.com/dp/B08395C5GC?tag=eloabder-20&linkCode=osi&th=1&psc=1">View Product</a></div><div class="product"><a href="https://www.amazon.com/dp/B098WP659T?tag=eloabder-20&linkCode=osi&th=1&psc=1"><img src="https://m.media-amazon.com/images/I/61D4gTo+S1L._SL500_.jpg" alt="Product Image"></a><p>pigipigi Craft Origami Paper for Kids - 208 Sheets Vivid Colorful Folding Papers 54 Patterns Art Projects Kit for 5 6 7 8 9 10 11 12 Years Old Girl Boy Teen Birthday Gift Preschool Educational Toy</p><p>$11.99</p><a href="https://www.amazon.com/dp/B098WP659T?tag=eloabder-20&linkCode=osi&th=1&psc=1">View Product</a></div>
<div class="product"><a href="https://www.amazon.com/dp/B08TWGWRG4?tag=eloabder-20&linkCode=osi&th=1&psc=1"><img src="https://m.media-amazon.com/images/I/51KMwCTx2eL._SL500_.jpg" alt="Product Image"></a><p>Homum 200pcs Premium Gift Tags with 200 Root Natural Jute Twine, Double-Sided Available Kraft Paper Price Tags, Craft Tags Labels Jewelry Tags with String for Wedding Christmas Day Thanksgiving</p><p>$5.99</p><a href="https://www.amazon.com/dp/B08TWGWRG4?tag=eloabder-20&linkCode=osi&th=1&psc=1">View Product</a></div><div class="product"><a href="https://www.amazon.com/dp/B0BNG993ZV?tag=eloabder-20&linkCode=osi&th=1&psc=1"><img src="https://m.media-amazon.com/images/I/51xRPDQUVHL._SL500_.jpg" alt="Product Image"></a><p>200 Pack 2.2 Inch Wood Tags with Hole and Twine, Clipped Corner Rectangle Wooden Gifts Tag for Crafts Unfinished Labels (1.2x2.2 in)</p><p>$9.99 ($0.05 / Count)</p><a href="https://www.amazon.com/dp/B0BNG993ZV?tag=eloabder-20&linkCode=osi&th=1&psc=1">View Product</a></div><div class="product"><a href="https://www.amazon.com/dp/B07N1T58K9?tag=eloabder-20&linkCode=osi&th=1&psc=1"><img src="https://m.media-amazon.com/images/I/41dUfeOE8BL._SL500_.jpg" alt="Product Image"></a><p>2.5" x 3" Vintage Frame Brown Kraft Present Tag Sticker / 250 Present Labels/Canning Packaging Organization Label/Made in The USA</p><p>$15.99</p><a href="https://www.amazon.com/dp/B07N1T58K9?tag=eloabder-20&linkCode=osi&th=1&psc=1">View Product</a></div>
<div class="product"><a href="https://www.amazon.com/dp/B08Y8YRXVQ?tag=eloabder-20&linkCode=osi&th=1&psc=1"><img src="https://m.media-amazon.com/images/I/51DyT7Dd1BL._SL500_.jpg" alt="Product Image"></a><p>72 Pieces Craft Magnets Glass Ceramic Ferrite Magnet with Adhesive Backing and Transparent Clear Glass Cabochons for DIY Craft Fridge Refrigerator Magnets Pendants(Round,1 Inch)</p><p>$12.99 ($0.18 / Count)</p><a href="https://www.amazon.com/dp/B08Y8YRXVQ?tag=eloabder-20&linkCode=osi&th=1&psc=1">View Product</a></div><div class="product"><a href="https://www.amazon.com/dp/B07XDC7FP9?tag=eloabder-20&linkCode=osi&th=1&psc=1"><img src="https://m.media-amazon.com/images/I/41JKgogWT9L._SL500_.jpg" alt="Product Image"></a><p>Magnetic Dots - Self Adhesive Magnet Dots (0.8" x 0.8") - Classroom Must Have Peel & Stick Magnetic Circles - Flexible Sticky Magnets - Sheets is Alternative, Stickers, Strip, Magnetic Tape (120 Pcs)</p><p>$17.99</p><a href="https://www.amazon.com/dp/B07XDC7FP9?tag=eloabder-20&linkCode=osi&th=1&psc=1">View Product</a></div><div class="product"><a href="https://www.amazon.com/dp/B0CSS92G7H?tag=eloabder-20&linkCode=osi&th=1&psc=1"><img src="https://m.media-amazon.com/images/I/51HRyW91ivL._SL500_.jpg" alt="Product Image"></a><p>116pcs Craft Magnets Glass Ceramic Ferrite Magnet with Adhesive Backing and Clear Glass Cabochons for DIY Craft Fridge Refrigerator Magnets (Round,1 Inch,58 Sets)</p><p>$11.96</p><a href="https://www.amazon.com/dp/B0CSS92G7H?tag=eloabder-20&linkCode=osi&th=1&psc=1">View Product</a></div><div class="product"><a href="https://www.amazon.com/dp/B09WCXS3NV?tag=eloabder-20&linkCode=osi&th=1&psc=1"><img src="https://m.media-amazon.com/images/I/51jUQGCcMPL._SL500_.jpg" alt="Product Image"></a><p>DIYMAG Magnetic Adhesive Sheets, |4" x 6"|, 10 Pack Cuttable, Flexible magnet sheets with adhesive for Crafts, Photos, Easy Peel and Stick</p><p>$5.99 ($0.60 / Count)</p><a href="https://www.amazon.com/dp/B09WCXS3NV?tag=eloabder-20&linkCode=osi&th=1&psc=1">View Product</a></div><div class="product"><a href="https://www.amazon.com/dp/B08MVRBN2C?tag=eloabder-20&linkCode=osi&th=1&psc=1"><img src="https://m.media-amazon.com/images/I/51YQW8Hbf3S._SL500_.jpg" alt="Product Image"></a><p>Round Magnets with Adhesive Backing, 120 Pieces Magnet Circles (Diameter 0.8’” x 0.08”) on 4 Tape Sheets, with 3M Strong Adhesive Backing. Perfect for DIY, Art Projects, whiteboards & Fridge</p><p>$10.95</p><a href="https://www.amazon.com/dp/B08MVRBN2C?tag=eloabder-20&linkCode=osi&th=1&psc=1">View Product</a></div><div class="product"><a href="https://www.amazon.com/dp/B0CJHYN7K2?tag=eloabder-20&linkCode=osi&th=1&psc=1"><img src="https://m.media-amazon.com/images/I/51ZowdEZwbL._SL500_.jpg" alt="Product Image"></a><p>124pcs Craft Magnets Glass w Adhesive Backing and Transparent Clear Glass Cabochons DIY Craft Fridge Magnets Sticker for Refrigerator(62 Sets,1 Inch)</p><p>$13.99 ($0.23 / Count)</p><a href="https://www.amazon.com/dp/B0CJHYN7K2?tag=eloabder-20&linkCode=osi&th=1&psc=1">View Product</a></div><div class="product"><a href="https://www.amazon.com/dp/B09BBHBZMG?tag=eloabder-20&linkCode=osi&th=1&psc=1"><img src="https://m.media-amazon.com/images/I/51kT5DaZIPL._SL500_.jpg" alt="Product Image"></a><p>Mr. Pen- Adhesive Magnetic Sheets, 4" x 6", 10 Pack, with Adhesive Backing, Flexible Picture Magnets, Cuttable Magnetic Sheets.</p><p>$5.85</p><a href="https://www.amazon.com/dp/B09BBHBZMG?tag=eloabder-20&linkCode=osi&th=1&psc=1">View Product</a></div><div class="product"><a href="https://www.amazon.com/dp/B07V4STWPV?tag=eloabder-20&linkCode=osi&th=1&psc=1"><img src="https://m.media-amazon.com/images/I/51g56RBuH8L._SL500_.jpg" alt="Product Image"></a><p>Magnetic Sheets with Adhesive Backing - Each 4" x 6" - Flexible Magnetic Paper with Strong Self Adhesive - Sticky Magnet Sheets for Photo and Picture Magnets, Stickers and Other Craft Magnets</p><p>$5.99 ($0.60 / Count)</p><a href="https://www.amazon.com/dp/B07V4STWPV?tag=eloabder-20&linkCode=osi&th=1&psc=1">View Product</a></div>
<div class="product"><a href="https://www.amazon.com/dp/B09VCYS41G?tag=eloabder-20&linkCode=osi&th=1&psc=1"><img src="https://m.media-amazon.com/images/I/61bdWXYPddL._SL500_.jpg" alt="Product Image"></a><p>Betem 24 Colors Dual Tip Acrylic Paint Pens Markers, Premium Acrylic Paint Pens for Wood, Canvas, Stone, Rock Painting, Glass, Ceramic Surfaces, DIY Crafts Making Art Supplies</p><p>$11.99</p><a href="https://www.amazon.com/dp/B09VCYS41G?tag=eloabder-20&linkCode=osi&th=1&psc=1">View Product</a></div><div class="product"><a href="https://www.amazon.com/dp/B0BN7WJFPR?tag=eloabder-20&linkCode=osi&th=1&psc=1"><img src="https://m.media-amazon.com/images/I/51vvJ6c6MPL._SL500_.jpg" alt="Product Image"></a><p>24 Colors Acrylic Paint Pens, Dual Tip Acrylic Paint Markers with Brush Tip and Fine Tip, Acrylic Pens for Rock Painting, Wood, Canvas, Stone, Glass, Ceramic,DIY Crafts Making Art Supplies</p><p>$9.99</p><a href="https://www.amazon.com/dp/B0BN7WJFPR?tag=eloabder-20&linkCode=osi&th=1&psc=1">View Product</a></div><div class="product"><a href="https://www.amazon.com/dp/B0CX1BD86P?tag=eloabder-20&linkCode=osi&th=1&psc=1"><img src="https://m.media-amazon.com/images/I/51w2YBDoYfL._SL500_.jpg" alt="Product Image"></a><p>TBC The Best Crafts 24 Colors Dual Tip Acrylic Paint Markers,Waterproof, Non-Toxic, odorless, Suitable for Paper, Pottery, Stones, Backpacks, Glass</p><p>$9.99</p><a href="https://www.amazon.com/dp/B0CX1BD86P?tag=eloabder-20&linkCode=osi&th=1&psc=1">View Product</a></div><div class="product"><a href="https://www.amazon.com/dp/B09SWJRSSX?tag=eloabder-20&linkCode=osi&th=1&psc=1"><img src="https://m.media-amazon.com/images/I/61OthBr2r9L._SL500_.jpg" alt="Product Image"></a><p>Acrylic Paint Pens Paint Markers Set of 18: Fine Point for Rock Painting Glass Wood Ceramic Fabric Metal Canvas Easter Eggs Pumpkin Kit, Drawing Art Crafts for Adults Scrapbooking Supplies</p><p>$10.99</p><a href="https://www.amazon.com/dp/B09SWJRSSX?tag=eloabder-20&linkCode=osi&th=1&psc=1">View Product</a></div><div class="product"><a href="https://www.amazon.com/dp/B09H2JRV1Y?tag=eloabder-20&linkCode=osi&th=1&psc=1"><img src="https://m.media-amazon.com/images/I/511FMxcdCzL._SL500_.jpg" alt="Product Image"></a><p>IVSUN 24 Colors Premium Extra Fine Point Acrylic Paint Marker Pens for Wood, Canvas, Stone, Rock Painting, Glass, Ceramic Surfaces, DIY Crafts Making Art Supplies (24PCS (0.7mm))</p><p>$8.99</p><a href="https://www.amazon.com/dp/B09H2JRV1Y?tag=eloabder-20&linkCode=osi&th=1&psc=1">View Product</a></div><div class="product"><a href="https://www.amazon.com/dp/B0BN8CW9ZY?tag=eloabder-20&linkCode=osi&th=1&psc=1"><img src="https://m.media-amazon.com/images/I/51n2byYcjqL._SL500_.jpg" alt="Product Image"></a><p>Acrylic Paint Pens Markers, 24 Colors Dual Tip Acrylic Paint Pens for Rock Painting, Wood, Canvas, Stone, Glass, Ceramic Surfaces, DIY Crafts Making Art Supplies (Round Tip and Fine Tip)</p><p>$9.99</p><a href="https://www.amazon.com/dp/B0BN8CW9ZY?tag=eloabder-20&linkCode=osi&th=1&psc=1">View Product</a></div><div class="product"><a href="https://www.amazon.com/dp/B07DB1TVND?tag=eloabder-20&linkCode=osi&th=1&psc=1"><img src="https://m.media-amazon.com/images/I/51KvMUBvqRL._SL500_.jpg" alt="Product Image"></a><p>JR.WHITE Acrylic Paint Pens Paint Markers for Rock Painting, Canvas, Wood, Glass, Fabric, Metal, Plastic, Arts Crafts Easter Eggs, Pumpkin, Scrapbooking Supplies, Graffiti Markers for Adults Kids</p><p>$11.19 ($0.93 / Count )</p><a href="https://www.amazon.com/dp/B07DB1TVND?tag=eloabder-20&linkCode=osi&th=1&psc=1">View Product</a></div><div class="product"><a href="https://www.amazon.com/dp/B07M6Y4FXZ?tag=eloabder-20&linkCode=osi&th=1&psc=1"><img src="https://m.media-amazon.com/images/I/61wQ1qJutWL._SL500_.jpg" alt="Product Image"></a><p>AROIC Paint Pens Paint Markers, 16 colors Oil-Based Waterproof Paint Marker Pen Set On Rock, Wood, Fabric, Metal, Plastic, Glass, Canvas, Mugs, Waterproof, DIY Craft and More</p><p>$11.99</p><a href="https://www.amazon.com/dp/B07M6Y4FXZ?tag=eloabder-20&linkCode=osi&th=1&psc=1">View Product</a></div>

<div class="product"><a href="https://www.amazon.com/dp/B0BQTYYVZH?tag=eloabder-20&linkCode=osi&th=1&psc=1"><img src="https://m.media-amazon.com/images/I/31i9+BVpDCL._SL500_.jpg" alt="Product Image"></a><p>Vanhench Brown Wrapping Paper, Craft Paper, Kraft Paper 17.5"x 1200"(100'), Gift Wrapping Bulletin Board Arts & Crafts, Bouquet Flower Table Covering Poster Packing Shipping Moving Supplies 65GSM 45LB</p><p>$5.98</p><a href="https://www.amazon.com/dp/B0BQTYYVZH?tag=eloabder-20&linkCode=osi&th=1&psc=1">View Product</a></div><div class="product"><a href="https://www.amazon.com/dp/B0CQZ1TYX9?tag=eloabder-20&linkCode=osi&th=1&psc=1"><img src="https://m.media-amazon.com/images/I/41RknmvlWSL._SL500_.jpg" alt="Product Image"></a><p>PerkHomy 36" x 2,400" (200') Brown Kraft Paper Roll for Gift Wrapping Bulletin Board Bouquet Flower Kids Wall Art Craft Packing Moving Shipping Parcel Postal Floor Covering Table Runner 70GSM 50LB</p><p>$30.99 ($0.05 / Sq Ft)</p><a href="https://www.amazon.com/dp/B0CQZ1TYX9?tag=eloabder-20&linkCode=osi&th=1&psc=1">View Product</a></div><div class="product"><a href="https://www.amazon.com/dp/B0C743LQ3M?tag=eloabder-20&linkCode=osi&th=1&psc=1"><img src="https://m.media-amazon.com/images/I/21HvZSNwJML._SL500_.jpg" alt="Product Image"></a><p>White Wrapping Paper Craft Paper Kraft Paper Roll 15" x 450", Bulletin Board Paper Roll, Arts & Crafts, Gift Wrapping Moving Packing Painting Drawing Paint Easel Poster Chart Paper, Kids Art Supplies</p><p>$4.99 ($0.11 / Sq Ft)</p><a href="https://www.amazon.com/dp/B0C743LQ3M?tag=eloabder-20&linkCode=osi&th=1&psc=1">View Product</a></div><div class="product"><a href="https://www.amazon.com/dp/B0D14FL3DF?tag=eloabder-20&linkCode=osi&th=1&psc=1"><img src="https://m.media-amazon.com/images/I/31IQZPHBHfL._SL500_.jpg" alt="Product Image"></a><p>SMART&CASUAL 15" x 450" (37.5') Kraft Paper Roll for Art Craft Supplies Gift Wrapping Moving Packing Kids Painting Drawing Paint Easel Poster Chart Paper (White, 15"W x 450"L (37.5'))</p><p>$4.98</p><a href="https://www.amazon.com/dp/B0D14FL3DF?tag=eloabder-20&linkCode=osi&th=1&psc=1">View Product</a></div><div class="product"><a href="https://www.amazon.com/dp/B0CX5D7W62?tag=eloabder-20&linkCode=osi&th=1&psc=1"><img src="https://m.media-amazon.com/images/I/31+skUeyllL._SL500_.jpg" alt="Product Image"></a><p>SMART&CASUAL 17.8"×1,200"(100') Brown Kraft Wrapping Paper for Craft Gift Bulletin Board Bouquet Flower Table Covering Packing Shipping Moving 70GSM 50LB</p><p>$7.98</p><a href="https://www.amazon.com/dp/B0CX5D7W62?tag=eloabder-20&linkCode=osi&th=1&psc=1">View Product</a></div><div class="product"><a href="https://www.amazon.com/dp/B0C2P7FGFM?tag=eloabder-20&linkCode=osi&th=1&psc=1"><img src="https://m.media-amazon.com/images/I/31Mnush+a-L._SL500_.jpg" alt="Product Image"></a><p>Brown Packing Paper 15"×450"(38'), Brown Paper Roll, Art Craft Paper, Kraft Paper Roll for Moving Boxes Supplies, Gift Wrapping Bouquet Flower Paper, Poster Bulletin Board Paper, Arts and Crafts</p><p>$4.99</p><a href="https://www.amazon.com/dp/B0C2P7FGFM?tag=eloabder-20&linkCode=osi&th=1&psc=1">View Product</a></div><div class="product"><a href="https://www.amazon.com/dp/B0BNCBSZRR?tag=eloabder-20&linkCode=osi&th=1&psc=1"><img src="https://m.media-amazon.com/images/I/31NTgModxdL._SL500_.jpg" alt="Product Image"></a><p>Kraft Paper Sheets - 15 x 15 in. - 240 Sheets of Brown Wrapping Paper – Heavy Duty Craft Paper for Shipping - Light Brown Construction Paper - 80 GSM - 375 Square feet</p><p>$23.89 ($0.10 / Count)</p><a href="https://www.amazon.com/dp/B0BNCBSZRR?tag=eloabder-20&linkCode=osi&th=1&psc=1">View Product</a></div><div class="product"><a href="https://www.amazon.com/dp/B09J9ZGX8S?tag=eloabder-20&linkCode=osi&th=1&psc=1"><img src="https://m.media-amazon.com/images/I/31R819QZXxL._SL500_.jpg" alt="Product Image"></a><p>IDL Packaging 36" x 2160" (180 ft) Brown Kraft Paper Roll, 30 lbs - Quality Paper for Packing, Moving, Shipping, Crafts - 100% Recyclable Natural Kraft Wrapping Paper</p><p>$33.95 ($0.06 / Sq Ft)</p><a href="https://www.amazon.com/dp/B09J9ZGX8S?tag=eloabder-20&linkCode=osi&th=1&psc=1">View Product</a></div>
<div class="product"><a href="https://www.amazon.com/dp/B0BR9M5GT6?tag=eloabder-20&linkCode=osi&th=1&psc=1"><img src="https://m.media-amazon.com/images/I/61jKQSVpNKL._SL500_.jpg" alt="Product Image"></a><p>Drawdart 47 Pack Acrylic Paint Set, 36 Colors Art Painting Supplies for Canvas Wood Fabric Ceramic Crafts, Non Toxic & Rich Pigments for Artists & Hobby Painters, 2 fl oz / 60 ml Bottles</p><p>$24.99 ($0.35 / Fl Oz)</p><a href="https://www.amazon.com/dp/B0BR9M5GT6?tag=eloabder-20&linkCode=osi&th=1&psc=1">View Product</a></div><div class="product"><a href="https://www.amazon.com/dp/B006AT7P6M?tag=eloabder-20&linkCode=osi&th=1&psc=1"><img src="https://m.media-amazon.com/images/I/415ZwGErxOL._SL500_.jpg" alt="Product Image"></a><p>Apple Barrel Acrylic Paint in Assorted Colors (2 oz), 20501, Bright Red</p><p>$0.58 ($0.29 / Fl Oz)</p><a href="https://www.amazon.com/dp/B006AT7P6M?tag=eloabder-20&linkCode=osi&th=1&psc=1">View Product</a></div><div class="product"><a href="https://www.amazon.com/dp/B0BNV7BMN2?tag=eloabder-20&linkCode=osi&th=1&psc=1"><img src="https://m.media-amazon.com/images/I/51K4iYzckvL._SL500_.jpg" alt="Product Image"></a><p>Fantastory Acrylic Paint Set, 24 Classic Colors(2oz), Professional Craft Paint Kit,Canvas/Rock/Stone/Ceramic/Model/Wood Painting with 12 Brushes</p><p>$25.99 ($0.36 / Fl Oz)</p><a href="https://www.amazon.com/dp/B0BNV7BMN2?tag=eloabder-20&linkCode=osi&th=1&psc=1">View Product</a></div><div class="product"><a href="https://www.amazon.com/dp/B0728B4CLJ?tag=eloabder-20&linkCode=osi&th=1&psc=1"><img src="https://m.media-amazon.com/images/I/41aBzZtF9-L._SL500_.jpg" alt="Product Image"></a><p>FolkArt Acrylic Paint in Assorted Colors (2 oz), , Mossy Meadow</p><p>$1.17 ($0.58 / Fl Oz)</p><a href="https://www.amazon.com/dp/B0728B4CLJ?tag=eloabder-20&linkCode=osi&th=1&psc=1">View Product</a></div><div class="product"><a href="https://www.amazon.com/dp/B0BY3G2CXG?tag=eloabder-20&linkCode=osi&th=1&psc=1"><img src="https://m.media-amazon.com/images/I/51Cn6kY12wL._SL500_.jpg" alt="Product Image"></a><p>36 Assorted Acrylic Paint Set by Craft Smart - Non-Toxic Paint for Drawing, Painting, Art & Crafts Supplies - 1 Pack</p><p>$28.98</p><a href="https://www.amazon.com/dp/B0BY3G2CXG?tag=eloabder-20&linkCode=osi&th=1&psc=1">View Product</a></div>

<div class="product"><a href="https://www.amazon.com/dp/B08722TFPH?tag=eloabder-20&linkCode=osi&th=1&psc=1"><img src="https://m.media-amazon.com/images/I/51DqPIU5lcL._SL500_.jpg" alt="Product Image"></a><p>LIUYAXI 20 Colors 100 Yard Satin Ribbon Fabric Ribbon Silk Ribbon Assorted Colors Rolls, 2/5" Wide 5 Yard/Roll, Ribbons Perfect for Gift Wrapping,Crafts, Hair Bows, Wedding Party Decoration and More</p><p>$7.99 ($0.03 / Foot)</p><a href="https://www.amazon.com/dp/B08722TFPH?tag=eloabder-20&linkCode=osi&th=1&psc=1">View Product</a></div><div class="product"><a href="https://www.amazon.com/dp/B08M3BDRX3?tag=eloabder-20&linkCode=osi&th=1&psc=1"><img src="https://m.media-amazon.com/images/I/51qwMfv7kXL._SL500_.jpg" alt="Product Image"></a><p>Winlyn 36 Colors 900 Yards Fabric Ribbons Satin Ribbons Metallic Glitter Ribbons Rolls Craft Ribbons Embellish Decorative Ribbons 2/5" Wide for Floral Bouquet Gifts Crafts Bows Party Wedding</p><p>$13.99 ($0.01 / Foot)</p><a href="https://www.amazon.com/dp/B08M3BDRX3?tag=eloabder-20&linkCode=osi&th=1&psc=1">View Product</a></div><div class="product"><a href="https://www.amazon.com/dp/B08NXF43DB?tag=eloabder-20&linkCode=osi&th=1&psc=1"><img src="https://m.media-amazon.com/images/I/51fTtUVKi5L._SL500_.jpg" alt="Product Image"></a><p>MEEDEE Rainbow Ribbon Solid Color Assortment 10 Colors Double Face Satin Ribbon for Gift Wrapping Happy Birthday Party Decorations, 3/8" X 5 Yard Each Total 50 Yds Per Package</p><p>$7.99 ($0.05 / Foot)</p><a href="https://www.amazon.com/dp/B08NXF43DB?tag=eloabder-20&linkCode=osi&th=1&psc=1">View Product</a></div><div class="product"><a href="https://www.amazon.com/dp/B01N8W0Z45?tag=eloabder-20&linkCode=osi&th=1&psc=1"><img src="https://m.media-amazon.com/images/I/61OkEfd-1BL._SL500_.jpg" alt="Product Image"></a><p>QingHan Grosgrain Ribbons for Crafts Gifts Wrapping 3/8" Boutique Polka Dot Fabric Ribbon 40yd (20 x 2yd)</p><p>$5.99 ($0.05 / Foot)</p><a href="https://www.amazon.com/dp/B01N8W0Z45?tag=eloabder-20&linkCode=osi&th=1&psc=1">View Product</a></div><div class="product"><a href="https://www.amazon.com/dp/B0CS5G5PCX?tag=eloabder-20&linkCode=osi&th=1&psc=1"><img src="https://m.media-amazon.com/images/I/51xzSU+d8QL._SL500_.jpg" alt="Product Image"></a><p>Ribbli Rainbow Satin Ribbon 3/8 Inch x 12 Rolls Total 60 Yards- Colorful Ribbon for Gift Wrapping Craft Party Decoration Baby Shower Wedding</p><p>$7.99 ($0.04 / Foot)</p><a href="https://www.amazon.com/dp/B0CS5G5PCX?tag=eloabder-20&linkCode=osi&th=1&psc=1">View Product</a></div><div class="product"><a href="https://www.amazon.com/dp/B009V35YVC?tag=eloabder-20&linkCode=osi&th=1&psc=1"><img src="https://m.media-amazon.com/images/I/41OYxs2N6GL._SL500_.jpg" alt="Product Image"></a><p>LaRibbons 10 Color 50Yards Solid Satin Ribbon,3/8" X 5 Yard/Roll Colorful Double Face Rainbow Ribbon for Crafts,Flower Bouquet,Gift Wrapping,Hair Bows,Birthday,Wedding Party Decoration</p><p>$4.99</p><a href="https://www.amazon.com/dp/B009V35YVC?tag=eloabder-20&linkCode=osi&th=1&psc=1">View Product</a></div><div class="product"><a href="https://www.amazon.com/dp/B07BDG8KXB?tag=eloabder-20&linkCode=osi&th=1&psc=1"><img src="https://m.media-amazon.com/images/I/61zpTp+xLjL._SL500_.jpg" alt="Product Image"></a><p>Supla 16 Colors 400 Yard Fabric Ribbon Silk Satin Roll Satin Ribbon Rolls in 2/5" Wide, 25 Yard/roll,16 Rolls,Satin Ribbon Fabric Ribbon Embellish Ribbon Ribbon for Bows Crafts Gifts Party Wedding</p><p>$8.99 ($0.01 / Foot)</p><a href="https://www.amazon.com/dp/B07BDG8KXB?tag=eloabder-20&linkCode=osi&th=1&psc=1">View Product</a></div><div class="product"><a href="https://www.amazon.com/dp/B0CRD7S24X?tag=eloabder-20&linkCode=osi&th=1&psc=1"><img src="https://m.media-amazon.com/images/I/51Xe-SI-ZHL._SL500_.jpg" alt="Product Image"></a><p>LIUYAXI 100 Yards Solid Grosgrain Ribbon, 3/8" X 5 Yard/Roll, 20 Colors Rainbow Multicolor Fabric Ribbons Roll Perfect for Crafts Gifts Wrapping Flower Bouquet Hair Bows & Other Projects</p><p>$7.99 ($0.03 / Foot)</p><a href="https://www.amazon.com/dp/B0CRD7S24X?tag=eloabder-20&linkCode=osi&th=1&psc=1">View Product</a></div>


<div class="product"><a href="https://www.amazon.com/dp/B08MZ6MQZM?tag=eloabder-20&linkCode=osi&th=1&psc=1"><img src="https://m.media-amazon.com/images/I/51rVPzuNy4L._SL500_.jpg" alt="Product Image"></a><p>Basic Shapes 1: Circles, Triangles, Squares, Ovals, 676 Pieces US Made Card Stock Punch Out Geometric Shapes in 3 Sizes and 4 PRIMARY Colors for Math, Pattern Play and DIY Crafting</p><p>$11.99</p><a href="https://www.amazon.com/dp/B08MZ6MQZM?tag=eloabder-20&linkCode=osi&th=1&psc=1">View Product</a></div><div class="product"><a href="https://www.amazon.com/dp/B072JW6NQT?tag=eloabder-20&linkCode=osi&th=1&psc=1"><img src="https://m.media-amazon.com/images/I/61uY6781clL._SL500_.jpg" alt="Product Image"></a><p>260 Pieces Colorful Glitter Foam Stickers Self Adhesive Stars Mini Heart Shapes Glitter Stickers, Kid's Arts Craft Supplies Greeting Cards Home Decoration Stars&Heart Shapes</p><p>$6.74 ($0.03 / Count)</p><a href="https://www.amazon.com/dp/B072JW6NQT?tag=eloabder-20&linkCode=osi&th=1&psc=1">View Product</a></div>


<div class="product"><a href="https://www.amazon.com/dp/B07KD1WKXY?tag=eloabder-20&linkCode=osi&th=1&psc=1"><img src="https://m.media-amazon.com/images/I/51y9zQOd9XL._SL500_.jpg" alt="Product Image"></a><p>(109 Yards/1.5mm/35 Colors Optional) Cotton Baker Twine DIY Craft Macramé Natural Cotton Rope Craft Making Knitting String Rope DIY Wedding Decor Supply Christmas Wrapping(deep green)</p><p>$4.98 ($0.02 / Foot)</p><a href="https://www.amazon.com/dp/B07KD1WKXY?tag=eloabder-20&linkCode=osi&th=1&psc=1">View Product</a></div><div class="product"><a href="https://www.amazon.com/dp/B0C7G868WP?tag=eloabder-20&linkCode=osi&th=1&psc=1"><img src="https://m.media-amazon.com/images/I/51YFxbYrxGL._SL500_.jpg" alt="Product Image"></a><p>Ohtomber Bracelet String Elastic Cord - 2 Rolls 1MM Stretchy String for Bracelet Making, Rainbow Elastic Bracelets String Thread for Clay Beads, Bracelets, Jewelry Making, Necklaces, Sewing and Crafts</p><p>$5.99 ($0.01 / Foot)</p><a href="https://www.amazon.com/dp/B0C7G868WP?tag=eloabder-20&linkCode=osi&th=1&psc=1">View Product</a></div>
<div class="product"><a href="https://www.amazon.com/dp/B0CHTZD63Q?tag=eloabder-20&linkCode=osi&th=1&psc=1"><img src="https://m.media-amazon.com/images/I/511hgeOlnkL._SL500_.jpg" alt="Product Image"></a><p>Secopad Scrapbook Tape, 4 Pack Double Sided Tape Roller for Crafts, Sticky Glue Tape Runner Scrapbooking Supplies Journaling School Office for Kids and Adults, 0.3IN x 26FT</p><p>$6.63 ($1.66 / Count)</p><a href="https://www.amazon.com/dp/B0CHTZD63Q?tag=eloabder-20&linkCode=osi&th=1&psc=1">View Product</a></div><div class="product"><a href="https://www.amazon.com/dp/B0BKZ2WVFY?tag=eloabder-20&linkCode=osi&th=1&psc=1"><img src="https://m.media-amazon.com/images/I/519ga5fVbbL._SL500_.jpg" alt="Product Image"></a><p>Guirnd 12PCS Colored Masking Tape, Kids Art Supplies Colored Tape, DIY Craft Tape, Colored Tape Rolls, Colored Painters Tape 1.7cm x 12m (2/3In x 13Yards)</p><p>$5.99 ($0.50 / Count)</p><a href="https://www.amazon.com/dp/B0BKZ2WVFY?tag=eloabder-20&linkCode=osi&th=1&psc=1">View Product</a></div><div class="product"><a href="https://www.amazon.com/dp/B0B1ZYCJPG?tag=eloabder-20&linkCode=osi&th=1&psc=1"><img src="https://m.media-amazon.com/images/I/51zcGqodSPL._SL500_.jpg" alt="Product Image"></a><p>Simetufy 5400 Pcs 1 Inch Tissue Paper Squares, 36 Assorted Colored Tissue Paper for Crafts, Art Rainbow Tissue Paper Bulk for Art Projects, Collage, Suncatchers, Scrapbooking - Non Bleeding</p><p>$7.49</p><a href="https://www.amazon.com/dp/B0B1ZYCJPG?tag=eloabder-20&linkCode=osi&th=1&psc=1">View Product</a></div>

<div class="product"><a href="https://www.amazon.com/dp/B07RZFHS87?tag=eloabder-20&linkCode=osi&th=1&psc=1"><img src="https://m.media-amazon.com/images/I/418QZBtYWTL._SL500_.jpg" alt="Product Image"></a><p>Lazydrop Double-Sided Tape for Arts, Crafts, Photography, Scrapbooking, Tear-by-Hand, Paper Backing (6 Rolls) (Width: 6mm/ 9mm/ 12mm/ 15mm)</p><p>$7.99 ($0.01 / Foot)</p><a href="https://www.amazon.com/dp/B07RZFHS87?tag=eloabder-20&linkCode=osi&th=1&psc=1">View Product</a></div><div class="product"><a href="https://www.amazon.com/dp/B0BPS4V3TG?tag=eloabder-20&linkCode=osi&th=1&psc=1"><img src="https://m.media-amazon.com/images/I/41fTeS+RuRL._SL500_.jpg" alt="Product Image"></a><p>Double Sided Tape for Crafts, Double-Sided Tape for Arts, Scrapbook Supplies, Photography, Gifts Box, Scrapbooking, Card Making, Paper Backing, Tear-by-Hand, 6 Roll Heavy Duty Multi-Size Adhesive Tape</p><p>$6.29 ($0.02 / Foot)</p><a href="https://www.amazon.com/dp/B0BPS4V3TG?tag=eloabder-20&linkCode=osi&th=1&psc=1">View Product</a></div><div class="product"><a href="https://www.amazon.com/dp/B098FCBMQV?tag=eloabder-20&linkCode=osi&th=1&psc=1"><img src="https://m.media-amazon.com/images/I/41E1XYg1+gL._SL500_.jpg" alt="Product Image"></a><p>Craftzilla Colored Masking Tape – 7 Roll Multi Pack – 210 Feet x 1 Inch of Colorful Craft Tape – Vibrant Rainbow Masking Tape –Colored Tape Rolls for Arts & Crafts, Labeling and Color-Coding</p><p>$12.95 ($0.01 / Foot)</p><a href="https://www.amazon.com/dp/B098FCBMQV?tag=eloabder-20&linkCode=osi&th=1&psc=1">View Product</a></div><div class="product"><a href="https://www.amazon.com/dp/B0CBRTT4SY?tag=eloabder-20&linkCode=osi&th=1&psc=1"><img src="https://m.media-amazon.com/images/I/41Ne5OTMBHL._SL500_.jpg" alt="Product Image"></a><p>XEHAHOSH 3 Rolls Double Sided Tape for Crafts, Arts, Scrapbooking, Photography, Paper Backing, Tear-by-Hand. 0.6in by 43-FT</p><p>$5.29</p><a href="https://www.amazon.com/dp/B0CBRTT4SY?tag=eloabder-20&linkCode=osi&th=1&psc=1">View Product</a></div><div class="product"><a href="https://www.amazon.com/dp/B08ZJB4XBX?tag=eloabder-20&linkCode=osi&th=1&psc=1"><img src="https://m.media-amazon.com/images/I/41FzzlZNG0L._SL500_.jpg" alt="Product Image"></a><p>8 Rolls Colored Masking Tape Rainbow Colors Painters Tape Colorful Craft Art Paper Tape for Kids Labeling Arts Crafts DIY Decorative Coding Decoration Teaching Supplies, 0.6 Inch x 16 Yard, 8 Colors</p><p>$6.99 ($0.87 / Count)</p><a href="https://www.amazon.com/dp/B08ZJB4XBX?tag=eloabder-20&linkCode=osi&th=1&psc=1">View Product</a></div><div class="product"><a href="https://www.amazon.com/dp/B09GDZH5PV?tag=eloabder-20&linkCode=osi&th=1&psc=1"><img src="https://m.media-amazon.com/images/I/41cZAy06SiL._SL500_.jpg" alt="Product Image"></a><p>DGTANGYIN 1/4" 2 Rolls Double Sided Adhesive Sticky Tape for Arts, DIY, Crafts, Photography, Scrapbooking, Card Making, Gift Wrapping, Office School Stationery Supplies, Home Supplies(Width: 6mm)</p><p>$3.99 ($0.00 / Foot)</p><a href="https://www.amazon.com/dp/B09GDZH5PV?tag=eloabder-20&linkCode=osi&th=1&psc=1">View Product</a></div>
<div class="product"><a href="https://www.amazon.com/dp/B09XR1XBWG?tag=eloabder-20&linkCode=osi&th=1&psc=1"><img src="https://m.media-amazon.com/images/I/31h+RS-Nv6L._SL500_.jpg" alt="Product Image"></a><p>10PCS 7mil Blank Mylar Stencil Sheets,12X12 inch Milky Translucent PET Blank Stencils Sheets,Template Material for Cutting Machines, Laser Cutting, Food-Safe Craft Plastic</p><p>$8.99</p><a href="https://www.amazon.com/dp/B09XR1XBWG?tag=eloabder-20&linkCode=osi&th=1&psc=1">View Product</a></div>

<div class="product"><a href="https://www.amazon.com/dp/B09TSLYX33?tag=eloabder-20&linkCode=osi&th=1&psc=1"><img src="https://m.media-amazon.com/images/I/41xNrpMfOLL._SL500_.jpg" alt="Product Image"></a><p>18 Gauge Aluminum Craft Wire, 165 Feet 1mm Bendable Metal Wire for Jewelry Making, Sculpting, Floral Making, Wreath Making, Crafting, Wire Wrapping, Christmas Ornaments (Silver)</p><p>$6.99</p><a href="https://www.amazon.com/dp/B09TSLYX33?tag=eloabder-20&linkCode=osi&th=1&psc=1">View Product</a></div><div class="product"><a href="https://www.amazon.com/dp/B002HRAEOG?tag=eloabder-20&linkCode=osi&th=1&psc=1"><img src="https://m.media-amazon.com/images/I/41HimGENjYL._SL500_.jpg" alt="Product Image"></a><p>FloraCraft 26 Gauge Floral Wire 270 Feet Bright Silver</p><p>$4.29</p><a href="https://www.amazon.com/dp/B002HRAEOG?tag=eloabder-20&linkCode=osi&th=1&psc=1">View Product</a></div><div class="product"><a href="https://www.amazon.com/dp/B06ZXY1PXB?tag=eloabder-20&linkCode=osi&th=1&psc=1"><img src="https://m.media-amazon.com/images/I/41Nh+1dv7FL._SL500_.jpg" alt="Product Image"></a><p>Mandala Crafts Anodized Aluminum Wire for Sculpting, Armature, Jewelry Making, Gem Metal Wrap, Garden, Colored and Soft, 1 Roll(14 Gauge, Silver)</p><p>$10.19 ($0.17 / Foot)</p><a href="https://www.amazon.com/dp/B06ZXY1PXB?tag=eloabder-20&linkCode=osi&th=1&psc=1">View Product</a></div><div class="product"><a href="https://www.amazon.com/dp/B07ZYNTH7D?tag=eloabder-20&linkCode=osi&th=1&psc=1"><img src="https://m.media-amazon.com/images/I/51ku4vQDwXL._SL500_.jpg" alt="Product Image"></a><p>12 Gauge Aluminum Wire 100 Feet, Anezus Metal Armature Wire Bendable Sculpting Wire for Crafts Wreath Making Jewelry Making Beading Floral (Silver, 2mm)</p><p>$12.99 ($0.13 / Foot)</p><a href="https://www.amazon.com/dp/B07ZYNTH7D?tag=eloabder-20&linkCode=osi&th=1&psc=1">View Product</a></div><div class="product"><a href="https://www.amazon.com/dp/B07CQL7Y5B?tag=eloabder-20&linkCode=osi&th=1&psc=1"><img src="https://m.media-amazon.com/images/I/51mHjBYsT0L._SL500_.jpg" alt="Product Image"></a><p>TecUnite Aluminum Craft Wire for Sculpting Armature Bendable Craft Wire for DIY Jewelry Making (1 Roll,Silver,10 M X 3 mm)</p><p>$8.99 ($0.27 / Foot)</p><a href="https://www.amazon.com/dp/B07CQL7Y5B?tag=eloabder-20&linkCode=osi&th=1&psc=1">View Product</a></div><div class="product"><a href="https://www.amazon.com/dp/B095Y844QP?tag=eloabder-20&linkCode=osi&th=1&psc=1"><img src="https://m.media-amazon.com/images/I/51w+5umyhOS._SL500_.jpg" alt="Product Image"></a><p>Tenn Well 12 Gauge Aluminum Wire, 100 Feet 2mm Bendable Metal Craft Wire for Sculpting, Armature, Jewelry Making, Floral Making, Doll Making, Modelling, Crafting, Bonsai Training</p><p>$11.99 ($0.12 / Foot)</p><a href="https://www.amazon.com/dp/B095Y844QP?tag=eloabder-20&linkCode=osi&th=1&psc=1">View Product</a></div>
<div class="product"><a href="https://www.amazon.com/dp/B0CYPH4FLQ?tag=eloabder-20&linkCode=osi&th=1&psc=1"><img src="https://m.media-amazon.com/images/I/41u786i6oZL._SL500_.jpg" alt="Product Image"></a><p>DIYDEC 24 Pack Basswood Sheets 4 x 6 x 1/16 Inch Thin Plywood Wood Sheets Unfinished Wood Squares Boards Balsa Wood Sheets for Crafts Architectural Models Laser Cutting Wood Burning and Drawing</p><p>$6.99</p><a href="https://www.amazon.com/dp/B0CYPH4FLQ?tag=eloabder-20&linkCode=osi&th=1&psc=1">View Product</a></div><div class="product"><a href="https://www.amazon.com/dp/B082HR4RV3?tag=eloabder-20&linkCode=osi&th=1&psc=1"><img src="https://m.media-amazon.com/images/I/51kfms0w39L._SL500_.jpg" alt="Product Image"></a><p>5ARTH Natural Wood Slices - 30 Pcs 3.5-4 inches Craft Unfinished Wood kit Predrilled with Hole Wooden Circles for Arts Wood Slices Christmas Ornaments DIY Crafts</p><p>$21.99</p><a href="https://www.amazon.com/dp/B082HR4RV3?tag=eloabder-20&linkCode=osi&th=1&psc=1">View Product</a></div>
<div class="product"><a href="https://www.amazon.com/dp/B089T7PX27?tag=eloabder-20&linkCode=osi&th=1&psc=1"><img src="https://m.media-amazon.com/images/I/41aDJyks7kL._SL500_.jpg" alt="Product Image"></a><p>Crayola Air Dry Clay (5lbs), Natural White Modeling Clay for Kids, Sculpting Material, Bulk Craft Supplies for School Classrooms [Amazon Exclusive]</p><p>$17.41</p><a href="https://www.amazon.com/dp/B089T7PX27?tag=eloabder-20&linkCode=osi&th=1&psc=1">View Product</a></div><div class="product"><a href="https://www.amazon.com/dp/B0BDM5WLQX?tag=eloabder-20&linkCode=osi&th=1&psc=1"><img src="https://m.media-amazon.com/images/I/41oBPm5+PkL._SL500_.jpg" alt="Product Image"></a><p>ifergoo White Air Dry Clay, Modeling Clay for School Art & Craft Project. Refill White Clay for Kids Age 3-12, Boys and Girls Gift</p><p>$6.99 ($1.65 / Ounce)</p><a href="https://www.amazon.com/dp/B0BDM5WLQX?tag=eloabder-20&linkCode=osi&th=1&psc=1">View Product</a></div><div class="product"><a href="https://www.amazon.com/dp/B0B8TLRRKM?tag=eloabder-20&linkCode=osi&th=1&psc=1"><img src="https://m.media-amazon.com/images/I/418ijOdZBzL._SL500_.jpg" alt="Product Image"></a><p>Pepy Premium European Air Dry Modeling Clay White 2.2 lb Bar, Easy to Use Air-Hardening Clay for Classroom and Montessori Sculpting and Crafts Projects</p><p>$9.97 ($0.28 / Ounce)</p><a href="https://www.amazon.com/dp/B0B8TLRRKM?tag=eloabder-20&linkCode=osi&th=1&psc=1">View Product</a></div>

<div class="product"><a href="https://www.amazon.com/dp/B083TT4XVN?tag=eloabder-20&linkCode=osi&th=1&psc=1"><img src="https://m.media-amazon.com/images/I/41QMxzlQglL._SL500_.jpg" alt="Product Image"></a><p>6" Jumbo Wood Craft Sticks - Pack of 1,000</p><p>$15.21 ($0.02 / Count)</p><a href="https://www.amazon.com/dp/B083TT4XVN?tag=eloabder-20&linkCode=osi&th=1&psc=1">View Product</a></div><div class="product"><a href="https://www.amazon.com/dp/B0B9RRJ2BG?tag=eloabder-20&linkCode=osi&th=1&psc=1"><img src="https://m.media-amazon.com/images/I/31gmdN8H+PL._SL500_.jpg" alt="Product Image"></a><p>Perfect Stix Wooden Poplar Wood Craft Sticks. Jumbo Size, 6 x 3/4, Wood, Natural Poplar Wood, 500Ct. Multipurpose Craft, Popsicles, Waxing, Arts and Crafts.</p><p>$9.68</p><a href="https://www.amazon.com/dp/B0B9RRJ2BG?tag=eloabder-20&linkCode=osi&th=1&psc=1">View Product</a></div><div class="product"><a href="https://www.amazon.com/dp/B08R31MRJ9?tag=eloabder-20&linkCode=osi&th=1&psc=1"><img src="https://m.media-amazon.com/images/I/51fYWGLzOGL._SL500_.jpg" alt="Product Image"></a><p>Pandaspa 200 Pieces Jumbo Craft Sticks, Premium Natural Wood for Building, Mixing, and Creating Craft Projects, Size 6 x 3/4</p><p>$9.95</p><a href="https://www.amazon.com/dp/B08R31MRJ9?tag=eloabder-20&linkCode=osi&th=1&psc=1">View Product</a></div><div class="product"><a href="https://www.amazon.com/dp/B081R25K4S?tag=eloabder-20&linkCode=osi&th=1&psc=1"><img src="https://m.media-amazon.com/images/I/41vxFW4BIvL._SL500_.jpg" alt="Product Image"></a><p>Perfect Stix - PS-114st-1,000 4.5" Craft Sticks/ Ice Cream Sticks/ Natural Wood - Box of 1,000ct</p><p>$13.99</p><a href="https://www.amazon.com/dp/B081R25K4S?tag=eloabder-20&linkCode=osi&th=1&psc=1">View Product</a></div><div class="product"><a href="https://www.amazon.com/dp/B08NY4HWVH?tag=eloabder-20&linkCode=osi&th=1&psc=1"><img src="https://m.media-amazon.com/images/I/41qHSFWo+AL._SL500_.jpg" alt="Product Image"></a><p>Fansunta 100pcs 15.7x0.35 Inch Strong Natural Bamboo Sticks, Wooden Craft Sticks, Extra Long Sticks, Wood Strips for Craft Projects</p><p>$11.99</p><a href="https://www.amazon.com/dp/B08NY4HWVH?tag=eloabder-20&linkCode=osi&th=1&psc=1">View Product</a></div>
<div class="product"><a href="https://www.amazon.com/dp/B0CY84GCRZ?tag=eloabder-20&linkCode=osi&th=1&psc=1"><img src="https://m.media-amazon.com/images/I/315gdwLiZfL._SL500_.jpg" alt="Product Image"></a><p>14 Rolls Double Sided Tape for Crafts Scrapbooking Multi-Purpose and Multi-Size Tape for Arts, Photography, Gift Boxes, Card Making, Paper Backing, Office Supplies(3mm/5mm/8mm/10mm/12mm/15mm/18mm)</p><p>$4.99 ($0.36 / Count)</p><a href="https://www.amazon.com/dp/B0CY84GCRZ?tag=eloabder-20&linkCode=osi&th=1&psc=1">View Product</a></div>

<div class="product"><a href="https://www.amazon.com/dp/B0D14HHL9F?tag=eloabder-20&linkCode=osi&th=1&psc=1"><img src="https://m.media-amazon.com/images/I/31pj+acWaSL._SL500_.jpg" alt="Product Image"></a><p>Weeding Tools for Vinyl,Vinyl Weeding Tools for Permanent Vinyl/HTV Vinyl/Holographic Vinyl,Craft Vinyl Weeding Tools Kit with Hook and Pick with Tweezers</p><p>$4.99</p><a href="https://www.amazon.com/dp/B0D14HHL9F?tag=eloabder-20&linkCode=osi&th=1&psc=1">View Product</a></div>
<div class="product"><a href="https://www.amazon.com/dp/B06XDJJ6D1?tag=eloabder-20&linkCode=osi&th=1&psc=1"><img src="https://m.media-amazon.com/images/I/516tOQjdgIL._SL500_.jpg" alt="Product Image"></a><p>Color Swell Bulk Crayon Packs - 36 Boxes of 24 Vibrant Colored Durable Bulk Crayons of Teacher Quality for Classroom and Home</p><p>$36.99</p><a href="https://www.amazon.com/dp/B06XDJJ6D1?tag=eloabder-20&linkCode=osi&th=1&psc=1">View Product</a></div><div class="product"><a href="https://www.amazon.com/dp/B0D2W1SJHC?tag=eloabder-20&linkCode=osi&th=1&psc=1"><img src="https://m.media-amazon.com/images/I/51Of59YBGeL._SL500_.jpg" alt="Product Image"></a><p>Shuttle Art Crayons Bulk Set - 40 Boxes of 24 Assorted Colors, 960 Count Durable & Non-Toxic Teacher-Quality Crayons, School Supplies bulk in Crayons For Family Class Party Favors</p><p>$36.99</p><a href="https://www.amazon.com/dp/B0D2W1SJHC?tag=eloabder-20&linkCode=osi&th=1&psc=1">View Product</a></div><div class="product"><a href="https://www.amazon.com/dp/B013I7IQTS?tag=eloabder-20&linkCode=osi&th=1&psc=1"><img src="https://m.media-amazon.com/images/I/51eRV44y2SL._SL500_.jpg" alt="Product Image"></a><p>Crayola Crayons, 8 Count (Case of 48)</p><p>$43.03</p><a href="https://www.amazon.com/dp/B013I7IQTS?tag=eloabder-20&linkCode=osi&th=1&psc=1">View Product</a></div><div class="product"><a href="https://www.amazon.com/dp/B07F98CYQ2?tag=eloabder-20&linkCode=osi&th=1&psc=1"><img src="https://m.media-amazon.com/images/I/51pOC5gmdFL._SL500_.jpg" alt="Product Image"></a><p>Craytastic! 52 Sets of 4-Packs in Cello (208 Count total bulk Crayons) - Large Box of Crayons Bulk For School Teachers, Restaurants, Party Favors, Crayon Packs, Non-Toxic Crayons</p><p>$13.79</p><a href="https://www.amazon.com/dp/B07F98CYQ2?tag=eloabder-20&linkCode=osi&th=1&psc=1">View Product</a></div><div class="product"><a href="https://www.amazon.com/dp/B01HZMQA0Y?tag=eloabder-20&linkCode=osi&th=1&psc=1"><img src="https://m.media-amazon.com/images/I/51GSg7CA-YL._SL500_.jpg" alt="Product Image"></a><p>Colorations Regular Size Triangular Crayon Class Pack, 16 Colors, 13 of Each, Set of 208, Easy to Hold & Grip, Toddler Crayons, Non Toxic Crayons, Kids Crayons, Bulk School Supplies, Triangle Crayons</p><p>$42.98 ($0.21 / Count)</p><a href="https://www.amazon.com/dp/B01HZMQA0Y?tag=eloabder-20&linkCode=osi&th=1&psc=1">View Product</a></div>
<div class="product"><a href="https://www.amazon.com/dp/B07JPL5NYX?tag=eloabder-20&linkCode=osi&th=1&psc=1"><img src="https://m.media-amazon.com/images/I/31B4rKplkML._SL500_.jpg" alt="Product Image"></a><p>Similane 6 Pieces Aida Cloth 14 Count Cross Stitch Fabric, White, 12 by 18-Inch</p><p>$7.99 ($1.33 / Count)</p><a href="https://www.amazon.com/dp/B07JPL5NYX?tag=eloabder-20&linkCode=osi&th=1&psc=1">View Product</a></div><div class="product"><a href="https://www.amazon.com/dp/B0BRK6L377?tag=eloabder-20&linkCode=osi&th=1&psc=1"><img src="https://m.media-amazon.com/images/I/31xWAZsouYL._SL500_.jpg" alt="Product Image"></a><p>Caydo 6 Pieces Aida Cloth 14 Count White Cross Stitch Fabric for Craft Embroidery, Handmade Needlework, DIY Handicrafts, 12 by 18-Inch</p><p>$7.98</p><a href="https://www.amazon.com/dp/B0BRK6L377?tag=eloabder-20&linkCode=osi&th=1&psc=1">View Product</a></div><div class="product"><a href="https://www.amazon.com/dp/B08BN8LNS1?tag=eloabder-20&linkCode=osi&th=1&psc=1"><img src="https://m.media-amazon.com/images/I/51RTXXBsvhL._SL500_.jpg" alt="Product Image"></a><p>Cross Stitch Aida Fabric 14 Count, 59 by 39 Inch Large Size, Classic Reserve Cross Stitch Aida Cloth for Home DIY Embroidery Decoration</p><p>$13.97</p><a href="https://www.amazon.com/dp/B08BN8LNS1?tag=eloabder-20&linkCode=osi&th=1&psc=1">View Product</a></div><div class="product"><a href="https://www.amazon.com/dp/B09LC7RLFC?tag=eloabder-20&linkCode=osi&th=1&psc=1"><img src="https://m.media-amazon.com/images/I/51OyNFAB2HL._SL500_.jpg" alt="Product Image"></a><p>Aida Cloth 14 Count Cross Stitch Fabric,19×28inch (14CT, Off White)</p><p>$12.99</p><a href="https://www.amazon.com/dp/B09LC7RLFC?tag=eloabder-20&linkCode=osi&th=1&psc=1">View Product</a></div><div class="product"><a href="https://www.amazon.com/dp/B08BHLPZB1?tag=eloabder-20&linkCode=osi&th=1&psc=1"><img src="https://m.media-amazon.com/images/I/51ujyg-qk5L._SL500_.jpg" alt="Product Image"></a><p>59 by 39-Inch Cross Stitch Fabric, 14 Count Big Size Classic Reserve Aida Cloth,White</p><p>$13.97</p><a href="https://www.amazon.com/dp/B08BHLPZB1?tag=eloabder-20&linkCode=osi&th=1&psc=1">View Product</a></div><div class="product"><a href="https://www.amazon.com/dp/B089N8H68K?tag=eloabder-20&linkCode=osi&th=1&psc=1"><img src="https://m.media-amazon.com/images/I/61UXobKcmpL._SL500_.jpg" alt="Product Image"></a><p>Caydo 8 Pieces Aida Cloth 8 Color 14 Count Classic Reserve Cross Stitch Fabric, 12 by 18-Inch</p><p>$15.99</p><a href="https://www.amazon.com/dp/B089N8H68K?tag=eloabder-20&linkCode=osi&th=1&psc=1">View Product</a></div><div class="product"><a href="https://www.amazon.com/dp/B0B647GLFL?tag=eloabder-20&linkCode=osi&th=1&psc=1"><img src="https://m.media-amazon.com/images/I/51TmM7qAMBL._SL500_.jpg" alt="Product Image"></a><p>14CT Easy Count Thread Grid Aida Cloth Embroidery Cross Stitch Fabric, Green Grid, W29" x L39"</p><p>$16.50</p><a href="https://www.amazon.com/dp/B0B647GLFL?tag=eloabder-20&linkCode=osi&th=1&psc=1">View Product</a></div>





<div class="product"><a href="https://www.amazon.com/dp/B0D3HPD7WP?tag=eloabder-20&linkCode=osi&th=1&psc=1"><img src="https://m.media-amazon.com/images/I/31KSmmAWUWL._SL500_.jpg" alt="Product Image"></a><p>50 Sheets Grey Cardstock Paper, Colored Printer Paper 8.5 x 11, Thick Construction Paper for Cards Making, Scrapbook，Office Printing, Invitations, Certificates，DIY Crafting 92 lb/250gsm</p><p>$9.99</p><a href="https://www.amazon.com/dp/B0D3HPD7WP?tag=eloabder-20&linkCode=osi&th=1&psc=1">View Product</a></div>
<div class="product"><a href="https://www.amazon.com/dp/B076CP6F36?tag=eloabder-20&linkCode=osi&th=1&psc=1"><img src="https://m.media-amazon.com/images/I/51rfEIvgI+L._SL500_.jpg" alt="Product Image"></a><p>Apple Barrel, Vibrant Spectrum Collection Acrylic Craft Paint, PROMOABIII, 2 fl oz each, 16 assorted matte colors, 16 count</p><p>$15.97 ($0.50 / Fl Oz)</p><a href="https://www.amazon.com/dp/B076CP6F36?tag=eloabder-20&linkCode=osi&th=1&psc=1">View Product</a></div><div class="product"><a href="https://www.amazon.com/dp/B0BKFLSYQF?tag=eloabder-20&linkCode=osi&th=1&psc=1"><img src="https://m.media-amazon.com/images/I/51a0PmPRknL._SL500_.jpg" alt="Product Image"></a><p>72 Pack Acrylic Paint Set, Shuttle Art 60 Colors Acrylic Paint Including Extra White Black & 12 Brushes, 2oz/60ml, Rich Pigmented, Water Proof, Ideal for Artists, Beginners on Canvas Rock Wood Ceramic</p><p>$45.99 ($23.00 / Fl Oz)</p><a href="https://www.amazon.com/dp/B0BKFLSYQF?tag=eloabder-20&linkCode=osi&th=1&psc=1">View Product</a></div><div class="product"><a href="https://www.amazon.com/dp/B08CB3JH79?tag=eloabder-20&linkCode=osi&th=1&psc=1"><img src="https://m.media-amazon.com/images/I/51OUZsFdnTL._SL500_.jpg" alt="Product Image"></a><p>Acrylic Paint Set of 36 Colors 2fl oz 60ml Bottles,Non Toxic 36 Colors Acrylic Paint No Fading Rich Pigment for Kids Adults Artists Canvas Crafts Wood Painting</p><p>$32.99 ($0.46 / Fl Oz)</p><a href="https://www.amazon.com/dp/B08CB3JH79?tag=eloabder-20&linkCode=osi&th=1&psc=1">View Product</a></div><div class="product"><a href="https://www.amazon.com/dp/B0018NBVKQ?tag=eloabder-20&linkCode=osi&th=1&psc=1"><img src="https://m.media-amazon.com/images/I/31YlSvZMTCL._SL500_.jpg" alt="Product Image"></a><p>Apple Barrel Acrylic Paint in Assorted Colors (8 Ounce), 20403 White</p><p>$2.67 ($0.33 / Fl Oz)</p><a href="https://www.amazon.com/dp/B0018NBVKQ?tag=eloabder-20&linkCode=osi&th=1&psc=1">View Product</a></div><div class="product"><a href="https://www.amazon.com/dp/B077WSBLZ1?tag=eloabder-20&linkCode=osi&th=1&psc=1"><img src="https://m.media-amazon.com/images/I/51KPkXpLn1L._SL500_.jpg" alt="Product Image"></a><p>Shuttle Art Acrylic Paint Set, 30 x12ml Tubes Artist Quality Non Toxic Rich Pigments Colors Great for Kids Adults Professional Painting on Rocks Canvas Wood Clay Fabric Ceramic Crafts</p><p>$12.99 ($1.08 / Fl Oz)</p><a href="https://www.amazon.com/dp/B077WSBLZ1?tag=eloabder-20&linkCode=osi&th=1&psc=1">View Product</a></div><div class="product"><a href="https://www.amazon.com/dp/B00889Z5Y6?tag=eloabder-20&linkCode=osi&th=1&psc=1"><img src="https://m.media-amazon.com/images/I/41MQjsyDbSL._SL500_.jpg" alt="Product Image"></a><p>Apple Barrel Acrylic Paint in Assorted Colors (2 oz), 20764, Apricot</p><p>$0.58 ($0.29 / Fl Oz)</p><a href="https://www.amazon.com/dp/B00889Z5Y6?tag=eloabder-20&linkCode=osi&th=1&psc=1">View Product</a></div><div class="product"><a href="https://www.amazon.com/dp/B09TWQD5ZL?tag=eloabder-20&linkCode=osi&th=1&psc=1"><img src="https://m.media-amazon.com/images/I/41B0L003QXL._SL500_.jpg" alt="Product Image"></a><p>Artkey Acrylic Paint Set - 24 colors 2 oz/59 ml Acrylic Paints Professional Artists Painting Kit for Canvases Fabric Rock Leather Easter Egg Wood Ceramic Glass Art Craft Painting</p><p>$19.99 ($0.42 / Fl Oz)</p><a href="https://www.amazon.com/dp/B09TWQD5ZL?tag=eloabder-20&linkCode=osi&th=1&psc=1">View Product</a></div><div class="product"><a href="https://www.amazon.com/dp/B07Z93LQDB?tag=eloabder-20&linkCode=osi&th=1&psc=1"><img src="https://m.media-amazon.com/images/I/51veoN6zK0L._SL500_.jpg" alt="Product Image"></a><p>Shuttle Art Acrylic Paint Set, 36 Colors Acrylic Paint with Brushes & Palette, 2oz Bottles, Rich Pigments Non-toxic Paint for Artists Kids & Adults, Art Supplies for Canvas Rock Ceramic Wood Painting</p><p>$27.99</p><a href="https://www.amazon.com/dp/B07Z93LQDB?tag=eloabder-20&linkCode=osi&th=1&psc=1">View Product</a></div><div class="product"><a href="https://www.amazon.com/dp/B002665SYY?tag=eloabder-20&linkCode=osi&th=1&psc=1"><img src="https://m.media-amazon.com/images/I/31sJJeWK6OS._SL500_.jpg" alt="Product Image"></a><p>Liquitex BASICS Acrylic Paint, 250ml (8.5-oz) Tube, Titanium White</p><p>$9.99 ($1.18 / Fl Oz)</p><a href="https://www.amazon.com/dp/B002665SYY?tag=eloabder-20&linkCode=osi&th=1&psc=1">View Product</a></div>
<div class="product"><a href="https://www.amazon.com/dp/B0CC98XLGL?tag=eloabder-20&linkCode=osi&th=1&psc=1"><img src="https://m.media-amazon.com/images/I/51ZLw+nThiL._SL500_.jpg" alt="Product Image"></a><p>HUIRUSO 4 Pack Double Sided Tape Roller, Scrapbook Supplies, Glue Tape Roller for Crafts, Double-Sided Adhesive Tape Runner for Scrapbooking, School Office Journaling Supplies (0.31 in X 26.25 ft)</p><p>$6.99 ($1.75 / Count)</p><a href="https://www.amazon.com/dp/B0CC98XLGL?tag=eloabder-20&linkCode=osi&th=1&psc=1">View Product</a></div><div class="product"><a href="https://www.amazon.com/dp/B007XAAE6K?tag=eloabder-20&linkCode=osi&th=1&psc=1"><img src="https://m.media-amazon.com/images/I/414qxYVR0wL._SL500_.jpg" alt="Product Image"></a><p>Scotch Double Sided Tape Runner, 1-Pack, 0.27 in x 26 ft., Perfect for Holiday Crafts, Gifts, and More</p><p>$4.47</p><a href="https://www.amazon.com/dp/B007XAAE6K?tag=eloabder-20&linkCode=osi&th=1&psc=1">View Product</a></div><div class="product"><a href="https://www.amazon.com/dp/B0BZVGPFSK?tag=eloabder-20&linkCode=osi&th=1&psc=1"><img src="https://m.media-amazon.com/images/I/51-ue9+7JkL._SL500_.jpg" alt="Product Image"></a><p>Birllaid Double Sided Tape for Walls, Picture Hanging Strips Removable Mounting Dots Adhesive Heavy Duty, Removable for Art Craft, Decoration, Party Supplies, Multipurpose</p><p>$11.99</p><a href="https://www.amazon.com/dp/B0BZVGPFSK?tag=eloabder-20&linkCode=osi&th=1&psc=1">View Product</a></div><div class="product"><a href="https://www.amazon.com/dp/B0CGVN9SL1?tag=eloabder-20&linkCode=osi&th=1&psc=1"><img src="https://m.media-amazon.com/images/I/41Hy+i4CnoL._SL500_.jpg" alt="Product Image"></a><p>30Ft x 1 Inch Hook and Loop Strips with Adhesive,Double Rolls of Heavy Duty Self Adhesive Tape with Backing, Nylon Self Adhesive Tape for Home Office School and Crafting,White</p><p>$9.99</p><a href="https://www.amazon.com/dp/B0CGVN9SL1?tag=eloabder-20&linkCode=osi&th=1&psc=1">View Product</a></div><div class="product"><a href="https://www.amazon.com/dp/B07Y3VDPLF?tag=eloabder-20&linkCode=osi&th=1&psc=1"><img src="https://m.media-amazon.com/images/I/41cyKQ2OMuL._SL500_.jpg" alt="Product Image"></a><p>Melsan 1x4 inch Hook and Loop Strips with Adhesive - 15 Sets, Strong Back Adhesive Fasten Mounting Tape for Home or Office Use - Instead of Holes and Screws, Black</p><p>$7.82</p><a href="https://www.amazon.com/dp/B07Y3VDPLF?tag=eloabder-20&linkCode=osi&th=1&psc=1">View Product</a></div><div class="product"><a href="https://www.amazon.com/dp/B07V57VJT5?tag=eloabder-20&linkCode=osi&th=1&psc=1"><img src="https://m.media-amazon.com/images/I/514JO3bvl3L._SL500_.jpg" alt="Product Image"></a><p>XFasten Adhesive Roller for Scrapbooking, 8mm x 30ft 4-Pack Double Sided Glue Tape Roller, Scrapbook Supplies for Adults, Photo Tape for Scrapbooking</p><p>$9.99 ($2.50 / Count)</p><a href="https://www.amazon.com/dp/B07V57VJT5?tag=eloabder-20&linkCode=osi&th=1&psc=1">View Product</a></div><div class="product"><a href="https://www.amazon.com/dp/B07JLTGQHX?tag=eloabder-20&linkCode=osi&th=1&psc=1"><img src="https://m.media-amazon.com/images/I/51Eqfo7kUZL._SL500_.jpg" alt="Product Image"></a><p>UPINS 120 Pack Double Sided Foam Tape Square Self-Adhesive Foam Tape Black Strong Tape Pads for DIY Art Crafts Supplies</p><p>$9.99 ($0.08 / Count)</p><a href="https://www.amazon.com/dp/B07JLTGQHX?tag=eloabder-20&linkCode=osi&th=1&psc=1">View Product</a></div><div class="product"><a href="https://www.amazon.com/dp/B005FM6XF4?tag=eloabder-20&linkCode=osi&th=1&psc=1"><img src="https://m.media-amazon.com/images/I/51-vp1WJ89L._SL500_.jpg" alt="Product Image"></a><p>AdTech 5603 Permanent Crafter's Tape, 0.31" x 315", Pack of 4</p><p>$7.84 ($0.07 / Foot)</p><a href="https://www.amazon.com/dp/B005FM6XF4?tag=eloabder-20&linkCode=osi&th=1&psc=1">View Product</a></div><div class="product"><a href="https://www.amazon.com/dp/B0CJF1FLFJ?tag=eloabder-20&linkCode=osi&th=1&psc=1"><img src="https://m.media-amazon.com/images/I/51dig1RqzdL._SL500_.jpg" alt="Product Image"></a><p>UPINS 150Pack Double Sided Foam Tape Strong Sticky Double Sided Foam Pads for Crafts Self-Adhesive Mounting Foam Tape Heavy Duty for Home Wall Decor 40 * 40 * 2mm</p><p>$8.99 ($0.06 / Count)</p><a href="https://www.amazon.com/dp/B0CJF1FLFJ?tag=eloabder-20&linkCode=osi&th=1&psc=1">View Product</a></div><div class="product"><a href="https://www.amazon.com/dp/B0D4YWRGCL?tag=eloabder-20&linkCode=osi&th=1&psc=1"><img src="https://m.media-amazon.com/images/I/41EqJ553-KL._SL500_.jpg" alt="Product Image"></a><p>Amanbo Glue Tape for Scrapbooking, 6 Pack Scrapbook Tape, Double Sided Tape Roller for Crafts, Total 120 Ft x 0.24 in Tape Runner, Craft Supplies for Scrapbooking, Gift Wrapping and Photo Tape</p><p>$6.99</p><a href="https://www.amazon.com/dp/B0D4YWRGCL?tag=eloabder-20&linkCode=osi&th=1&psc=1">View Product</a></div>
<div class="product"><a href="https://www.amazon.com/dp/B0CC5HPPTN?tag=eloabder-20&linkCode=osi&th=1&psc=1"><img src="https://m.media-amazon.com/images/I/519M81S201L._SL500_.jpg" alt="Product Image"></a><p>Airbrush Paint - 30 Colors with 3 Thinner, Ready to Spray Airbrush Paint Set, Water-Based Acrylic Air brush Paints for Metal, Plastic Models, Canvas, Wood, 20ml/Bottle</p><p>$32.99 ($1.48 / Fl Oz)</p><a href="https://www.amazon.com/dp/B0CC5HPPTN?tag=eloabder-20&linkCode=osi&th=1&psc=1">View Product</a></div>
<div class="product"><a href="https://www.amazon.com/dp/B0CXPSGK36?tag=eloabder-20&linkCode=osi&th=1&psc=1"><img src="https://m.media-amazon.com/images/I/51dd2dYOtrL._SL500_.jpg" alt="Product Image"></a><p>Letter Stickers 30 Sheets 1500 PCS Large Alphabet Sticker 2 Inch Vinyl Self Adhesive Stick on Stickers for Water Bottles Cup Mailbox Number Address Craft Scrapbooking Bulletin Board Decor Multicolor</p><p>$9.99</p><a href="https://www.amazon.com/dp/B0CXPSGK36?tag=eloabder-20&linkCode=osi&th=1&psc=1">View Product</a></div><div class="product"><a href="https://www.amazon.com/dp/B07NNYFMGY?tag=eloabder-20&linkCode=osi&th=1&psc=1"><img src="https://m.media-amazon.com/images/I/51yDnU+gEXL._SL500_.jpg" alt="Product Image"></a><p>20 Sheets Alphabet Letter Stickers 10 Colors Self Adhesive Sticker Colorful PU Material Convex Feeling (Colored Letter Stickers 1)</p><p>$6.99 ($0.35 / Count)</p><a href="https://www.amazon.com/dp/B07NNYFMGY?tag=eloabder-20&linkCode=osi&th=1&psc=1">View Product</a></div>

<div class="product"><a href="https://www.amazon.com/dp/B01DDN8854?tag=eloabder-20&linkCode=osi&th=1&psc=1"><img src="https://m.media-amazon.com/images/I/61dPubDZBSL._SL500_.jpg" alt="Product Image"></a><p>Hugs 'n Kisses HNKHABY13 Applique Paper (20 Pack)</p><p>$19.72 ($0.99 / Count)</p><a href="https://www.amazon.com/dp/B01DDN8854?tag=eloabder-20&linkCode=osi&th=1&psc=1">View Product</a></div>
<div class="product"><a href="https://www.amazon.com/dp/B09KPNFJW1?tag=eloabder-20&linkCode=osi&th=1&psc=1"><img src="https://m.media-amazon.com/images/I/41abn5fELmL._SL500_.jpg" alt="Product Image"></a><p>UniPleased Disposable Aprons (50 Count), Plastic apron for Painting Party, Cooking, Housework, Picnic etc.</p><p>$5.69</p><a href="https://www.amazon.com/dp/B09KPNFJW1?tag=eloabder-20&linkCode=osi&th=1&psc=1">View Product</a></div>
<div class="product"><a href="https://www.amazon.com/dp/B087M21MM2?tag=eloabder-20&linkCode=osi&th=1&psc=1"><img src="https://m.media-amazon.com/images/I/41Xf-jehhLL._SL500_.jpg" alt="Product Image"></a><p>GOTIDEAL Stretched Canvas, Multi Pack 4x4, 5x7, 8x10,9x12, 11x14 Set of 10, Primed White - 100% Cotton Artist Canvas Boards for Painting, Acrylic Pouring, Oil Paint Dry & Wet Art Media</p><p>$24.99</p><a href="https://www.amazon.com/dp/B087M21MM2?tag=eloabder-20&linkCode=osi&th=1&psc=1">View Product</a></div><div class="product"><a href="https://www.amazon.com/dp/B00OQJYISG?tag=eloabder-20&linkCode=osi&th=1&psc=1"><img src="https://m.media-amazon.com/images/I/31fEDLPkkcL._SL500_.jpg" alt="Product Image"></a><p>6 Count 12” x 16” Super Value Canvas by Artist's Loft Necessities - Acid Free Cotton Canvas for Paint, Acrylic, & Oils - 1 Pack</p><p>$19.99</p><a href="https://www.amazon.com/dp/B00OQJYISG?tag=eloabder-20&linkCode=osi&th=1&psc=1">View Product</a></div><div class="product"><a href="https://www.amazon.com/dp/B09CDKB9HY?tag=eloabder-20&linkCode=osi&th=1&psc=1"><img src="https://m.media-amazon.com/images/I/51+p5xnClGL._SL500_.jpg" alt="Product Image"></a><p>DPDIAN Canvas Boards for Painting 40 Pack, 8 inch x 10 inch Super Value Pack, Artist Canvas Panels for Oil & Acrylic Painting</p><p>$29.99</p><a href="https://www.amazon.com/dp/B09CDKB9HY?tag=eloabder-20&linkCode=osi&th=1&psc=1">View Product</a></div><div class="product"><a href="https://www.amazon.com/dp/B0CFBGP29G?tag=eloabder-20&linkCode=osi&th=1&psc=1"><img src="https://m.media-amazon.com/images/I/3147Az5plbL._SL500_.jpg" alt="Product Image"></a><p>ArtSkills Stretched Canvases for Painting, 12x16 Canvas Painting Supplies for Artists, Blank Canvas Pack, 2-Pack</p><p>$16.99</p><a href="https://www.amazon.com/dp/B0CFBGP29G?tag=eloabder-20&linkCode=osi&th=1&psc=1">View Product</a></div><div class="product"><a href="https://www.amazon.com/dp/B07BNGQ1SS?tag=eloabder-20&linkCode=osi&th=1&psc=1"><img src="https://m.media-amazon.com/images/I/410ZVtygUwS._SL500_.jpg" alt="Product Image"></a><p>PHOENIX Stretched Canvas for Painting 8x10 Inch/10 Value Pack, 8 Oz Triple Primed 5/8 Inch Profile 100% Cotton White Blank Canvas, Artist Framed Canvas for Oil Acrylic & Pouring Art</p><p>$22.99</p><a href="https://www.amazon.com/dp/B07BNGQ1SS?tag=eloabder-20&linkCode=osi&th=1&psc=1">View Product</a></div><div class="product"><a href="https://www.amazon.com/dp/B0922JP1H4?tag=eloabder-20&linkCode=osi&th=1&psc=1"><img src="https://m.media-amazon.com/images/I/41BmiEND1KL._SL500_.jpg" alt="Product Image"></a><p>GOTIDEAL Canvases for Painting, 18 Pack Canvas Boards Multipack 4x4, 5x7, 8x10, 9x12,11x14,Primed White Blank Artist Canvas Variety Pack for Acrylic Paint, Oil Paint, Watercolor, Gouache</p><p>$19.99</p><a href="https://www.amazon.com/dp/B0922JP1H4?tag=eloabder-20&linkCode=osi&th=1&psc=1">View Product</a></div>


<div class="product"><a href="https://www.amazon.com/dp/B0872VFHBH?tag=eloabder-20&linkCode=osi&th=1&psc=1"><img src="https://m.media-amazon.com/images/I/51k3bekQheS._SL500_.jpg" alt="Product Image"></a><p>Bachmore Drawing Pad 9X12 Inch (110lb/180g), 60 Sheets, Top Spiral Bound Multi-Media for Artist Pro & Amateurs | Acrylic Art, Ink, Paint, Oil Pastels,Watercolor Mixed Media Sketch</p><p>$11.99</p><a href="https://www.amazon.com/dp/B0872VFHBH?tag=eloabder-20&linkCode=osi&th=1&psc=1">View Product</a></div><div class="product"><a href="https://www.amazon.com/dp/B0027A75A4?tag=eloabder-20&linkCode=osi&th=1&psc=1"><img src="https://m.media-amazon.com/images/I/51dyOxxcgYL._SL500_.jpg" alt="Product Image"></a><p>Strathmore 200 Series Sketch Pad, 9x12 inch, 100 Sheets, Tape Bound - Artist Sketchbook for Drawing, Illustration, Art Class Students</p><p>$6.99 ($0.07 / Count)</p><a href="https://www.amazon.com/dp/B0027A75A4?tag=eloabder-20&linkCode=osi&th=1&psc=1">View Product</a></div><div class="product"><a href="https://www.amazon.com/dp/B0BV13YQKX?tag=eloabder-20&linkCode=osi&th=1&psc=1"><img src="https://m.media-amazon.com/images/I/41VYfMpvXUL._SL500_.jpg" alt="Product Image"></a><p>Canson Graduate Watercolor Pad, Foldover, 9x12 inch, 20 Sheets | Artist Paper for Adults and Students - Painting, Gouache, Mixed Media and Ink</p><p>$4.97 ($0.41 / Count)</p><a href="https://www.amazon.com/dp/B0BV13YQKX?tag=eloabder-20&linkCode=osi&th=1&psc=1">View Product</a></div><div class="product"><a href="https://www.amazon.com/dp/B0024KMQ6K?tag=eloabder-20&linkCode=osi&th=1&psc=1"><img src="https://m.media-amazon.com/images/I/51sYdvPPUCL._SL500_.jpg" alt="Product Image"></a><p>Strathmore 400 Series Pastel Pad, Assorted Colors, 9"x12" Glue Bound, 24 Sheets</p><p>$9.11</p><a href="https://www.amazon.com/dp/B0024KMQ6K?tag=eloabder-20&linkCode=osi&th=1&psc=1">View Product</a></div><div class="product"><a href="https://www.amazon.com/dp/B00246O6PI?tag=eloabder-20&linkCode=osi&th=1&psc=1"><img src="https://m.media-amazon.com/images/I/517TUmckOIL._SL500_.jpg" alt="Product Image"></a><p>Strathmore 300 Series Drawing Paper Pad, Top Wire Bound, 11x14 inches, 50 Sheets (70lb/114g) - Artist Paper for Adults and Students - Charcoal, Colored Pencil, Ink, Pastel, Marker</p><p>$13.33</p><a href="https://www.amazon.com/dp/B00246O6PI?tag=eloabder-20&linkCode=osi&th=1&psc=1">View Product</a></div>
<div class="product"><a href="https://www.amazon.com/dp/B08ZMH7LJY?tag=eloabder-20&linkCode=osi&th=1&psc=1"><img src="https://m.media-amazon.com/images/I/51mJIsLJA-S._SL500_.jpg" alt="Product Image"></a><p>PANDAFLY Professional Drawing Sketching Pencil Set - 12 Pieces Graphite Pencils(14B - 2H), Ideal for Drawing Art, Sketching, Shading, Artist Pencils for Beginners & Pro Artists</p><p>$5.11</p><a href="https://www.amazon.com/dp/B08ZMH7LJY?tag=eloabder-20&linkCode=osi&th=1&psc=1">View Product</a></div><div class="product"><a href="https://www.amazon.com/dp/B088K1G5NL?tag=eloabder-20&linkCode=osi&th=1&psc=1"><img src="https://m.media-amazon.com/images/I/51F2bOMZWnL._SL500_.jpg" alt="Product Image"></a><p>MARKART Professional Drawing Sketching Pencil Set - 14 Pieces,Graphite,(12B - 4H), Ideal for Drawing Art, Sketching, Shading, Artist Pencils for Beginners & Pro Artists</p><p>$5.24</p><a href="https://www.amazon.com/dp/B088K1G5NL?tag=eloabder-20&linkCode=osi&th=1&psc=1">View Product</a></div><div class="product"><a href="https://www.amazon.com/dp/B08FHMRW4L?tag=eloabder-20&linkCode=osi&th=1&psc=1"><img src="https://m.media-amazon.com/images/I/51Pmn5gjyzL._SL500_.jpg" alt="Product Image"></a><p>Mr. Pen- Sketch Pencils for Drawing, 14 Pack, Drawing Pencils, Art Pencils, Graphite Pencils, Graphite Pencils for Drawing, Art Pencils for Drawing and Shading</p><p>$5.95</p><a href="https://www.amazon.com/dp/B08FHMRW4L?tag=eloabder-20&linkCode=osi&th=1&psc=1">View Product</a></div><div class="product"><a href="https://www.amazon.com/dp/B0BNQ58DC4?tag=eloabder-20&linkCode=osi&th=1&psc=1"><img src="https://m.media-amazon.com/images/I/51e-gQtCcCL._SL500_.jpg" alt="Product Image"></a><p>MARTCOLOR Drawing Sketching Pencils Set, 12 Pack Graphite Pencils(14B - 2H), Ideal for Drawing Art, Sketching, Shading, Artist Pencils for Beginners & Pro Artists</p><p>$5.99</p><a href="https://www.amazon.com/dp/B0BNQ58DC4?tag=eloabder-20&linkCode=osi&th=1&psc=1">View Product</a></div>

<div class="product"><a href="https://www.amazon.com/dp/B0851M3749?tag=eloabder-20&linkCode=osi&th=1&psc=1"><img src="https://m.media-amazon.com/images/I/41KKSGSDl5L._SL500_.jpg" alt="Product Image"></a><p>N NOROCME 12 PCS Blending Stumps and Tortillions Paper Art Blenders with Sandpaper Pencil Sharpener Pointer for Student Artist Charcoal Sketch Drawing Tools</p><p>$4.99</p><a href="https://www.amazon.com/dp/B0851M3749?tag=eloabder-20&linkCode=osi&th=1&psc=1">View Product</a></div><div class="product"><a href="https://www.amazon.com/dp/B09J3HKN8F?tag=eloabder-20&linkCode=osi&th=1&psc=1"><img src="https://m.media-amazon.com/images/I/51Qvx81eQLL._SL500_.jpg" alt="Product Image"></a><p>Eraser Pencils Set for Artists, Wooden Sketch Eraser Pen for Charcoal Drawings, Professional Highlight Painting Eraser for Sketching, Revise Erasing Details for Students Limner</p><p>$6.99</p><a href="https://www.amazon.com/dp/B09J3HKN8F?tag=eloabder-20&linkCode=osi&th=1&psc=1">View Product</a></div>
<div class="product"><a href="https://www.amazon.com/dp/B09WCQ89T8?tag=eloabder-20&linkCode=osi&th=1&psc=1"><img src="https://m.media-amazon.com/images/I/41gZz0qgBFL._SL500_.jpg" alt="Product Image"></a><p>Bernat BABY BLANKET BB Blue Dreams Yarn - 1 Pack of 10.5oz/300g - Polyester - #6 Super Bulky - 220 Yards - Knitting/Crochet</p><p>$6.97</p><a href="https://www.amazon.com/dp/B09WCQ89T8?tag=eloabder-20&linkCode=osi&th=1&psc=1">View Product</a></div><div class="product"><a href="https://www.amazon.com/dp/B07V5JVNFD?tag=eloabder-20&linkCode=osi&th=1&psc=1"><img src="https://m.media-amazon.com/images/I/41IS+HdtiOL._SL500_.jpg" alt="Product Image"></a><p>Lion Brand Yarn Basic Stitch Anti-Pilling Knitting Yarn, Yarn for Crocheting, 1-Pack, Baby Blue</p><p>$8.40 ($0.02 / Foot)</p><a href="https://www.amazon.com/dp/B07V5JVNFD?tag=eloabder-20&linkCode=osi&th=1&psc=1">View Product</a></div><div class="product"><a href="https://www.amazon.com/dp/B01M0AJID2?tag=eloabder-20&linkCode=osi&th=1&psc=1"><img src="https://m.media-amazon.com/images/I/41yVau0AUpL._SL500_.jpg" alt="Product Image"></a><p>Lion Brand Yarn (1 Skein) Lion Brand Yarn Babysoft Baby Yarn Yarn, Little Boy Blue Multicolor</p><p>$7.19 ($0.01 / Foot)</p><a href="https://www.amazon.com/dp/B01M0AJID2?tag=eloabder-20&linkCode=osi&th=1&psc=1">View Product</a></div><div class="product"><a href="https://www.amazon.com/dp/B09W1KHF42?tag=eloabder-20&linkCode=osi&th=1&psc=1"><img src="https://m.media-amazon.com/images/I/41maDlrio5L._SL500_.jpg" alt="Product Image"></a><p>Red Heart Super Saver Light Blue Yarn - 3 Pack of 198g/7oz - Acrylic - 4 Medium (Worsted) - 364 Yards - Knitting/Crochet</p><p>$13.29 ($4.43 / Count)</p><a href="https://www.amazon.com/dp/B09W1KHF42?tag=eloabder-20&linkCode=osi&th=1&psc=1">View Product</a></div><div class="product"><a href="https://www.amazon.com/dp/B08LKVZ3CX?tag=eloabder-20&linkCode=osi&th=1&psc=1"><img src="https://m.media-amazon.com/images/I/41GLizNx8UL._SL500_.jpg" alt="Product Image"></a><p>Bernat Baby Blanket Baby Blue Yarn - 3 Pack of 100g/3.5oz - Polyester - 6 Super Bulky - 72 Yards - Knitting/Crochet</p><p>$21.81</p><a href="https://www.amazon.com/dp/B08LKVZ3CX?tag=eloabder-20&linkCode=osi&th=1&psc=1">View Product</a></div><div class="product"><a href="https://www.amazon.com/dp/B0CHJ95WHJ?tag=eloabder-20&linkCode=osi&th=1&psc=1"><img src="https://m.media-amazon.com/images/I/314E1EQdihL._SL500_.jpg" alt="Product Image"></a><p>NORCIA Soft Velvet Yarn Chenille Yarn for Crocheting Baby Blanket Yarn for Knitting Amigurumi Yarn Fancy Yarn for Crochet Weaving Craft (Baby Blue, 1 Skein)</p><p>$9.99</p><a href="https://www.amazon.com/dp/B0CHJ95WHJ?tag=eloabder-20&linkCode=osi&th=1&psc=1">View Product</a></div>
<div class="product"><a href="https://www.amazon.com/dp/B0779F2TXJ?tag=eloabder-20&linkCode=osi&th=1&psc=1"><img src="https://m.media-amazon.com/images/I/31kqZr8DJzL._SL500_.jpg" alt="Product Image"></a><p>OPENDGO Feather Ballpoint Pen ，Black Ink Vintage Feather Quill Refined Plated Rod Quill Ballpoint Pen For School Writing ▏Wedding Gift Signature Pen (Black)</p><p>$6.97</p><a href="https://www.amazon.com/dp/B0779F2TXJ?tag=eloabder-20&linkCode=osi&th=1&psc=1">View Product</a></div><div class="product"><a href="https://www.amazon.com/dp/B0CQF3BJ3S?tag=eloabder-20&linkCode=osi&th=1&psc=1"><img src="https://m.media-amazon.com/images/I/41gs6AOiP6L._SL500_.jpg" alt="Product Image"></a><p>3 in 1 Retractable Ballpoint Pen with Light and Stylus, Nice Pens for Journaling Writing in The Dark - White/Red Light Tip- 0.7mm Black Ink</p><p>$12.99</p><a href="https://www.amazon.com/dp/B0CQF3BJ3S?tag=eloabder-20&linkCode=osi&th=1&psc=1">View Product</a></div><div class="product"><a href="https://www.amazon.com/dp/B08BBZ3B8G?tag=eloabder-20&linkCode=osi&th=1&psc=1"><img src="https://m.media-amazon.com/images/I/41cMHyw60wL._SL500_.jpg" alt="Product Image"></a><p>Mr. Pen- Pens, Black Pens, 12 Pack, Fast Dry, No Smear Pens, Bible Pens, Pens for Journaling, Pens No Bleed Through, Pens Fine Point, Journal Pens, Fine Tip, Planner Pens, Ball Point Journal Pens</p><p>$9.99</p><a href="https://www.amazon.com/dp/B08BBZ3B8G?tag=eloabder-20&linkCode=osi&th=1&psc=1">View Product</a></div><div class="product"><a href="https://www.amazon.com/dp/B0D4YWWGX6?tag=eloabder-20&linkCode=osi&th=1&psc=1"><img src="https://m.media-amazon.com/images/I/31xHBCCzJqL._SL500_.jpg" alt="Product Image"></a><p>PATIKIL 21cm/8" Feather Ballpoint Pen, 1Pcs Ink Vintage Quill Pen Refined Plated Dip Pen for Calligraphy Writing Signature Wedding Gift, Yellow</p><p>$7.49</p><a href="https://www.amazon.com/dp/B0D4YWWGX6?tag=eloabder-20&linkCode=osi&th=1&psc=1">View Product</a></div>

<div class="product"><a href="https://www.amazon.com/dp/B001TLDEVQ?tag=eloabder-20&linkCode=osi&th=1&psc=1"><img src="https://m.media-amazon.com/images/I/41jYF39F6lL._SL500_.jpg" alt="Product Image"></a><p>Beadalon SuppleMax Illusion Beading Cord, 0.40 mm / 0.016 in, Clear Monofilament, 50 m / 164 ft</p><p>$4.74</p><a href="https://www.amazon.com/dp/B001TLDEVQ?tag=eloabder-20&linkCode=osi&th=1&psc=1">View Product</a></div><div class="product"><a href="https://www.amazon.com/dp/B0D2HVFZ7Q?tag=eloabder-20&linkCode=osi&th=1&psc=1"><img src="https://m.media-amazon.com/images/I/41R66LMYz7L._SL500_.jpg" alt="Product Image"></a><p>Zxiixz 116Yards 0.5mm Bracelet String, Waxed String Cord for Bracelet Making, Beading Thread for Bracelet Beads, Friendship Bracelet String for Bracelet Making, Waxed Polyester Cord for Jewelry Making</p><p>$6.99</p><a href="https://www.amazon.com/dp/B0D2HVFZ7Q?tag=eloabder-20&linkCode=osi&th=1&psc=1">View Product</a></div><div class="product"><a href="https://www.amazon.com/dp/B07BNF8KH5?tag=eloabder-20&linkCode=osi&th=1&psc=1"><img src="https://m.media-amazon.com/images/I/51jVByheyVL._SL500_.jpg" alt="Product Image"></a><p>PH PandaHall 100 Yards 1mm Waxed Cotton Cord Thread Beading String for Bracelet Necklace Making Crafting Beading Macrame Vase Decor, Burlywood</p><p>$7.19 ($0.02 / Foot)</p><a href="https://www.amazon.com/dp/B07BNF8KH5?tag=eloabder-20&linkCode=osi&th=1&psc=1">View Product</a></div><div class="product"><a href="https://www.amazon.com/dp/B07HBPGXJG?tag=eloabder-20&linkCode=osi&th=1&psc=1"><img src="https://m.media-amazon.com/images/I/41xi8gO6kDL._SL500_.jpg" alt="Product Image"></a><p>Paxcoo 0.8mm Elastic String, Stretchy Bracelet String Crystal String Bead Cord for Bracelet, Beading and Jewelry Making (120m)</p><p>$6.99 ($0.02 / Foot)</p><a href="https://www.amazon.com/dp/B07HBPGXJG?tag=eloabder-20&linkCode=osi&th=1&psc=1">View Product</a></div><div class="product"><a href="https://www.amazon.com/dp/B0CNPST7D9?tag=eloabder-20&linkCode=osi&th=1&psc=1"><img src="https://m.media-amazon.com/images/I/41A9VISFC4L._SL500_.jpg" alt="Product Image"></a><p>Kblick Black Nylon String Cord - 1MM 100 Yards Black Twine, Bracelet String for Bracelet Making, Braided Ornament Lanyard Sting, Jewelry Thread Clay Bead String for Crafts, Macrame Satin Cord</p><p>$5.99 ($0.02 / Foot)</p><a href="https://www.amazon.com/dp/B0CNPST7D9?tag=eloabder-20&linkCode=osi&th=1&psc=1">View Product</a></div><div class="product"><a href="https://www.amazon.com/dp/B08GC3JF9X?tag=eloabder-20&linkCode=osi&th=1&psc=1"><img src="https://m.media-amazon.com/images/I/41FQZYhvQpL._SL500_.jpg" alt="Product Image"></a><p>Cheriswelry 100M 0.8mm Nylon Beading Cord Black Chinese Knotting Rattail Macrame Thread String Roll for Jewelry Making Kumihimo Wrapping Supplies DIY Crafts</p><p>$6.99 ($0.02 / Fl Oz)</p><a href="https://www.amazon.com/dp/B08GC3JF9X?tag=eloabder-20&linkCode=osi&th=1&psc=1">View Product</a></div><div class="product"><a href="https://www.amazon.com/dp/B0B3V9RWQC?tag=eloabder-20&linkCode=osi&th=1&psc=1"><img src="https://m.media-amazon.com/images/I/41F-OP+yCxL._SL500_.jpg" alt="Product Image"></a><p>Griffin Silk Bead Cord Perlseide – Black Color – Size 3 (0.50mm) – 2 Meters per Card – Stainless Steel Needle Attached – for Knotting Pearls, Gemstones, Crystals and Beads</p><p>$4.99 ($0.76 / Foot)</p><a href="https://www.amazon.com/dp/B0B3V9RWQC?tag=eloabder-20&linkCode=osi&th=1&psc=1">View Product</a></div><div class="product"><a href="https://www.amazon.com/dp/B08F49YVQP?tag=eloabder-20&linkCode=osi&th=1&psc=1"><img src="https://m.media-amazon.com/images/I/41yCMIpj0rS._SL500_.jpg" alt="Product Image"></a><p>1mm Stretchy Bracelet String, Sturdy Rainbow Elastic String Elastic Cord for Jewelry Making, Necklaces, Beading and Crafts</p><p>$6.99 ($0.04 / Foot)</p><a href="https://www.amazon.com/dp/B08F49YVQP?tag=eloabder-20&linkCode=osi&th=1&psc=1">View Product</a></div>

<div class="product"><a href="https://www.amazon.com/dp/B001GMUBJ6?tag=eloabder-20&linkCode=osi&th=1&psc=1"><img src="https://m.media-amazon.com/images/I/41V5qzn3H5L._SL500_.jpg" alt="Product Image"></a><p>The Beadsmith Fireline by Berkley – Micro-Fused Braided Thread – 6lb. Test, 006”/.15mm Diameter, 50 Yard Spool, Crystal Color – Super Strong Stringing Material for Jewelry Making and Bead Weaving</p><p>$12.59</p><a href="https://www.amazon.com/dp/B001GMUBJ6?tag=eloabder-20&linkCode=osi&th=1&psc=1">View Product</a></div><div class="product"><a href="https://www.amazon.com/dp/B001UAKK0Y?tag=eloabder-20&linkCode=osi&th=1&psc=1"><img src="https://m.media-amazon.com/images/I/41rY1D0wfuL._SL500_.jpg" alt="Product Image"></a><p>Beadalon Wildfire, 0.006 in, 0.15 mm, Break Strength 10 lb / 4.5 kg, Frost, 50 yd / 45 m</p><p>$8.85 ($0.06 / Foot)</p><a href="https://www.amazon.com/dp/B001UAKK0Y?tag=eloabder-20&linkCode=osi&th=1&psc=1">View Product</a></div><div class="product"><a href="https://www.amazon.com/dp/B095WY58F4?tag=eloabder-20&linkCode=osi&th=1&psc=1"><img src="https://m.media-amazon.com/images/I/41mXRfJqcjL._SL500_.jpg" alt="Product Image"></a><p>PH PandaHall 0.1mm Nylon Seed Bead Thread 100 Yards Black White Bracelet Cord Beading Thread Invisible Sewing Thread Nylon Braided Thread String for Leather Stitching Beading Jewelry Bracelets Making</p><p>$9.99 ($0.03 / Foot)</p><a href="https://www.amazon.com/dp/B095WY58F4?tag=eloabder-20&linkCode=osi&th=1&psc=1">View Product</a></div><div class="product"><a href="https://www.amazon.com/dp/B08RN2R2SZ?tag=eloabder-20&linkCode=osi&th=1&psc=1"><img src="https://m.media-amazon.com/images/I/41Tg2MMC++L._SL500_.jpg" alt="Product Image"></a><p>KO Nylon Beading Thread, White Color, Japanese Pre-Waxed 100% Nylon, 330TEX, Tangle Resistant Knotting Cords, 50m /55 yds Spool, Use for Seed Bead Projects, Loom Work & Bead Weaving</p><p>$7.06 ($0.04 / Foot)</p><a href="https://www.amazon.com/dp/B08RN2R2SZ?tag=eloabder-20&linkCode=osi&th=1&psc=1">View Product</a></div><div class="product"><a href="https://www.amazon.com/dp/B09J89ST79?tag=eloabder-20&linkCode=osi&th=1&psc=1"><img src="https://m.media-amazon.com/images/I/41hLuuOZeXL._SL500_.jpg" alt="Product Image"></a><p>2 Roll Polyester Thread, Heavy Duty Thread, 1500Yard/Reel 210D/3 nylon thread for sewing, Sewing Thread for Upholstery, Outdoor Market, Drapery, Leather, Beading, Crafts</p><p>$7.99 ($0.00 / Foot)</p><a href="https://www.amazon.com/dp/B09J89ST79?tag=eloabder-20&linkCode=osi&th=1&psc=1">View Product</a></div><div class="product"><a href="https://www.amazon.com/dp/B0C6MSY7QQ?tag=eloabder-20&linkCode=osi&th=1&psc=1"><img src="https://m.media-amazon.com/images/I/31Bn-MyA62L._SL500_.jpg" alt="Product Image"></a><p>PH PandaHall 0.1mm Nylon String 100 Yards Beading Thread White Nylon Seed Bead Thread Bracelet Beading Thread Sewing String for Leather Stitching Beading Jewelry Bracelets Making</p><p>$7.99 ($0.03 / Foot)</p><a href="https://www.amazon.com/dp/B0C6MSY7QQ?tag=eloabder-20&linkCode=osi&th=1&psc=1">View Product</a></div>

<div class="product"><a href="https://www.amazon.com/dp/B07NMNDT1W?tag=eloabder-20&linkCode=osi&th=1&psc=1"><img src="https://m.media-amazon.com/images/I/41-zwQIcVcL._SL500_.jpg" alt="Product Image"></a><p>Howemon White Beeswax Pellets 2LB 100% Pure and Natural Triple Filtered for Skin, Face, Body and Hair Care DIY Creams, Lotions, Lip Balm and Soap Making Supplies</p><p>$13.99 ($0.44 / Fl Oz)</p><a href="https://www.amazon.com/dp/B07NMNDT1W?tag=eloabder-20&linkCode=osi&th=1&psc=1">View Product</a></div><div class="product"><a href="https://www.amazon.com/dp/B00B3U0FW4?tag=eloabder-20&linkCode=osi&th=1&psc=1"><img src="https://m.media-amazon.com/images/I/51rWFCST+TL._SL500_.jpg" alt="Product Image"></a><p>Beesworks Yellow Beeswax Pellets (1 lb) | 100% Pure, Cosmetic Grade, Triple-Filtered Beeswax for DIY Skin care, Lip Balm, Lotion, and Candle Making</p><p>$13.99 ($0.87 / Ounce)</p><a href="https://www.amazon.com/dp/B00B3U0FW4?tag=eloabder-20&linkCode=osi&th=1&psc=1">View Product</a></div><div class="product"><a href="https://www.amazon.com/dp/B01LWX2IO1?tag=eloabder-20&linkCode=osi&th=1&psc=1"><img src="https://m.media-amazon.com/images/I/41MlNqhDyCL._SL500_.jpg" alt="Product Image"></a><p>Beesworks Yellow Beeswax Bars (6 oz) | 100% Pure, Cosmetic Grade, Triple-Filtered Beeswax for DIY Skin Care, Lip Balm, Lotion and Candle Making (1 oz Bars - Pack of 6)</p><p>$6.99</p><a href="https://www.amazon.com/dp/B01LWX2IO1?tag=eloabder-20&linkCode=osi&th=1&psc=1">View Product</a></div><div class="product"><a href="https://www.amazon.com/dp/B0BV77F19N?tag=eloabder-20&linkCode=osi&th=1&psc=1"><img src="https://m.media-amazon.com/images/I/41xzHaO1-EL._SL500_.jpg" alt="Product Image"></a><p>Beeswax Pellets 10LB Cosmetic Beeswax Triple Filtered Beeswax Pastilles for Candle Making Great for DIY Projects Creams Lotions Lip Balm and Soap Making Supplies(10LB)</p><p>$32.99</p><a href="https://www.amazon.com/dp/B0BV77F19N?tag=eloabder-20&linkCode=osi&th=1&psc=1">View Product</a></div><div class="product"><a href="https://www.amazon.com/dp/B0C9QSG3CY?tag=eloabder-20&linkCode=osi&th=1&psc=1"><img src="https://m.media-amazon.com/images/I/414XQcU6SRL._SL500_.jpg" alt="Product Image"></a><p>YASNAY White Beeswax Pellets 2LB, 100% Organic Beeswax, Beeswax for Candle Making, Body, Skin Care DIY, Lip Balm and Soap Making Supplies</p><p>$11.99</p><a href="https://www.amazon.com/dp/B0C9QSG3CY?tag=eloabder-20&linkCode=osi&th=1&psc=1">View Product</a></div><div class="product"><a href="https://www.amazon.com/dp/B097HTC4WN?tag=eloabder-20&linkCode=osi&th=1&psc=1"><img src="https://m.media-amazon.com/images/I/51pwMM7C6-L._SL500_.jpg" alt="Product Image"></a><p>Eco Lux 8 Yellow Beeswax Blocks 100% Pure Natural Organic Bees Wax 6.5oz</p><p>$8.49 ($1.35 / Ounce)</p><a href="https://www.amazon.com/dp/B097HTC4WN?tag=eloabder-20&linkCode=osi&th=1&psc=1">View Product</a></div><div class="product"><a href="https://www.amazon.com/dp/B00HDHQQCE?tag=eloabder-20&linkCode=osi&th=1&psc=1"><img src="https://m.media-amazon.com/images/I/41vF-7MwNhL._SL500_.jpg" alt="Product Image"></a><p>Murray's 100% Pure Beeswax 4 oz</p><p>$5.98 ($1.50 / Ounce)</p><a href="https://www.amazon.com/dp/B00HDHQQCE?tag=eloabder-20&linkCode=osi&th=1&psc=1">View Product</a></div><div class="product"><a href="https://www.amazon.com/dp/B09YM8JTLM?tag=eloabder-20&linkCode=osi&th=1&psc=1"><img src="https://m.media-amazon.com/images/I/41cjNuBnFEL._SL500_.jpg" alt="Product Image"></a><p>TRINIDa Beeswax Pellets 2LB(32 oz), 100% Organic Yellow Bees Wax for DIY Candles, Beeswax for Candle Making, Skin, Body, Face, and Hair Care, Lotions, DIY Creams, Lip Balm and Soap Making Supplies</p><p>$11.99</p><a href="https://www.amazon.com/dp/B09YM8JTLM?tag=eloabder-20&linkCode=osi&th=1&psc=1">View Product</a></div><div class="product"><a href="https://www.amazon.com/dp/B00F3CNMV4?tag=eloabder-20&linkCode=osi&th=1&psc=1"><img src="https://m.media-amazon.com/images/I/31pjrRAEa4L._SL500_.jpg" alt="Product Image"></a><p>Stakich Yellow Beeswax Block - Natural, Triple Filtered - 1 Pound, Honey Scent</p><p>$13.95 ($0.87 / Ounce)</p><a href="https://www.amazon.com/dp/B00F3CNMV4?tag=eloabder-20&linkCode=osi&th=1&psc=1">View Product</a></div><div class="product"><a href="https://www.amazon.com/dp/B0BXFZBZS9?tag=eloabder-20&linkCode=osi&th=1&psc=1"><img src="https://m.media-amazon.com/images/I/4178i9IB9KL._SL500_.jpg" alt="Product Image"></a><p>5LB Beeswax Pellets Beeswax for Candle Making Organic Beeswax Pellets for Skin Beeswax Beads Beeswax Bulk Beeswax for Lotion Making Organic for DIY and Craft Project</p><p>$22.99</p><a href="https://www.amazon.com/dp/B0BXFZBZS9?tag=eloabder-20&linkCode=osi&th=1&psc=1">View Product</a></div>
<div class="product"><a href="https://www.amazon.com/dp/B0052F1BVK?tag=eloabder-20&linkCode=osi&th=1&psc=1"><img src="https://m.media-amazon.com/images/I/41zE9eiGoLL._SL500_.jpg" alt="Product Image"></a><p>ACC Staples Large Binder Clips, 2" Width, 1" Capacity, Black, 12/Pk</p><p>$6.30</p><a href="https://www.amazon.com/dp/B0052F1BVK?tag=eloabder-20&linkCode=osi&th=1&psc=1">View Product</a></div><div class="product"><a href="https://www.amazon.com/dp/B07MLFR771?tag=eloabder-20&linkCode=osi&th=1&psc=1"><img src="https://m.media-amazon.com/images/I/51N2wxA7N0L._SL500_.jpg" alt="Product Image"></a><p>CooBigo 50 Pack Binder Ring, Metal Book Ring Paper Ring Holder 5/8-Inch Loose Leaf Binder Ring Clip for Index Card, Flash Card Ring, Card Calendar, Keychain Key Ring - Bronze</p><p>$6.99</p><a href="https://www.amazon.com/dp/B07MLFR771?tag=eloabder-20&linkCode=osi&th=1&psc=1">View Product</a></div><div class="product"><a href="https://www.amazon.com/dp/B01563NHGY?tag=eloabder-20&linkCode=osi&th=1&psc=1"><img src="https://m.media-amazon.com/images/I/41gj+0ZftqL._SL500_.jpg" alt="Product Image"></a><p>vanki Pack of 40 Cute Lovely Smiling Face Spring-Loaded File Organizer Paper Holder Metal Binder Clips, Assorted Color</p><p>$8.99</p><a href="https://www.amazon.com/dp/B01563NHGY?tag=eloabder-20&linkCode=osi&th=1&psc=1">View Product</a></div><div class="product"><a href="https://www.amazon.com/dp/B000GOUDSO?tag=eloabder-20&linkCode=osi&th=1&psc=1"><img src="https://m.media-amazon.com/images/I/41ZANISHgML._SL500_.jpg" alt="Product Image"></a><p>Small Binder Clips .75" 8/Pkg-Assorted Colors</p><p>$4.46</p><a href="https://www.amazon.com/dp/B000GOUDSO?tag=eloabder-20&linkCode=osi&th=1&psc=1">View Product</a></div>
<div class="product"><a href="https://www.amazon.com/dp/B07PRPX4VR?tag=eloabder-20&linkCode=osi&th=1&psc=1"><img src="https://m.media-amazon.com/images/I/41IMH12fdPL._SL500_.jpg" alt="Product Image"></a><p>Durable Sheet Lifters, Durable Easy Flow, 11" x 3", Lifts Sheets Over Rings and Protects Sheets from Tearing, Fit Standard 3-Ring Binders, Black (20 Pack)</p><p>$14.99</p><a href="https://www.amazon.com/dp/B07PRPX4VR?tag=eloabder-20&linkCode=osi&th=1&psc=1">View Product</a></div><div class="product"><a href="https://www.amazon.com/dp/B0CM8QJHFW?tag=eloabder-20&linkCode=osi&th=1&psc=1"><img src="https://m.media-amazon.com/images/I/31cJGS74oCL._SL500_.jpg" alt="Product Image"></a><p>Wantane D-Shaped Tape Storage Ring Tape Storage Ring 4" D-Shaped Washi Tape Storage Ring for DIY Decoration and Storage（Nickel）-2PCS</p><p>$7.99</p><a href="https://www.amazon.com/dp/B0CM8QJHFW?tag=eloabder-20&linkCode=osi&th=1&psc=1">View Product</a></div>
<div class="product"><a href="https://www.amazon.com/dp/B00006IAS3?tag=eloabder-20&linkCode=osi&th=1&psc=1"><img src="https://m.media-amazon.com/images/I/317DvSXhT1L._SL500_.jpg" alt="Product Image"></a><p>GBC Binding System, Manual, Desktop Binding Punch, 6 Sheet Punch Capacity, ProClick P50 (2515650)</p><p>$123.89</p><a href="https://www.amazon.com/dp/B00006IAS3?tag=eloabder-20&linkCode=osi&th=1&psc=1">View Product</a></div><div class="product"><a href="https://www.amazon.com/dp/B004BP81KQ?tag=eloabder-20&linkCode=osi&th=1&psc=1"><img src="https://m.media-amazon.com/images/I/51SqfeZ12KL._SL500_.jpg" alt="Product Image"></a><p>We R Memory Keepers Cinch Book Binding Wire (1-Inch, Silver (2 Pack))</p><p>$5.99</p><a href="https://www.amazon.com/dp/B004BP81KQ?tag=eloabder-20&linkCode=osi&th=1&psc=1">View Product</a></div>

<div class="product"><a href="https://www.amazon.com/dp/B0007ZJ8TM?tag=eloabder-20&linkCode=osi&th=1&psc=1"><img src="https://m.media-amazon.com/images/I/41i49sz3UAL._SL500_.jpg" alt="Product Image"></a><p>Speedball Super Black India Ink, 2-Ounce</p><p>$9.99 ($9.99 / Count)</p><a href="https://www.amazon.com/dp/B0007ZJ8TM?tag=eloabder-20&linkCode=osi&th=1&psc=1">View Product</a></div><div class="product"><a href="https://www.amazon.com/dp/B0026I10AI?tag=eloabder-20&linkCode=osi&th=1&psc=1"><img src="https://m.media-amazon.com/images/I/31vklP4uBsL._SL500_.jpg" alt="Product Image"></a><p>Dr. Ph. Martin's Bombay India (7BY) Ink Bottle, 1.0 oz, Black</p><p>$6.99</p><a href="https://www.amazon.com/dp/B0026I10AI?tag=eloabder-20&linkCode=osi&th=1&psc=1">View Product</a></div><div class="product"><a href="https://www.amazon.com/dp/B000KNP96C?tag=eloabder-20&linkCode=osi&th=1&psc=1"><img src="https://m.media-amazon.com/images/I/51e9srYtG0L._SL500_.jpg" alt="Product Image"></a><p>Winsor & Newton Drawing Ink, 14ml Bottle, Black Indian</p><p>$10.99</p><a href="https://www.amazon.com/dp/B000KNP96C?tag=eloabder-20&linkCode=osi&th=1&psc=1">View Product</a></div><div class="product"><a href="https://www.amazon.com/dp/B07BQG5QF4?tag=eloabder-20&linkCode=osi&th=1&psc=1"><img src="https://m.media-amazon.com/images/I/41nEMDYZaiL._SL500_.jpg" alt="Product Image"></a><p>Speedball Super Black India Ink, 16-Ounce</p><p>$19.99</p><a href="https://www.amazon.com/dp/B07BQG5QF4?tag=eloabder-20&linkCode=osi&th=1&psc=1">View Product</a></div><div class="product"><a href="https://www.amazon.com/dp/B001038NLY?tag=eloabder-20&linkCode=osi&th=1&psc=1"><img src="https://m.media-amazon.com/images/I/418i4sxJJ0L._SL500_.jpg" alt="Product Image"></a><p>Speedball Fabric Screen Printing Ink, 8-Ounce, Black for T-Shirt and Silkscreen Printmaking</p><p>$12.99 ($1.62 / Fl Oz)</p><a href="https://www.amazon.com/dp/B001038NLY?tag=eloabder-20&linkCode=osi&th=1&psc=1">View Product</a></div><div class="product"><a href="https://www.amazon.com/dp/B00161OPSA?tag=eloabder-20&linkCode=osi&th=1&psc=1"><img src="https://m.media-amazon.com/images/I/41C32y3CJAL._SL500_.jpg" alt="Product Image"></a><p>Tsukineko VersaFine inkpad, Full-Size, Onyx Black</p><p>$4.99 ($4.99 / Count)</p><a href="https://www.amazon.com/dp/B00161OPSA?tag=eloabder-20&linkCode=osi&th=1&psc=1">View Product</a></div>
<div class="product"><a href="https://www.amazon.com/dp/B07Q4TJCDJ?tag=eloabder-20&linkCode=osi&th=1&psc=1"><img src="https://m.media-amazon.com/images/I/315HYvYg-BL._SL500_.jpg" alt="Product Image"></a><p>Primbeeks 300pcs Blank Business Cards, Premium Blank White Cards, 3.5" x 2.2" Small Blank Cards, Blank Cardstock Cards, Small Note Cards, white blank cards, white business cards, kraft paper cards</p><p>$7.99</p><a href="https://www.amazon.com/dp/B07Q4TJCDJ?tag=eloabder-20&linkCode=osi&th=1&psc=1">View Product</a></div><div class="product"><a href="https://www.amazon.com/dp/B0CRGHFLT8?tag=eloabder-20&linkCode=osi&th=1&psc=1"><img src="https://m.media-amazon.com/images/I/41S1NLpb8hL._SL500_.jpg" alt="Product Image"></a><p>Watercolor Cards and Envelopes Set - 50 Folded 5x7 Inch Blank Heavyweight Paper Cards (140lb/300gsm) with Matching Envelopes for DIY Greeting Cards, Festivals, and Events</p><p>$17.99 ($0.36 / Count)</p><a href="https://www.amazon.com/dp/B0CRGHFLT8?tag=eloabder-20&linkCode=osi&th=1&psc=1">View Product</a></div><div class="product"><a href="https://www.amazon.com/dp/B08MX4TZ3H?tag=eloabder-20&linkCode=osi&th=1&psc=1"><img src="https://m.media-amazon.com/images/I/41D2u4vdLQL._SL500_.jpg" alt="Product Image"></a><p>50 Pack Blank Kraft Cards Cardstock Thick Paper Brown Greeting Cards for DIY Gift Card Menus, Baby Shower and Wedding Invitations (Multicolored, 5x7IN)</p><p>$8.99</p><a href="https://www.amazon.com/dp/B08MX4TZ3H?tag=eloabder-20&linkCode=osi&th=1&psc=1">View Product</a></div><div class="product"><a href="https://www.amazon.com/dp/B08BDGGVMK?tag=eloabder-20&linkCode=osi&th=1&psc=1"><img src="https://m.media-amazon.com/images/I/41W-dTUoBqL._SL500_.jpg" alt="Product Image"></a><p>100pcs 3.54"x2" Blank Kraft Paper Business Card, Words Message Notes paper Tags, Mini Craft Cardboard Festival gifts - 6 colors</p><p>$5.98</p><a href="https://www.amazon.com/dp/B08BDGGVMK?tag=eloabder-20&linkCode=osi&th=1&psc=1">View Product</a></div><div class="product"><a href="https://www.amazon.com/dp/B08BFDJJ78?tag=eloabder-20&linkCode=osi&th=1&psc=1"><img src="https://m.media-amazon.com/images/I/61LZ1Csb+dL._SL500_.jpg" alt="Product Image"></a><p>Nettbe 100pcs 3.54"x2" Blank Kraft Paper Business Card, Words Message Notes paper Tags, Mini Craft Cardboard Festival gifts</p><p>$5.99</p><a href="https://www.amazon.com/dp/B08BFDJJ78?tag=eloabder-20&linkCode=osi&th=1&psc=1">View Product</a></div><div class="product"><a href="https://www.amazon.com/dp/B07Q8YBJM3?tag=eloabder-20&linkCode=osi&th=1&psc=1"><img src="https://m.media-amazon.com/images/I/31w6U4cCqEL._SL500_.jpg" alt="Product Image"></a><p>Primbeeks 228pcs Blank Business Cards, Premium Blank White Cards, 3.5" x 2.2" Small Blank Cards, Blank Cardstock Cards, Small Note Cards, white blank cards, white business cards, kraft paper cards</p><p>$5.99</p><a href="https://www.amazon.com/dp/B07Q8YBJM3?tag=eloabder-20&linkCode=osi&th=1&psc=1">View Product</a></div><div class="product"><a href="https://www.amazon.com/dp/B08X4Z9TGN?tag=eloabder-20&linkCode=osi&th=1&psc=1"><img src="https://m.media-amazon.com/images/I/41Jqhe35tDL._SL500_.jpg" alt="Product Image"></a><p>321Done Blank Rustic Cards, Made in USA - 4x6 Thick, Heavy Cardstock - Make Invites, Greeting, Note, Thank You Cards - Plain Kraft for Writing, Stamping, Printing, Art - No Envelopes - Set of 50</p><p>$14.99</p><a href="https://www.amazon.com/dp/B08X4Z9TGN?tag=eloabder-20&linkCode=osi&th=1&psc=1">View Product</a></div><div class="product"><a href="https://www.amazon.com/dp/B0D2KDWBNM?tag=eloabder-20&linkCode=osi&th=1&psc=1"><img src="https://m.media-amazon.com/images/I/31dAhnBJ7aL._SL500_.jpg" alt="Product Image"></a><p>4x6 Blank White Cardstock (Set of 100) - Card Stock for Printer Postcards, Photo Paper Invitations, Greeting, Note, Thank You, DIY Making, Index Cards - Plain for Writing, Stamping, Printing, Art</p><p>$8.99</p><a href="https://www.amazon.com/dp/B0D2KDWBNM?tag=eloabder-20&linkCode=osi&th=1&psc=1">View Product</a></div><div class="product"><a href="https://www.amazon.com/dp/B0BB858RYN?tag=eloabder-20&linkCode=osi&th=1&psc=1"><img src="https://m.media-amazon.com/images/I/317zmriPKNL._SL500_.jpg" alt="Product Image"></a><p>WANDERINGS Handmade White Deckle Edge Blank Greeting Cards- Folded to 5x7” - Pack of 25 - Writers, Artists, Crafters - Thank Yous, Invitations, Menus, Greeting Cards, Notes - Thick 150 GSM</p><p>$21.99 ($0.88 / Count)</p><a href="https://www.amazon.com/dp/B0BB858RYN?tag=eloabder-20&linkCode=osi&th=1&psc=1">View Product</a></div><div class="product"><a href="https://www.amazon.com/dp/B0BZPPXRZW?tag=eloabder-20&linkCode=osi&th=1&psc=1"><img src="https://m.media-amazon.com/images/I/21Da-WQhrpL._SL500_.jpg" alt="Product Image"></a><p>100 Pack Thick Paper Cardstock Blank Heavy Cards Stock for Invitations, Greeting Cards Making, Postcards, Photos, 250GSM Thick Paper (White, 2x3.5 inches)</p><p>$5.99</p><a href="https://www.amazon.com/dp/B0BZPPXRZW?tag=eloabder-20&linkCode=osi&th=1&psc=1">View Product</a></div>
<div class="product"><a href="https://www.amazon.com/dp/B0BZRDQKH6?tag=eloabder-20&linkCode=osi&th=1&psc=1"><img src="https://m.media-amazon.com/images/I/41GYYRiusgL._SL500_.jpg" alt="Product Image"></a><p>feela 8 Pack Unlined Kraft Paper Notebooks, Blank Journal Note Pad for Drawing Writing, Small Sketchbook Travel Journal Bulk for Women Kids Students Office School Supplies, A5, 60 Pages, 8.3” X 5.5”</p><p>$9.99</p><a href="https://www.amazon.com/dp/B0BZRDQKH6?tag=eloabder-20&linkCode=osi&th=1&psc=1">View Product</a></div><div class="product"><a href="https://www.amazon.com/dp/B0BXLB74KK?tag=eloabder-20&linkCode=osi&th=1&psc=1"><img src="https://m.media-amazon.com/images/I/313vYzg7HpL._SL500_.jpg" alt="Product Image"></a><p>ZZTX 4 Pack Blank Kraft Notebooks, Blank Paper Sketchbooks for Drawing Doodling Writing,Travel Journal Set, A5, 36 Pages, 8.3” X 5.5”</p><p>$5.99</p><a href="https://www.amazon.com/dp/B0BXLB74KK?tag=eloabder-20&linkCode=osi&th=1&psc=1">View Product</a></div><div class="product"><a href="https://www.amazon.com/dp/B0BW5TNPXJ?tag=eloabder-20&linkCode=osi&th=1&psc=1"><img src="https://m.media-amazon.com/images/I/31Wu8UP78iL._SL500_.jpg" alt="Product Image"></a><p>EOOUT Kraft Notebooks, Blank Page Journals in Bulk, 16pcs A5, 8.3 X 5.5 Inches, 60 Pages, 80gsm, Travel Journal Set, for Art Camp, Travelers, Students and Office Supplies Sketchbooks Bulk for Kids</p><p>$15.99</p><a href="https://www.amazon.com/dp/B0BW5TNPXJ?tag=eloabder-20&linkCode=osi&th=1&psc=1">View Product</a></div><div class="product"><a href="https://www.amazon.com/dp/B08P3F46SD?tag=eloabder-20&linkCode=osi&th=1&psc=1"><img src="https://m.media-amazon.com/images/I/41jeBDcZJ1L._SL500_.jpg" alt="Product Image"></a><p>Krafty Soft Cover Blank Notebook Journal, Spiral Sketchbook Pad, Drawing Book, 60 Sheets/140gsm (A4)/120 Pages</p><p>$7.99</p><a href="https://www.amazon.com/dp/B08P3F46SD?tag=eloabder-20&linkCode=osi&th=1&psc=1">View Product</a></div><div class="product"><a href="https://www.amazon.com/dp/B0CWNPMC4T?tag=eloabder-20&linkCode=osi&th=1&psc=1"><img src="https://m.media-amazon.com/images/I/31BZeVGe6TL._SL500_.jpg" alt="Product Image"></a><p>zmybcpack 5 Pack Blank Journal Notebooks, Blank Paper Sketchbook for Drawing Writing, Travel Journal Notebook Kraft Paper Notebook for Travelers, Students, Office, A5, 8.26” x 5.5”, 60 Pages/30 Sheets</p><p>$8.99</p><a href="https://www.amazon.com/dp/B0CWNPMC4T?tag=eloabder-20&linkCode=osi&th=1&psc=1">View Product</a></div><div class="product"><a href="https://www.amazon.com/dp/B07WHYP9WN?tag=eloabder-20&linkCode=osi&th=1&psc=1"><img src="https://m.media-amazon.com/images/I/41ZhyCux1yL._SL500_.jpg" alt="Product Image"></a><p>Thick Blank Journal Notebook with Unlined / Unruled / Plain Pages | Deluxe 120gsm Ink Resistant Paper for Writing, Sketch Book, 160 Pages | Hardcover Sketchbook with Pen Holder, Pocket, Ribbon (Black)</p><p>$14.99</p><a href="https://www.amazon.com/dp/B07WHYP9WN?tag=eloabder-20&linkCode=osi&th=1&psc=1">View Product</a></div>
<div class="product"><a href="https://www.amazon.com/dp/B07MT7HKZW?tag=eloabder-20&linkCode=osi&th=1&psc=1"><img src="https://m.media-amazon.com/images/I/413JwH5JREL._SL500_.jpg" alt="Product Image"></a><p>Spiral Sketch Book Large Notebook（Built-in Drawing Board） Kraft Cover Blank Sketch Pad Wirebound Sketching for Drawing Painting 8.5x11-Inch (2 Pack) 200 Sheets, 100 Sheets, 200Pages Each</p><p>$17.99 ($9.00 / Count)</p><a href="https://www.amazon.com/dp/B07MT7HKZW?tag=eloabder-20&linkCode=osi&th=1&psc=1">View Product</a></div><div class="product"><a href="https://www.amazon.com/dp/B0BDQ82WB9?tag=eloabder-20&linkCode=osi&th=1&psc=1"><img src="https://m.media-amazon.com/images/I/51FoWr3GPwL._SL500_.jpg" alt="Product Image"></a><p>feela 170 Pack Blank Kraft Notebooks, Unlined Sketchbook Mini Cute Note Pad for Drawing Writing, Journal Bulk For Kids Students Office School Supplies, A6, 48 Pages, 4.25” X 5.5”, Black and Brown</p><p>$51.99</p><a href="https://www.amazon.com/dp/B0BDQ82WB9?tag=eloabder-20&linkCode=osi&th=1&psc=1">View Product</a></div><div class="product"><a href="https://www.amazon.com/dp/B0B3WWHWT2?tag=eloabder-20&linkCode=osi&th=1&psc=1"><img src="https://m.media-amazon.com/images/I/31m0FzXtPxL._SL500_.jpg" alt="Product Image"></a><p>Tamaki 6 Pack Colorful Blank Books for kids to Write, Drawing, Cute Sketchbook for Kid, 6 Colors (4.25 x 5.5 Inches)</p><p>$6.99</p><a href="https://www.amazon.com/dp/B0B3WWHWT2?tag=eloabder-20&linkCode=osi&th=1&psc=1">View Product</a></div>
<div class="product"><a href="https://www.amazon.com/dp/B0BGH2P9M6?tag=eloabder-20&linkCode=osi&th=1&psc=1"><img src="https://m.media-amazon.com/images/I/41ozOaYoHEL._SL500_.jpg" alt="Product Image"></a><p>EOOUT 100pcs A5 Kraft Notebooks, Blank Page Journals in Bulk, Sketchbooks Bulk for Kids, 60 Pages, 80GSM, 8.3 X 5.5 Inch, Travel Journal Set, for Art Camp, Travelers, Students and Office Supplies</p><p>$51.99</p><a href="https://www.amazon.com/dp/B0BGH2P9M6?tag=eloabder-20&linkCode=osi&th=1&psc=1">View Product</a></div><div class="product"><a href="https://www.amazon.com/dp/B07MT99F94?tag=eloabder-20&linkCode=osi&th=1&psc=1"><img src="https://m.media-amazon.com/images/I/41Ug7gpSWDL._SL500_.jpg" alt="Product Image"></a><p>Spiral Sketch Book Large Notebook（Built-in Drawing Board） Kraft Cover Blank Sketch Pad Wirebound Sketching for Drawing Painting 8.5x11-Inch (1 Pack) 200 Pages, 100 Sheets</p><p>$9.99</p><a href="https://www.amazon.com/dp/B07MT99F94?tag=eloabder-20&linkCode=osi&th=1&psc=1">View Product</a></div><div class="product"><a href="https://www.amazon.com/dp/B07CM32KLM?tag=eloabder-20&linkCode=osi&th=1&psc=1"><img src="https://m.media-amazon.com/images/I/41ENhBLE9DL._SL500_.jpg" alt="Product Image"></a><p>Kraft Cover Drawing Notebook & Sketchbook – Set of 2 Blank Plain Sketch Books – 125g Thick Paper A5 Size, 150x210mm Paper Ideal for Drawing & Sketching- 128 sheets/256 pages – 180 Degree Opening, 2pcs</p><p>$20.99 ($0.08 / Count)</p><a href="https://www.amazon.com/dp/B07CM32KLM?tag=eloabder-20&linkCode=osi&th=1&psc=1">View Product</a></div><div class="product"><a href="https://www.amazon.com/dp/B08ZLMLF7C?tag=eloabder-20&linkCode=osi&th=1&psc=1"><img src="https://m.media-amazon.com/images/I/41X-5yj83vL._SL500_.jpg" alt="Product Image"></a><p>BEECHMORE BOOKS Sketch Book, A4 8.5 x 11.5 inch Blank Sketchbook for Drawing, Paint and Draw, 156 Pages Thick Paper 160gsm, Hardcover Leather Art Notebook, Boxed for Gifts (Chestnut Brown)</p><p>$21.20</p><a href="https://www.amazon.com/dp/B08ZLMLF7C?tag=eloabder-20&linkCode=osi&th=1&psc=1">View Product</a></div>
<div class="product"><a href="https://www.amazon.com/dp/B075M9MSFH?tag=eloabder-20&linkCode=osi&th=1&psc=1"><img src="https://m.media-amazon.com/images/I/51x+szTX6TL._SL500_.jpg" alt="Product Image"></a><p>Bianyo Bleedproof Marker Paper Pad, A4(8.27"X11.69"), 50 Sheets, 18 LB / 70 GSM, Glue-Bound, 100% Cotton, White, Ideal for Use with Markers and Ink Mediums</p><p>$9.99</p><a href="https://www.amazon.com/dp/B075M9MSFH?tag=eloabder-20&linkCode=osi&th=1&psc=1">View Product</a></div><div class="product"><a href="https://www.amazon.com/dp/B08FX5S2NL?tag=eloabder-20&linkCode=osi&th=1&psc=1"><img src="https://m.media-amazon.com/images/I/41CA0ZfazKL._SL500_.jpg" alt="Product Image"></a><p>Marker Paper Sketchbook, Bleedproof Art Marker Pad, (8.27 X 11.69) Inch, White, 40 Sheets</p><p>$6.99</p><a href="https://www.amazon.com/dp/B08FX5S2NL?tag=eloabder-20&linkCode=osi&th=1&psc=1">View Product</a></div><div class="product"><a href="https://www.amazon.com/dp/B0CJRBFSJ8?tag=eloabder-20&linkCode=osi&th=1&psc=1"><img src="https://m.media-amazon.com/images/I/51DLA8TpwEL._SL500_.jpg" alt="Product Image"></a><p>Shuttle Art Marker Pad, 8.3”x8.9” Portable Square Sketchbook, 80 Sheets Marker Drawing Paper, 120LB/200GSM Bleedproof Art Paper, Spiral-Bound, Great for Professional Artist to Draw, Paint & Sketch</p><p>$16.99</p><a href="https://www.amazon.com/dp/B0CJRBFSJ8?tag=eloabder-20&linkCode=osi&th=1&psc=1">View Product</a></div><div class="product"><a href="https://www.amazon.com/dp/B09N7VX5Z5?tag=eloabder-20&linkCode=osi&th=1&psc=1"><img src="https://m.media-amazon.com/images/I/51xCPs9HZyL._SL500_.jpg" alt="Product Image"></a><p>Marker Paper Sketchbook - Marker Sketchbook with Bleedproof Smooth Coated Art Paper, 120 GSM 80 LBS - Marker Pad for Alcohol Markers, Sketching, Drawing - 8.11 x 8.5 Inch | 50 Sheets, 2 Pack</p><p>$15.99 ($8.00 / Count)</p><a href="https://www.amazon.com/dp/B09N7VX5Z5?tag=eloabder-20&linkCode=osi&th=1&psc=1">View Product</a></div><div class="product"><a href="https://www.amazon.com/dp/B07CK94W9T?tag=eloabder-20&linkCode=osi&th=1&psc=1"><img src="https://m.media-amazon.com/images/I/41ocoSNDjdL._SL500_.jpg" alt="Product Image"></a><p>BOXUN Premium 50 Sheets Sketch Marker Paper Pad, Bleedproof Artist Drawing Paper, 8.27 x 11.69 Inch</p><p>$8.29 ($0.17 / Count)</p><a href="https://www.amazon.com/dp/B07CK94W9T?tag=eloabder-20&linkCode=osi&th=1&psc=1">View Product</a></div><div class="product"><a href="https://www.amazon.com/dp/B0CPXWD11W?tag=eloabder-20&linkCode=osi&th=1&psc=1"><img src="https://m.media-amazon.com/images/I/51ApKzpDVNL._SL500_.jpg" alt="Product Image"></a><p>FEITAKE Marker Paper Pad Sketchbook Bleedproof for Alcohol Markers 120lb/200gsm Double Sided Thick Art Drawing Papers 60pages (30Sheets) / A4(8.3"x11.7") Gift for Artists Students Kids</p><p>$13.99 ($0.47 / Count)</p><a href="https://www.amazon.com/dp/B0CPXWD11W?tag=eloabder-20&linkCode=osi&th=1&psc=1">View Product</a></div><div class="product"><a href="https://www.amazon.com/dp/B0025TWYW6?tag=eloabder-20&linkCode=osi&th=1&psc=1"><img src="https://m.media-amazon.com/images/I/51t6UkUHCvL._SL500_.jpg" alt="Product Image"></a><p>Bee Paper Bleedproof Marker Pack, 8-1/2-Inch by 11-Inch, 50 Sheets per Pack</p><p>$17.09 ($0.34 / Count)</p><a href="https://www.amazon.com/dp/B0025TWYW6?tag=eloabder-20&linkCode=osi&th=1&psc=1">View Product</a></div><div class="product"><a href="https://www.amazon.com/dp/B0CJRBYYQB?tag=eloabder-20&linkCode=osi&th=1&psc=1"><img src="https://m.media-amazon.com/images/I/41knBnjZ25L._SL500_.jpg" alt="Product Image"></a><p>Shuttle Art Marker Pad, 8.3”x7.67” Portable Square Sketchbook, 50 Sheets Marker Drawing Paper, 60LB/90GSM Smooth Surface Bleedproof Art Paper, Glue-Bound, Great for Beginners to Draw, Paint & Sketch</p><p>$8.99 ($0.18 / Count)</p><a href="https://www.amazon.com/dp/B0CJRBYYQB?tag=eloabder-20&linkCode=osi&th=1&psc=1">View Product</a></div>
<div class="product"><a href="https://www.amazon.com/dp/B00881IU8M?tag=eloabder-20&linkCode=osi&th=1&psc=1"><img src="https://m.media-amazon.com/images/I/41hbSgdLBtL._SL500_.jpg" alt="Product Image"></a><p>Speedball Fabric & Paper Block Printing Ink 6-Color Set, 1.25-Ounce x 6</p><p>$28.99 ($28.99 / Count)</p><a href="https://www.amazon.com/dp/B00881IU8M?tag=eloabder-20&linkCode=osi&th=1&psc=1">View Product</a></div><div class="product"><a href="https://www.amazon.com/dp/B000J09PFM?tag=eloabder-20&linkCode=osi&th=1&psc=1"><img src="https://m.media-amazon.com/images/I/51yPRc4nvoL._SL500_.jpg" alt="Product Image"></a><p>Speedball Water-Soluble Block Printing Ink Starter Set, 6 Bold Colors with Satin Finish, 1.25-Ounce Tubes</p><p>$29.99 ($4.00 / Fl Oz)</p><a href="https://www.amazon.com/dp/B000J09PFM?tag=eloabder-20&linkCode=osi&th=1&psc=1">View Product</a></div><div class="product"><a href="https://www.amazon.com/dp/B000BYT24U?tag=eloabder-20&linkCode=osi&th=1&psc=1"><img src="https://m.media-amazon.com/images/I/51pDlo+LlKL._SL500_.jpg" alt="Product Image"></a><p>Speedball Water-Soluble Block Printing Ink, 8-Ounce Jar, Black</p><p>$14.49</p><a href="https://www.amazon.com/dp/B000BYT24U?tag=eloabder-20&linkCode=osi&th=1&psc=1">View Product</a></div><div class="product"><a href="https://www.amazon.com/dp/B00C1JUJWW?tag=eloabder-20&linkCode=osi&th=1&psc=1"><img src="https://m.media-amazon.com/images/I/41zDtJ6f5hL._SL500_.jpg" alt="Product Image"></a><p>Speedball Fabric Block Printing Ink, 2.5-Ounce, Black</p><p>$9.99 ($4.00 / Fl Oz)</p><a href="https://www.amazon.com/dp/B00C1JUJWW?tag=eloabder-20&linkCode=osi&th=1&psc=1">View Product</a></div><div class="product"><a href="https://www.amazon.com/dp/B004PZ1ZJG?tag=eloabder-20&linkCode=osi&th=1&psc=1"><img src="https://m.media-amazon.com/images/I/41+GkhhpR5L._SL500_.jpg" alt="Product Image"></a><p>Speedball Water-Soluble Block Printing Ink Starter Set, 4-Color Set, 1.25-Ounce Tubes</p><p>$20.99</p><a href="https://www.amazon.com/dp/B004PZ1ZJG?tag=eloabder-20&linkCode=osi&th=1&psc=1">View Product</a></div><div class="product"><a href="https://www.amazon.com/dp/B0017CZF3C?tag=eloabder-20&linkCode=osi&th=1&psc=1"><img src="https://m.media-amazon.com/images/I/41S17SYPAZL._SL500_.jpg" alt="Product Image"></a><p>Speedball Water Soluble Block Printing Ink, Black, 2-1/2 Ounces - 380663</p><p>$9.99</p><a href="https://www.amazon.com/dp/B0017CZF3C?tag=eloabder-20&linkCode=osi&th=1&psc=1">View Product</a></div><div class="product"><a href="https://www.amazon.com/dp/B0BXNX8FSH?tag=eloabder-20&linkCode=osi&th=1&psc=1"><img src="https://m.media-amazon.com/images/I/51JGm1VxVOL._SL500_.jpg" alt="Product Image"></a><p>Falling in Art Water-Soluble Block Printing Ink, 6-Color Printmaking Ink Set for Linoleum Block, 3.5 floz</p><p>$28.99</p><a href="https://www.amazon.com/dp/B0BXNX8FSH?tag=eloabder-20&linkCode=osi&th=1&psc=1">View Product</a></div><div class="product"><a href="https://www.amazon.com/dp/B0027ACJBO?tag=eloabder-20&linkCode=osi&th=1&psc=1"><img src="https://m.media-amazon.com/images/I/41OzayB9ojL._SL500_.jpg" alt="Product Image"></a><p>Speedball 3476 Oil-Based Block Printing Ink Starter Set for Professional, Permanent Prints AP Certified – 1.25 FL OZ Tubes</p><p>$33.99</p><a href="https://www.amazon.com/dp/B0027ACJBO?tag=eloabder-20&linkCode=osi&th=1&psc=1">View Product</a></div>
<div class="product"><a href="https://www.amazon.com/dp/B0027AGDWK?tag=eloabder-20&linkCode=osi&th=1&psc=1"><img src="https://m.media-amazon.com/images/I/515LDer6GPL._SL500_.jpg" alt="Product Image"></a><p>Speedball Deluxe Block Printing Kit - Includes Inks, Brayer, Bench Hook, Lino Handle and Cutters, Speedy-Carve Block, Mounted Linoleum Block</p><p>$59.99</p><a href="https://www.amazon.com/dp/B0027AGDWK?tag=eloabder-20&linkCode=osi&th=1&psc=1">View Product</a></div><div class="product"><a href="https://www.amazon.com/dp/B07ZJBZN5S?tag=eloabder-20&linkCode=osi&th=1&psc=1"><img src="https://m.media-amazon.com/images/I/41UbN58y9uS._SL500_.jpg" alt="Product Image"></a><p>SGHUO 12pcs 4"x6" Pink Rubber Carving Blocks Linoleum Block Stamp Making Kit</p><p>$22.99 ($1.92 / Count)</p><a href="https://www.amazon.com/dp/B07ZJBZN5S?tag=eloabder-20&linkCode=osi&th=1&psc=1">View Product</a></div>
<div class="product"><a href="https://www.amazon.com/dp/B00L2DYUM8?tag=eloabder-20&linkCode=osi&th=1&psc=1"><img src="https://m.media-amazon.com/images/I/51l5FZ0+5AL._SL500_.jpg" alt="Product Image"></a><p>Strathmore 300 Series Printmaking Paper Pad, Glue Bound, 5x7 inches, 40 Sheets (120g) - Artist Paper for Adults and Students - Block Printing, Linocut, Screen Printing, White</p><p>$7.26</p><a href="https://www.amazon.com/dp/B00L2DYUM8?tag=eloabder-20&linkCode=osi&th=1&psc=1">View Product</a></div><div class="product"><a href="https://www.amazon.com/dp/B07BSYS5XC?tag=eloabder-20&linkCode=osi&th=1&psc=1"><img src="https://m.media-amazon.com/images/I/51Uwfq0jv+L._SL500_.jpg" alt="Product Image"></a><p>Ucreate Printmaking Paper, 9"x12", White, 100 Sheet, P9001</p><p>$9.79</p><a href="https://www.amazon.com/dp/B07BSYS5XC?tag=eloabder-20&linkCode=osi&th=1&psc=1">View Product</a></div><div class="product"><a href="https://www.amazon.com/dp/B00K5562WA?tag=eloabder-20&linkCode=osi&th=1&psc=1"><img src="https://m.media-amazon.com/images/I/51Dm+TeJGdL._SL500_.jpg" alt="Product Image"></a><p>Strathmore Printmaking Paper Pad 8"X10"-20 Sheets -62433800, White</p><p>$10.19</p><a href="https://www.amazon.com/dp/B00K5562WA?tag=eloabder-20&linkCode=osi&th=1&psc=1">View Product</a></div><div class="product"><a href="https://www.amazon.com/dp/B001DNH8I0?tag=eloabder-20&linkCode=osi&th=1&psc=1"><img src="https://m.media-amazon.com/images/I/51UzoKdUojL._SL500_.jpg" alt="Product Image"></a><p>Black Ink 9-Inch by 12-Inch Bleached Mulberry Block Printing Paper, 25-Pack</p><p>$19.35 ($0.77 / Count)</p><a href="https://www.amazon.com/dp/B001DNH8I0?tag=eloabder-20&linkCode=osi&th=1&psc=1">View Product</a></div><div class="product"><a href="https://www.amazon.com/dp/B00C6G6L5Y?tag=eloabder-20&linkCode=osi&th=1&psc=1"><img src="https://m.media-amazon.com/images/I/5103h0Rm8sL._SL500_.jpg" alt="Product Image"></a><p>Black Ink Thai Mulberry Block Printing Paper Packs small assorted colors</p><p>$21.99</p><a href="https://www.amazon.com/dp/B00C6G6L5Y?tag=eloabder-20&linkCode=osi&th=1&psc=1">View Product</a></div>
<div class="product"><a href="https://www.amazon.com/dp/B003IG27OK?tag=eloabder-20&linkCode=osi&th=1&psc=1"><img src="https://m.media-amazon.com/images/I/416NUaYo1DL._SL500_.jpg" alt="Product Image"></a><p>Speedball Block Printing Baren - Comfortable Wooden Handle, Made in the USA - 4 Inches</p><p>$29.49</p><a href="https://www.amazon.com/dp/B003IG27OK?tag=eloabder-20&linkCode=osi&th=1&psc=1">View Product</a></div>
<div class="product"><a href="https://www.amazon.com/dp/B0CMZYY8CJ?tag=eloabder-20&linkCode=osi&th=1&psc=1"><img src="https://m.media-amazon.com/images/I/41TifSIP7SL._SL500_.jpg" alt="Product Image"></a><p>Ecoofor Blotting Paper for Flower Press, 20 Sheets Highly Absorbent and Reusable Blotter Paper for Flower Press Paper Craft 9 x 9 inch</p><p>$9.99</p><a href="https://www.amazon.com/dp/B0CMZYY8CJ?tag=eloabder-20&linkCode=osi&th=1&psc=1">View Product</a></div><div class="product"><a href="https://www.amazon.com/dp/B0CYRT3RM4?tag=eloabder-20&linkCode=osi&th=1&psc=1"><img src="https://m.media-amazon.com/images/I/31+qvVq3giL._SL500_.jpg" alt="Product Image"></a><p>Hygge & Sage Premium Natural Fiber Blotting Paper for Flower Press Art; 20 Large Sheets for a Press up to 8x11 Inches; Absorbent, Versatile, and Acid-Free Reusable Blotter Paper for Flower Pressing</p><p>$9.50 ($0.48 / Count)</p><a href="https://www.amazon.com/dp/B0CYRT3RM4?tag=eloabder-20&linkCode=osi&th=1&psc=1">View Product</a></div><div class="product"><a href="https://www.amazon.com/dp/B0D41GDLHM?tag=eloabder-20&linkCode=osi&th=1&psc=1"><img src="https://m.media-amazon.com/images/I/41LIF5dHXaL._SL500_.jpg" alt="Product Image"></a><p>Aboofx 20 Sheets Blotting Paper for Flower Press, 15" x 10" Extra Large Highly Absorbent Blotter Paper for Flower Press Reusable Herbarium Paper Craft Blotter Paper Sheets</p><p>$19.99</p><a href="https://www.amazon.com/dp/B0D41GDLHM?tag=eloabder-20&linkCode=osi&th=1&psc=1">View Product</a></div><div class="product"><a href="https://www.amazon.com/dp/B0CQMMYSBR?tag=eloabder-20&linkCode=osi&th=1&psc=1"><img src="https://m.media-amazon.com/images/I/413SlUi6IDL._SL500_.jpg" alt="Product Image"></a><p>Wisreach Blotting Paper for Flower Press, 20 Sheets Flower Press Paper Highly Absorbent and Reusable Blotter Paper for Flower Art A4 Size 8.26 x 11.4 inch</p><p>$9.99</p><a href="https://www.amazon.com/dp/B0CQMMYSBR?tag=eloabder-20&linkCode=osi&th=1&psc=1">View Product</a></div><div class="product"><a href="https://www.amazon.com/dp/B093FQ22PG?tag=eloabder-20&linkCode=osi&th=1&psc=1"><img src="https://m.media-amazon.com/images/I/41B2jXhe+QL._SL500_.jpg" alt="Product Image"></a><p>Blotting Paper for Flower Press by Berstuk® • Large A4 Flower Press Paper • Highly Absorbent and Reusable Herbarium Paper • Pack of 10 Blotter Paper Sheets</p><p>$6.99 ($69.90 / 100 Sheets)</p><a href="https://www.amazon.com/dp/B093FQ22PG?tag=eloabder-20&linkCode=osi&th=1&psc=1">View Product</a></div><div class="product"><a href="https://www.amazon.com/dp/B0C6PW4VGB?tag=eloabder-20&linkCode=osi&th=1&psc=1"><img src="https://m.media-amazon.com/images/I/21C64VB3iVL._SL500_.jpg" alt="Product Image"></a><p>PATIKIL 16"x12" Flower Press Paper, 1 Set/30 Sheet Refill Lining Blotter Paper Absorbent Reusable Blotting Paper for DIY Art Handicraft Scrapbook</p><p>$11.19</p><a href="https://www.amazon.com/dp/B0C6PW4VGB?tag=eloabder-20&linkCode=osi&th=1&psc=1">View Product</a></div><div class="product"><a href="https://www.amazon.com/dp/B0C6PTK915?tag=eloabder-20&linkCode=osi&th=1&psc=1"><img src="https://m.media-amazon.com/images/I/21UviFCGjtL._SL500_.jpg" alt="Product Image"></a><p>PATIKIL 12"x8" Flower Press Paper, 2 Set/60 Sheet Refill Lining Blotter Paper Absorbent Reusable Blotting Paper for DIY Art Handicraft Scrapbook</p><p>$13.69</p><a href="https://www.amazon.com/dp/B0C6PTK915?tag=eloabder-20&linkCode=osi&th=1&psc=1">View Product</a></div><div class="product"><a href="https://www.amazon.com/dp/B0CDJZ4MD7?tag=eloabder-20&linkCode=osi&th=1&psc=1"><img src="https://m.media-amazon.com/images/I/41iwkW+QQOL._SL500_.jpg" alt="Product Image"></a><p>30 PCS Blotting Paper for Flower Press Large A4 Flower Press Paper Highly Absorbent and Reusable Blotter Paper Refill Lining Paper for Flower Press Art Craft Scrapbook Making, 11.8 x 7.9 Inches Blue</p><p>$9.99</p><a href="https://www.amazon.com/dp/B0CDJZ4MD7?tag=eloabder-20&linkCode=osi&th=1&psc=1">View Product</a></div>

<div class="product"><a href="https://www.amazon.com/dp/B0D2T4F1DZ?tag=eloabder-20&linkCode=osi&th=1&psc=1"><img src="https://m.media-amazon.com/images/I/41KNcatyBWL._SL500_.jpg" alt="Product Image"></a><p>10pcs Book Cloth,14”x10”,Fabric Surface and Paper Backed, book cloth for book binding,book binding fabric,5 Colors Bookbinding Cloth for DIY fabric book cover,bookbinding paper (Style B)</p><p>$9.99</p><a href="https://www.amazon.com/dp/B0D2T4F1DZ?tag=eloabder-20&linkCode=osi&th=1&psc=1">View Product</a></div><div class="product"><a href="https://www.amazon.com/dp/B0CMD2LWR8?tag=eloabder-20&linkCode=osi&th=1&psc=1"><img src="https://m.media-amazon.com/images/I/31QVUZVSB+L._SL500_.jpg" alt="Product Image"></a><p>Mozeat Lens 33 ft Bookbinding Tape Book Tape Repair Book Binding Tape Cloth Book Repair Kit 2 Inch Wide Book Spine Tape Cloth Bookbinding Repair Tape White Book Tape for Reinforcing Book Spine Tape</p><p>$7.99</p><a href="https://www.amazon.com/dp/B0CMD2LWR8?tag=eloabder-20&linkCode=osi&th=1&psc=1">View Product</a></div><div class="product"><a href="https://www.amazon.com/dp/B0D1KC168C?tag=eloabder-20&linkCode=osi&th=1&psc=1"><img src="https://m.media-amazon.com/images/I/31wWgk-1V4L._SL500_.jpg" alt="Product Image"></a><p>AKONEGE Book Cloth for Book Binding 35 x 16 Inch Fabric Surface and Paper Backed, Strong, Easy to Use, Fabric Materials Bookbinding Supplies Bookcloth for Scrapbooking Album DIY Crafts, Black</p><p>$9.99</p><a href="https://www.amazon.com/dp/B0D1KC168C?tag=eloabder-20&linkCode=osi&th=1&psc=1">View Product</a></div><div class="product"><a href="https://www.amazon.com/dp/B0BC48CCWW?tag=eloabder-20&linkCode=osi&th=1&psc=1"><img src="https://m.media-amazon.com/images/I/41vTc+L-XyL._SL500_.jpg" alt="Product Image"></a><p>Wooqu Book Cloth, Fabric Surface and Paper Backed, Easy to Use, Strong, 17x29”, for Book Binding, Dark Green</p><p>$13.99</p><a href="https://www.amazon.com/dp/B0BC48CCWW?tag=eloabder-20&linkCode=osi&th=1&psc=1">View Product</a></div><div class="product"><a href="https://www.amazon.com/dp/B00W3S7LU4?tag=eloabder-20&linkCode=osi&th=1&psc=1"><img src="https://m.media-amazon.com/images/I/41mUL1LmSHS._SL500_.jpg" alt="Product Image"></a><p>BookGuard 2 inch Premium Bookbinding Repair Cloth Tape, 15 Yard Roll Burgundy</p><p>$14.95</p><a href="https://www.amazon.com/dp/B00W3S7LU4?tag=eloabder-20&linkCode=osi&th=1&psc=1">View Product</a></div>

<div class="product"><a href="https://www.amazon.com/dp/B08217DGL7?tag=eloabder-20&linkCode=osi&th=1&psc=1"><img src="https://m.media-amazon.com/images/I/51Gy-qfph7L._SL500_.jpg" alt="Product Image"></a><p>24 Colors Waxed Thread, Leather Sewing Thread,Hand Stitching Thread for Hand Sewing Leather and Bookbinding, 13Yards Per Color</p><p>$11.99 ($0.01 / Foot)</p><a href="https://www.amazon.com/dp/B08217DGL7?tag=eloabder-20&linkCode=osi&th=1&psc=1">View Product</a></div><div class="product"><a href="https://www.amazon.com/dp/B08GCHJ3FP?tag=eloabder-20&linkCode=osi&th=1&psc=1"><img src="https://m.media-amazon.com/images/I/41TK-XNxTFL._SL500_.jpg" alt="Product Image"></a><p>FANDOL 100% Natural Linen Thread Waxed thread for Bookbingding, Leather Sewing, Beading or Macrame (Natural)</p><p>$14.98</p><a href="https://www.amazon.com/dp/B08GCHJ3FP?tag=eloabder-20&linkCode=osi&th=1&psc=1">View Product</a></div><div class="product"><a href="https://www.amazon.com/dp/B0025U108E?tag=eloabder-20&linkCode=osi&th=1&psc=1"><img src="https://m.media-amazon.com/images/I/4172yrURiVL._SL500_.jpg" alt="Product Image"></a><p>Books by Hand Linen Thread, Archival Quality Natural Unbleached and Unwaxed, 50 Yards 35/3 Gauge, Ideal for Bookbinding and Sewing Signatures</p><p>$9.47</p><a href="https://www.amazon.com/dp/B0025U108E?tag=eloabder-20&linkCode=osi&th=1&psc=1">View Product</a></div><div class="product"><a href="https://www.amazon.com/dp/B08S78KLRN?tag=eloabder-20&linkCode=osi&th=1&psc=1"><img src="https://m.media-amazon.com/images/I/413NGMtJdrL._SL500_.jpg" alt="Product Image"></a><p>Jupean Waxed Thread, 150m /164Yards Beige Leather Waxed Thread, Leather Sewing Thread, Hand Stitching Thread for Hand Sewing Leather, Bookbinding, and Beginners Leather Craft DIY</p><p>$6.49 ($0.01 / Foot)</p><a href="https://www.amazon.com/dp/B08S78KLRN?tag=eloabder-20&linkCode=osi&th=1&psc=1">View Product</a></div><div class="product"><a href="https://www.amazon.com/dp/B015D9E6UM?tag=eloabder-20&linkCode=osi&th=1&psc=1"><img src="https://m.media-amazon.com/images/I/51VnWPI+Q5L._SL500_.jpg" alt="Product Image"></a><p>Lineco, Natural Waxed Linen Thread 20 Yards, Books by Hand Natural, Black, Brown Color for Sewing, Bookbinding (3/Pkg)</p><p>$13.77</p><a href="https://www.amazon.com/dp/B015D9E6UM?tag=eloabder-20&linkCode=osi&th=1&psc=1">View Product</a></div>
<div class="product"><a href="https://www.amazon.com/dp/B0CMD53C1C?tag=eloabder-20&linkCode=osi&th=1&psc=1"><img src="https://m.media-amazon.com/images/I/31dU4wqS0rL._SL500_.jpg" alt="Product Image"></a><p>5-in-1 Bookbinding Kit,Book Cover Guide, Bookbinding Cover Tool, Stainless Steel Book Binding Kit, Bookbinding Ruler, Scrapbooking Tools for Making Book Cover Chipboard Covers Album Planner</p><p>$7.88</p><a href="https://www.amazon.com/dp/B0CMD53C1C?tag=eloabder-20&linkCode=osi&th=1&psc=1">View Product</a></div>
<div class="product"><a href="https://www.amazon.com/dp/B007TIEG6U?tag=eloabder-20&linkCode=osi&th=1&psc=1"><img src="https://m.media-amazon.com/images/I/31d6r6R5lGL._SL500_.jpg" alt="Product Image"></a><p>Handy Art Empty 2 ounce Marker Bottle, Dauber Tip and Cap, 12-Each (900-003) , White</p><p>$23.12 ($1.93 / Count)</p><a href="https://www.amazon.com/dp/B007TIEG6U?tag=eloabder-20&linkCode=osi&th=1&psc=1">View Product</a></div>
<div class="product"><a href="https://www.amazon.com/dp/B07YDNKSH6?tag=eloabder-20&linkCode=osi&th=1&psc=1"><img src="https://m.media-amazon.com/images/I/41JGrHa7mSL._SL500_.jpg" alt="Product Image"></a><p>4-Inch Rubber Brayer Roller for Printmaking, Great for Gluing Application Also. (Original Version)</p><p>$6.99</p><a href="https://www.amazon.com/dp/B07YDNKSH6?tag=eloabder-20&linkCode=osi&th=1&psc=1">View Product</a></div>
<div class="product"><a href="https://www.amazon.com/dp/B005U7BNPE?tag=eloabder-20&linkCode=osi&th=1&psc=1"><img src="https://m.media-amazon.com/images/I/418YfTClSxL._SL500_.jpg" alt="Product Image"></a><p>Apple Barrel Acrylic Paint in Assorted Colors (2 oz), 20513, Bright Yellow</p><p>$0.58 ($0.29 / Fl Oz)</p><a href="https://www.amazon.com/dp/B005U7BNPE?tag=eloabder-20&linkCode=osi&th=1&psc=1">View Product</a></div><div class="product"><a href="https://www.amazon.com/dp/B099DWCRZ5?tag=eloabder-20&linkCode=osi&th=1&psc=1"><img src="https://m.media-amazon.com/images/I/41rr5hT-8TL._SL500_.jpg" alt="Product Image"></a><p>milo Fluorescent Acrylic Paint Set of 6 Colors | 4 oz Bottles | Student Neon Colors Acrylics Painting Pack | Made in the USA | Non-Toxic Art & Craft Paints for Artists, Kids, & Hobby Painters</p><p>$22.90 ($0.95 / Fl Oz)</p><a href="https://www.amazon.com/dp/B099DWCRZ5?tag=eloabder-20&linkCode=osi&th=1&psc=1">View Product</a></div><div class="product"><a href="https://www.amazon.com/dp/B07ZPPPWPL?tag=eloabder-20&linkCode=osi&th=1&psc=1"><img src="https://m.media-amazon.com/images/I/51Vqk2rrZwL._SL500_.jpg" alt="Product Image"></a><p>Apple Barrel, Pastel Dreams & Vivid Wonders Collection Acrylic Craft Paint, PROMOTCK, 2 fl oz each, 18 assorted matte colors, 18 count</p><p>$22.66 ($0.63 / Fl Oz)</p><a href="https://www.amazon.com/dp/B07ZPPPWPL?tag=eloabder-20&linkCode=osi&th=1&psc=1">View Product</a></div><div class="product"><a href="https://www.amazon.com/dp/B0CKQR52XC?tag=eloabder-20&linkCode=osi&th=1&psc=1"><img src="https://m.media-amazon.com/images/I/51WTPlhN2WL._SL500_.jpg" alt="Product Image"></a><p>ARTME Glow in The Dark Paint, 10 Bright Colors 60ml/2oz Blacklight Paint Set, Neon Craft Paint, Acrylic Glow Fluorescent Paint Perfect for Art Painting, DIY projects, Halloween and Christmas</p><p>$23.99 ($1.20 / Fl Oz)</p><a href="https://www.amazon.com/dp/B0CKQR52XC?tag=eloabder-20&linkCode=osi&th=1&psc=1">View Product</a></div><div class="product"><a href="https://www.amazon.com/dp/B09XXHBL3Y?tag=eloabder-20&linkCode=osi&th=1&psc=1"><img src="https://m.media-amazon.com/images/I/51taBeDdeIL._SL500_.jpg" alt="Product Image"></a><p>Fantastory Glow in the Dark Acrylic Paint, 10 Extra Bright Colors, 30ml/1oz Waterproof Glow in Dark Paint,Indoor Outdoor Blacklight Paint for Kids,Adults, Rocks,Walls,Halloween,Craft &Fabric</p><p>$9.99 ($1.00 / Fl Oz)</p><a href="https://www.amazon.com/dp/B09XXHBL3Y?tag=eloabder-20&linkCode=osi&th=1&psc=1">View Product</a></div><div class="product"><a href="https://www.amazon.com/dp/B0BS3JM8ZR?tag=eloabder-20&linkCode=osi&th=1&psc=1"><img src="https://m.media-amazon.com/images/I/51S8FteGgPL._SL500_.jpg" alt="Product Image"></a><p>Acrylic Paint, Shuttle Art 24 Colors Acrylic Paint Bottle Set, 250ml/8.45oz Each, Rich Pigments, High Viscosity, Bulk Paint for Artists, Beginners and Kids Painting on Rocks Crafts Canvas Wood Ceramic</p><p>$49.99 ($0.25 / Fl Oz)</p><a href="https://www.amazon.com/dp/B0BS3JM8ZR?tag=eloabder-20&linkCode=osi&th=1&psc=1">View Product</a></div><div class="product"><a href="https://www.amazon.com/dp/B00CIW3EDI?tag=eloabder-20&linkCode=osi&th=1&psc=1"><img src="https://m.media-amazon.com/images/I/41PMnxyBo5L._SL500_.jpg" alt="Product Image"></a><p>FolkArt Multi-Surface Acrylic Paint in Assorted Colors (2 oz), 2896, Bright Pink</p><p>$1.47 ($0.74 / Fl Oz)</p><a href="https://www.amazon.com/dp/B00CIW3EDI?tag=eloabder-20&linkCode=osi&th=1&psc=1">View Product</a></div><div class="product"><a href="https://www.amazon.com/dp/B085ZB5ZK9?tag=eloabder-20&linkCode=osi&th=1&psc=1"><img src="https://m.media-amazon.com/images/I/51nmRq1eicL._SL500_.jpg" alt="Product Image"></a><p>FolkArt 4 Bottle Multi-Surface Acrylic Paint Set, 2oz, Neon Blacklight Colors</p><p>$8.12 ($1.02 / Fl Oz)</p><a href="https://www.amazon.com/dp/B085ZB5ZK9?tag=eloabder-20&linkCode=osi&th=1&psc=1">View Product</a></div><div class="product"><a href="https://www.amazon.com/dp/B08N585VN5?tag=eloabder-20&linkCode=osi&th=1&psc=1"><img src="https://m.media-amazon.com/images/I/51nwFBdxwVL._SL500_.jpg" alt="Product Image"></a><p>Acrylic Paint Set Value Pack of 12 Colors | Craft Painting Kit with 2 oz Squeeze Bottles for Beginners, Artists, Professionals | Non-Toxic Water Based Paints for Canvas, Paper, Wood | Bright Hues</p><p>$11.99 ($0.50 / Fl Oz)</p><a href="https://www.amazon.com/dp/B08N585VN5?tag=eloabder-20&linkCode=osi&th=1&psc=1">View Product</a></div>
<div class="product"><a href="https://www.amazon.com/dp/B0009RRT9Y?tag=eloabder-20&linkCode=osi&th=1&psc=1"><img src="https://m.media-amazon.com/images/I/51ZhyYPOB5L._SL500_.jpg" alt="Product Image"></a><p>General Pencil Company The Masters Brush Cleaner & Preserver 2.5 0z.</p><p>$12.00</p><a href="https://www.amazon.com/dp/B0009RRT9Y?tag=eloabder-20&linkCode=osi&th=1&psc=1">View Product</a></div><div class="product"><a href="https://www.amazon.com/dp/B00F38YVQS?tag=eloabder-20&linkCode=osi&th=1&psc=1"><img src="https://m.media-amazon.com/images/I/51yjmSTzzML._SL500_.jpg" alt="Product Image"></a><p>B & J Original Brush Cleaner - 2.5 Oz/12ct Display</p><p>$12.77</p><a href="https://www.amazon.com/dp/B00F38YVQS?tag=eloabder-20&linkCode=osi&th=1&psc=1">View Product</a></div><div class="product"><a href="https://www.amazon.com/dp/B004BN7QQ8?tag=eloabder-20&linkCode=osi&th=1&psc=1"><img src="https://m.media-amazon.com/images/I/31fEWB-h4VL._SL500_.jpg" alt="Product Image"></a><p>Winsor & Newton Brush Cleaner & Restorer, 16.0-oz Bottle</p><p>$21.87 ($1.37 / Fl Oz)</p><a href="https://www.amazon.com/dp/B004BN7QQ8?tag=eloabder-20&linkCode=osi&th=1&psc=1">View Product</a></div><div class="product"><a href="https://www.amazon.com/dp/B09NCHL2LM?tag=eloabder-20&linkCode=osi&th=1&psc=1"><img src="https://m.media-amazon.com/images/I/31UzwasdL6L._SL500_.jpg" alt="Product Image"></a><p>U.S. Art Supply Brush Cleaner and Restorer, 4 Ounce Bottle - Quickly Cleans Paint Brushes, Airbrushes, Art Tools - Cleaning Solution to Remove Dried On Acrylic, Oil and Water-Based Paint Colors</p><p>$8.99 ($2.25 / Fl Oz)</p><a href="https://www.amazon.com/dp/B09NCHL2LM?tag=eloabder-20&linkCode=osi&th=1&psc=1">View Product</a></div><div class="product"><a href="https://www.amazon.com/dp/B09J8L55SK?tag=eloabder-20&linkCode=osi&th=1&psc=1"><img src="https://m.media-amazon.com/images/I/41qgWS2nSsL._SL500_.jpg" alt="Product Image"></a><p>Green Piece® Paint Brush Cleaner and Restorer for Art Paint Brushes - 100% Natural - Non-Toxic - Wet or Dry Paint - No Chemicals - Oil or Acrylic Paints, Wood and Metal - Amazing Power - 18 Oz</p><p>$19.88</p><a href="https://www.amazon.com/dp/B09J8L55SK?tag=eloabder-20&linkCode=osi&th=1&psc=1">View Product</a></div><div class="product"><a href="https://www.amazon.com/dp/B0027A79I2?tag=eloabder-20&linkCode=osi&th=1&psc=1"><img src="https://m.media-amazon.com/images/I/31J6S+mCjuL._SL500_.jpg" alt="Product Image"></a><p>Pink Soap 12-Ounce Paint Brush Cleaner and Conditioner, Solution Cleans and Restores, Removes Dried Paint on Airbrushes and Other Artist Tools & Supplies</p><p>$15.49 ($1.29 / Fl Oz)</p><a href="https://www.amazon.com/dp/B0027A79I2?tag=eloabder-20&linkCode=osi&th=1&psc=1">View Product</a></div><div class="product"><a href="https://www.amazon.com/dp/B0027AEANE?tag=eloabder-20&linkCode=osi&th=1&psc=1"><img src="https://m.media-amazon.com/images/I/51bHOLU1pVL._SL500_.jpg" alt="Product Image"></a><p>General Pencil General 105-BP Pencil Masters Brush Cleaner & Preserver, 1 Pack, Clear</p><p>$9.99 ($4.00 / Ounce)</p><a href="https://www.amazon.com/dp/B0027AEANE?tag=eloabder-20&linkCode=osi&th=1&psc=1">View Product</a></div>

<div class="product"><a href="https://www.amazon.com/dp/B00N9UUWLA?tag=eloabder-20&linkCode=osi&th=1&psc=1"><img src="https://m.media-amazon.com/images/I/41be4n09wZL._SL500_.jpg" alt="Product Image"></a><p>Pentel Arts Portable Pocket Brush Pen (Medium Point), 1Pen & 2Refills</p><p>$7.00</p><a href="https://www.amazon.com/dp/B00N9UUWLA?tag=eloabder-20&linkCode=osi&th=1&psc=1">View Product</a></div><div class="product"><a href="https://www.amazon.com/dp/B07DQ4292Y?tag=eloabder-20&linkCode=osi&th=1&psc=1"><img src="https://m.media-amazon.com/images/I/41-kgHpaPvL._SL500_.jpg" alt="Product Image"></a><p>Tombow 62039 Fudenosuke Brush Pens, 3-Pack. Soft, Hard, and Twin Tip Markers for Calligraphy and Art Drawings</p><p>$7.59 ($2.53 / Count)</p><a href="https://www.amazon.com/dp/B07DQ4292Y?tag=eloabder-20&linkCode=osi&th=1&psc=1">View Product</a></div><div class="product"><a href="https://www.amazon.com/dp/B0995FNMKW?tag=eloabder-20&linkCode=osi&th=1&psc=1"><img src="https://m.media-amazon.com/images/I/51kpGsTNvlL._SL500_.jpg" alt="Product Image"></a><p>WRITECH Arts Sign Brush Pen Brush Tip Marker Felt Tip Water Based Ink Color Pens 12 Assorted Vintage Colors Great for Lettering Journaling Calligraphy (Vintage)</p><p>$13.99 ($1.17 / Count)</p><a href="https://www.amazon.com/dp/B0995FNMKW?tag=eloabder-20&linkCode=osi&th=1&psc=1">View Product</a></div><div class="product"><a href="https://www.amazon.com/dp/B07H89R749?tag=eloabder-20&linkCode=osi&th=1&psc=1"><img src="https://m.media-amazon.com/images/I/51nTGZ-eAsL._SL500_.jpg" alt="Product Image"></a><p>Tombow Fudenosuke Brush Pen - Hard - 10 Colors Set (WS-BH10C)</p><p>$11.73</p><a href="https://www.amazon.com/dp/B07H89R749?tag=eloabder-20&linkCode=osi&th=1&psc=1">View Product</a></div><div class="product"><a href="https://www.amazon.com/dp/B002PIFTRE?tag=eloabder-20&linkCode=osi&th=1&psc=1"><img src="https://m.media-amazon.com/images/I/41IVnNPD1hL._SL500_.jpg" alt="Product Image"></a><p>Pentel Color Brush Pen, Black (GFLBP101)</p><p>$7.89</p><a href="https://www.amazon.com/dp/B002PIFTRE?tag=eloabder-20&linkCode=osi&th=1&psc=1">View Product</a></div>
<div class="product"><a href="https://www.amazon.com/dp/B0CLLSY2BT?tag=eloabder-20&linkCode=osi&th=1&psc=1"><img src="https://m.media-amazon.com/images/I/51sQM3lrN9L._SL500_.jpg" alt="Product Image"></a><p>CUGEBANNA Paint Brush Washer,Airtight Stainless Steel Brush Cleaner for Oil Painting Acrylic,Brush Washer with Cleaning Beads and Wringer</p><p>$22.99</p><a href="https://www.amazon.com/dp/B0CLLSY2BT?tag=eloabder-20&linkCode=osi&th=1&psc=1">View Product</a></div><div class="product"><a href="https://www.amazon.com/dp/B013PB35N4?tag=eloabder-20&linkCode=osi&th=1&psc=1"><img src="https://m.media-amazon.com/images/I/419miJHrhtL._SL500_.jpg" alt="Product Image"></a><p>US Art Supply Deluxe Brush Cleaner-Brush Washer with Wash Tank</p><p>$18.99</p><a href="https://www.amazon.com/dp/B013PB35N4?tag=eloabder-20&linkCode=osi&th=1&psc=1">View Product</a></div>
<div class="product"><a href="https://www.amazon.com/dp/B07GH7WGC3?tag=eloabder-20&linkCode=osi&th=1&psc=1"><img src="https://m.media-amazon.com/images/I/51vzX1OZI6L._SL500_.jpg" alt="Product Image"></a><p>BOSOBO Paint Brushes Set, 2 Pack 20 Pcs Round-Pointed Tip Paintbrushes Nylon Hair Artist Acrylic Paint Brushes for Acrylic Oil Watercolor, Face Nail Art, Miniature Detailing & Rock Painting, Blue</p><p>$7.49 ($0.37 / Count)</p><a href="https://www.amazon.com/dp/B07GH7WGC3?tag=eloabder-20&linkCode=osi&th=1&psc=1">View Product</a></div><div class="product"><a href="https://www.amazon.com/dp/B078XJ2DCJ?tag=eloabder-20&linkCode=osi&th=1&psc=1"><img src="https://m.media-amazon.com/images/I/616oHEXPN1S._SL500_.jpg" alt="Product Image"></a><p>Pro Grade - Chip Paint Brushes - 36-Pack - 2 Inch Chip Brush for Paints, Stains, Varnishes, Glues, & Gesso</p><p>$17.99</p><a href="https://www.amazon.com/dp/B078XJ2DCJ?tag=eloabder-20&linkCode=osi&th=1&psc=1">View Product</a></div>

<div class="product"><a href="https://www.amazon.com/dp/B000YQJVFA?tag=eloabder-20&linkCode=osi&th=1&psc=1"><img src="https://m.media-amazon.com/images/I/51so-OSRt+L._SL500_.jpg" alt="Product Image"></a><p>Winsor & Newton Calligraphy Ink, 30ml (1-oz) Bottle, Black</p><p>$10.07 ($10.07 / Count)</p><a href="https://www.amazon.com/dp/B000YQJVFA?tag=eloabder-20&linkCode=osi&th=1&psc=1">View Product</a></div><div class="product"><a href="https://www.amazon.com/dp/B0026SBYUE?tag=eloabder-20&linkCode=osi&th=1&psc=1"><img src="https://m.media-amazon.com/images/I/412Ga9k1q8L._SL500_.jpg" alt="Product Image"></a><p>Higgins Black Calligraphy Ink, 2.5 Ounce Bottle (44314)</p><p>$5.99</p><a href="https://www.amazon.com/dp/B0026SBYUE?tag=eloabder-20&linkCode=osi&th=1&psc=1">View Product</a></div><div class="product"><a href="https://www.amazon.com/dp/B0CXDBD77N?tag=eloabder-20&linkCode=osi&th=1&psc=1"><img src="https://m.media-amazon.com/images/I/41x1EZv3P3L._SL500_.jpg" alt="Product Image"></a><p>SEAMEW 250 ML/8.8 OZ Calligraphy and Sumi Liquid Ink - Versatile Elegance for Chinese Traditional Art Works and Japanese Brush Art</p><p>$11.49</p><a href="https://www.amazon.com/dp/B0CXDBD77N?tag=eloabder-20&linkCode=osi&th=1&psc=1">View Product</a></div><div class="product"><a href="https://www.amazon.com/dp/B0CR3ML8VS?tag=eloabder-20&linkCode=osi&th=1&psc=1"><img src="https://m.media-amazon.com/images/I/41fLIKySQZL._SL500_.jpg" alt="Product Image"></a><p>Hmayart Prepared Super Thick Liquid Black Ink for Japanese Brush Calligraphy & Chinese Traditional Artworks (MZ010 250g)</p><p>$11.99</p><a href="https://www.amazon.com/dp/B0CR3ML8VS?tag=eloabder-20&linkCode=osi&th=1&psc=1">View Product</a></div><div class="product"><a href="https://www.amazon.com/dp/B0039OQ0J4?tag=eloabder-20&linkCode=osi&th=1&psc=1"><img src="https://m.media-amazon.com/images/I/41RRlR55P9L._SL500_.jpg" alt="Product Image"></a><p>Daiso Sumi Calligraphy Liquid Ink in a 180ml Bottle (Japan Import)</p><p>$8.99</p><a href="https://www.amazon.com/dp/B0039OQ0J4?tag=eloabder-20&linkCode=osi&th=1&psc=1">View Product</a></div><div class="product"><a href="https://www.amazon.com/dp/B074KJ289G?tag=eloabder-20&linkCode=osi&th=1&psc=1"><img src="https://m.media-amazon.com/images/I/41FZT3aCChL._SL500_.jpg" alt="Product Image"></a><p>Easyou Redstar Liquid Ink for Professioanl Traditional Calligraphy and Brush Painting Chinese Ink Liquid (Black&1pcs*180ML)</p><p>$10.99</p><a href="https://www.amazon.com/dp/B074KJ289G?tag=eloabder-20&linkCode=osi&th=1&psc=1">View Product</a></div><div class="product"><a href="https://www.amazon.com/dp/B07JYJ6C1W?tag=eloabder-20&linkCode=osi&th=1&psc=1"><img src="https://m.media-amazon.com/images/I/51IAnrWkw6L._SL500_.jpg" alt="Product Image"></a><p>MZ001 HmayartBlack Sumi Liquid Ink for Japanese Brush Calligraphy & Chinese Traditional Artworks 250ml (black)</p><p>$13.99</p><a href="https://www.amazon.com/dp/B07JYJ6C1W?tag=eloabder-20&linkCode=osi&th=1&psc=1">View Product</a></div><div class="product"><a href="https://www.amazon.com/dp/B0894L9M2C?tag=eloabder-20&linkCode=osi&th=1&psc=1"><img src="https://m.media-amazon.com/images/I/51H5LBUAZcL._SL500_.jpg" alt="Product Image"></a><p>24 Colors Calligraphy Ink Set, Calligraphy Fountain Glass Dip Pen Color Ink Caligrapher Pen Ink Bottle Set, Gold Powder Drawing Writing Art Ink with Gift Box - 24 x 7ml</p><p>$21.98</p><a href="https://www.amazon.com/dp/B0894L9M2C?tag=eloabder-20&linkCode=osi&th=1&psc=1">View Product</a></div><div class="product"><a href="https://www.amazon.com/dp/B0C49WVM7L?tag=eloabder-20&linkCode=osi&th=1&psc=1"><img src="https://m.media-amazon.com/images/I/41zxtjGWS1L._SL500_.jpg" alt="Product Image"></a><p>AOKUY 24 Colors Calligraphy Ink Set,Calligraphy Inks,Colorful Dip Pen Ink Set,Gold Powder Drawing Writing Art Ink with Gift Box</p><p>$16.99</p><a href="https://www.amazon.com/dp/B0C49WVM7L?tag=eloabder-20&linkCode=osi&th=1&psc=1">View Product</a></div>
<div class="product"><a href="https://www.amazon.com/dp/B0007ZJ8QU?tag=eloabder-20&linkCode=osi&th=1&psc=1"><img src="https://m.media-amazon.com/images/I/41vTwN7L9NL._SL500_.jpg" alt="Product Image"></a><p>Speedball C-Series Lettering Pen Set - 1 Penholder w/ 6 Nibs</p><p>$11.99</p><a href="https://www.amazon.com/dp/B0007ZJ8QU?tag=eloabder-20&linkCode=osi&th=1&psc=1">View Product</a></div><div class="product"><a href="https://www.amazon.com/dp/B003IGNH30?tag=eloabder-20&linkCode=osi&th=1&psc=1"><img src="https://m.media-amazon.com/images/I/412WGB9WzGL._SL500_.jpg" alt="Product Image"></a><p>Speedball 30710 10 Pen Nib Assorted Set</p><p>$21.99</p><a href="https://www.amazon.com/dp/B003IGNH30?tag=eloabder-20&linkCode=osi&th=1&psc=1">View Product</a></div><div class="product"><a href="https://www.amazon.com/dp/B0CQTCZRYC?tag=eloabder-20&linkCode=osi&th=1&psc=1"><img src="https://m.media-amazon.com/images/I/41+d7oXaTvL._SL500_.jpg" alt="Product Image"></a><p>10PCS Oblique Calligraphy Dip Pen Set Comic Pen Nib Set Fluid Writer Pen, 2-in-1 Drawing Pen Holder with 8 Pieces Stainless Steel Pen Replacement Nibs Nib for Writing, Painting, Signing, Sketch</p><p>$6.49</p><a href="https://www.amazon.com/dp/B0CQTCZRYC?tag=eloabder-20&linkCode=osi&th=1&psc=1">View Product</a></div><div class="product"><a href="https://www.amazon.com/dp/B000BYQLT4?tag=eloabder-20&linkCode=osi&th=1&psc=1"><img src="https://m.media-amazon.com/images/I/41Tmn+y1-xL._SL500_.jpg" alt="Product Image"></a><p>Speedball Calligraphy Pen Set - 1 Penholder w/ 4 Nibs, 2 Pen Tips</p><p>$13.99</p><a href="https://www.amazon.com/dp/B000BYQLT4?tag=eloabder-20&linkCode=osi&th=1&psc=1">View Product</a></div><div class="product"><a href="https://www.amazon.com/dp/B0B3CVPWMF?tag=eloabder-20&linkCode=osi&th=1&psc=1"><img src="https://m.media-amazon.com/images/I/41Zw4tqW+HL._SL500_.jpg" alt="Product Image"></a><p>Mewutal 2Pcs/Set Comic Pen Nib Set Pen Nibs Replacements for Calligraphy Manga Writing Painting(Pumpkin Head Nib)</p><p>$7.99</p><a href="https://www.amazon.com/dp/B0B3CVPWMF?tag=eloabder-20&linkCode=osi&th=1&psc=1">View Product</a></div><div class="product"><a href="https://www.amazon.com/dp/B0BVR4M5X4?tag=eloabder-20&linkCode=osi&th=1&psc=1"><img src="https://m.media-amazon.com/images/I/515TyiGpQKL._SL500_.jpg" alt="Product Image"></a><p>Wonwood_direct Calligraphy set, 7 Calligraphy Pens with Different Nibs and 40 Ink Cartridges in 13 Colors for Beginner Writing Drawing for Greeting Card Signature Calligraphy (Type 1)</p><p>$15.99</p><a href="https://www.amazon.com/dp/B0BVR4M5X4?tag=eloabder-20&linkCode=osi&th=1&psc=1">View Product</a></div><div class="product"><a href="https://www.amazon.com/dp/B0BGRM97MF?tag=eloabder-20&linkCode=osi&th=1&psc=1"><img src="https://m.media-amazon.com/images/I/41vB7fs3VbL._SL500_.jpg" alt="Product Image"></a><p>Gullor A Bunch of Nibs for Comic Dip Pen, Assorted Calligraphy Dip Pen Nibs, Various Sizes and Shapes, 33 Nibs in Box</p><p>$9.99</p><a href="https://www.amazon.com/dp/B0BGRM97MF?tag=eloabder-20&linkCode=osi&th=1&psc=1">View Product</a></div>
<div class="product"><a href="https://www.amazon.com/dp/B000KNNVX0?tag=eloabder-20&linkCode=osi&th=1&psc=1"><img src="https://m.media-amazon.com/images/I/51RAGoN6UsL._SL500_.jpg" alt="Product Image"></a><p>Strathmore STR- 50 Sheet Tape Bound Calligraphy Pad, 8.5 by 11", White</p><p>$7.83</p><a href="https://www.amazon.com/dp/B000KNNVX0?tag=eloabder-20&linkCode=osi&th=1&psc=1">View Product</a></div><div class="product"><a href="https://www.amazon.com/dp/B00PGBVNM2?tag=eloabder-20&linkCode=osi&th=1&psc=1"><img src="https://m.media-amazon.com/images/I/51VvCXPD-QL._SL500_.jpg" alt="Product Image"></a><p>U.S. Art Supply (Pack of 2 Pads) - 9" x 12" Premium Calligraphic Practice Paper Pad, 19 Pound Bond (70gsm), Pad of 50-Sheets, Calligraphy Paper with Printed Practice Rule and Slanted Grid</p><p>$12.99</p><a href="https://www.amazon.com/dp/B00PGBVNM2?tag=eloabder-20&linkCode=osi&th=1&psc=1">View Product</a></div><div class="product"><a href="https://www.amazon.com/dp/B0CQ1VTM1R?tag=eloabder-20&linkCode=osi&th=1&psc=1"><img src="https://m.media-amazon.com/images/I/31pMzPI5pdL._SL500_.jpg" alt="Product Image"></a><p>50 Sheets Watercolor Paper 8 x 6inch Deckled Edge Paper 190 GSM Rough/Textured Handmade Paper Cotton Paper White Textured Paper for Watercolor, Writing Calligraphy, Invitations, Letters</p><p>$12.99 ($0.26 / Count)</p><a href="https://www.amazon.com/dp/B0CQ1VTM1R?tag=eloabder-20&linkCode=osi&th=1&psc=1">View Product</a></div><div class="product"><a href="https://www.amazon.com/dp/B0CGHVSX6W?tag=eloabder-20&linkCode=osi&th=1&psc=1"><img src="https://m.media-amazon.com/images/I/41pAexcoWlL._SL500_.jpg" alt="Product Image"></a><p>KYMY Chinese/Japanese Calligraphy Paper 100PCS, Sumi/Rice Paper for Writing Painting Drawing Practice, Chinese Brush Ink Xuan Paper, Half Sheng Shu (Half Raw Ripe) (34 x 34 cm (13.38 x 13.38 Inch))</p><p>$10.99 ($0.11 / Count)</p><a href="https://www.amazon.com/dp/B0CGHVSX6W?tag=eloabder-20&linkCode=osi&th=1&psc=1">View Product</a></div>
<div class="product"><a href="https://www.amazon.com/dp/B08FCZC2R3?tag=eloabder-20&linkCode=osi&th=1&psc=1"><img src="https://m.media-amazon.com/images/I/51TWqPlqpfL._SL500_.jpg" alt="Product Image"></a><p>Craft 'n' Beyond Calligraphy Brush Pens Pack of 3 Small, Medium and Large Markers for Hand Lettering, Art Drawing, Sketching, Scrapbooking, Journaling - Beginner Kit with Fadeproof Black Ink</p><p>$5.49</p><a href="https://www.amazon.com/dp/B08FCZC2R3?tag=eloabder-20&linkCode=osi&th=1&psc=1">View Product</a></div><div class="product"><a href="https://www.amazon.com/dp/B0B67TWWDG?tag=eloabder-20&linkCode=osi&th=1&psc=1"><img src="https://m.media-amazon.com/images/I/5188ARIL9sL._SL500_.jpg" alt="Product Image"></a><p>Brusarth Calligraphy Pens, 8 Size Calligraphy Pens for Writing, Brush Pens Calligraphy Set for Beginners, Hand Lettering Pens, Brush Markers Set, Black Ink Drawing Pens</p><p>$8.95</p><a href="https://www.amazon.com/dp/B0B67TWWDG?tag=eloabder-20&linkCode=osi&th=1&psc=1">View Product</a></div><div class="product"><a href="https://www.amazon.com/dp/B000SHQFEA?tag=eloabder-20&linkCode=osi&th=1&psc=1"><img src="https://m.media-amazon.com/images/I/41sx3qStImL._SL500_.jpg" alt="Product Image"></a><p>edding 1255 calligraphy pen - black - 3 pens - calligraphy nib 2 - 5 mm - fibre pens for paper, wood, terracotta, canvas - hand lettering, bullet journals, thank you cards, calligraphy books</p><p>$6.50</p><a href="https://www.amazon.com/dp/B000SHQFEA?tag=eloabder-20&linkCode=osi&th=1&psc=1">View Product</a></div><div class="product"><a href="https://www.amazon.com/dp/B001DKJLEC?tag=eloabder-20&linkCode=osi&th=1&psc=1"><img src="https://m.media-amazon.com/images/I/41x7A8wo7YL._SL500_.jpg" alt="Product Image"></a><p>Speedball Elegant Writer Calligraphy 4 Marker Set, Black, 2.0 mm, 2.5 mm & 3.0 mm Chisel Nib Tip Pens for Drawing, Journaling, and Scrapbooking</p><p>$9.99 ($2.50 / Count)</p><a href="https://www.amazon.com/dp/B001DKJLEC?tag=eloabder-20&linkCode=osi&th=1&psc=1">View Product</a></div><div class="product"><a href="https://www.amazon.com/dp/B08RYWH185?tag=eloabder-20&linkCode=osi&th=1&psc=1"><img src="https://m.media-amazon.com/images/I/51GFkyfC3iL._SL500_.jpg" alt="Product Image"></a><p>Piochoo Calligraphy Pens,8 Size Calligraphy Pens for Writing,Brush Pens Calligraphy Set for Beginners, Hand Lettering Pens</p><p>$12.99</p><a href="https://www.amazon.com/dp/B08RYWH185?tag=eloabder-20&linkCode=osi&th=1&psc=1">View Product</a></div>
<div class="product"><a href="https://www.amazon.com/dp/B0C66K9NHR?tag=eloabder-20&linkCode=osi&th=1&psc=1"><img src="https://m.media-amazon.com/images/I/51As2T+7gzL._SL500_.jpg" alt="Product Image"></a><p>Calligraphy Kit for Beginners - Calligraphy Pen Set with Calligraphy Workbook</p><p>$26.89</p><a href="https://www.amazon.com/dp/B0C66K9NHR?tag=eloabder-20&linkCode=osi&th=1&psc=1">View Product</a></div><div class="product"><a href="https://www.amazon.com/dp/B081J6QLZN?tag=eloabder-20&linkCode=osi&th=1&psc=1"><img src="https://m.media-amazon.com/images/I/41lK2Gw0JZL._SL500_.jpg" alt="Product Image"></a><p>Trustela Calligraphy Set for Beginners, Dip Pen Set with 19 Nibs, Oblique Pen Holder, Wooden Pen Set</p><p>$21.99</p><a href="https://www.amazon.com/dp/B081J6QLZN?tag=eloabder-20&linkCode=osi&th=1&psc=1">View Product</a></div><div class="product"><a href="https://www.amazon.com/dp/B0BCVDNPRJ?tag=eloabder-20&linkCode=osi&th=1&psc=1"><img src="https://m.media-amazon.com/images/I/51J-hFN4AeL._SL500_.jpg" alt="Product Image"></a><p>GC QUILL Calligraphy Pens Set 64pcs - Calligraphy Fountain Pen Set with 3 Fountain Pens, 7 Varied Nibs, 54 Ink Cartridges(10 Colors) - Writing, Drawing and Calligraphy Practice for beginner GC-F354</p><p>$23.99</p><a href="https://www.amazon.com/dp/B0BCVDNPRJ?tag=eloabder-20&linkCode=osi&th=1&psc=1">View Product</a></div>
<div class="product"><a href="https://www.amazon.com/dp/B092Q8BQC1?tag=eloabder-20&linkCode=osi&th=1&psc=1"><img src="https://m.media-amazon.com/images/I/51gdXkGIguS._SL500_.jpg" alt="Product Image"></a><p>AIYNC Feather Calligraphy Pen Ink Set, Includes Quill Pen and Wooden Dip Pen, Ink,17 Replacement Nib, Pen Base, 3 Wax Seal Sticks, Stamp, White Wax, Spoon, Envelope Letter Paper, Envelope Tool(Green)</p><p>$22.99</p><a href="https://www.amazon.com/dp/B092Q8BQC1?tag=eloabder-20&linkCode=osi&th=1&psc=1">View Product</a></div>
<div class="product"><a href="https://www.amazon.com/dp/B09J228BSF?tag=eloabder-20&linkCode=osi&th=1&psc=1"><img src="https://m.media-amazon.com/images/I/61MByvIyHGL._SL500_.jpg" alt="Product Image"></a><p>Candle dye - 18 Colors Liquid Oil-Based dye for Candle Wax, Vivid Candle Color for DIY Candle Making, Highly Concentrate Natural Candle Color</p><p>$15.59 ($2.47 / Fl Oz)</p><a href="https://www.amazon.com/dp/B09J228BSF?tag=eloabder-20&linkCode=osi&th=1&psc=1">View Product</a></div><div class="product"><a href="https://www.amazon.com/dp/B06Y3T5RV4?tag=eloabder-20&linkCode=osi&th=1&psc=1"><img src="https://m.media-amazon.com/images/I/61yZyP8eZTL._SL500_.jpg" alt="Product Image"></a><p>Candle Dyes for Soy Candle Making - Wax Сolor Dye Color Chips for Soy Wax - 16 Popular Colors Wax Dye Flakes</p><p>$16.99 ($10.62 / Ounce)</p><a href="https://www.amazon.com/dp/B06Y3T5RV4?tag=eloabder-20&linkCode=osi&th=1&psc=1">View Product</a></div><div class="product"><a href="https://www.amazon.com/dp/B0CMCPGLQZ?tag=eloabder-20&linkCode=osi&th=1&psc=1"><img src="https://m.media-amazon.com/images/I/51G9e-Epa0L._SL500_.jpg" alt="Product Image"></a><p>Candle Dye - 12 Colors Wax Melt Dye for Candle Making, Oil-Based Dye for Wax, Highly Concentrate Liquid Candle Color Dye</p><p>$8.99</p><a href="https://www.amazon.com/dp/B0CMCPGLQZ?tag=eloabder-20&linkCode=osi&th=1&psc=1">View Product</a></div><div class="product"><a href="https://www.amazon.com/dp/B09GLMZ5PS?tag=eloabder-20&linkCode=osi&th=1&psc=1"><img src="https://m.media-amazon.com/images/I/51SCG6n6Y4L._SL500_.jpg" alt="Product Image"></a><p>OSBANG Oil-Based Candle Color Dye Non-Toxic Non-Irritating 20 Colors for DIY Candle Making Supplies - Vibrant Concentrated Candle Coloring for Soy Wax Dyes, Beeswax, Gel Wax, Candle Making Kit</p><p>$14.99 ($2.22 / Fl Oz)</p><a href="https://www.amazon.com/dp/B09GLMZ5PS?tag=eloabder-20&linkCode=osi&th=1&psc=1">View Product</a></div><div class="product"><a href="https://www.amazon.com/dp/B0C8D2X4F1?tag=eloabder-20&linkCode=osi&th=1&psc=1"><img src="https://m.media-amazon.com/images/I/51e0mqPDEJL._SL500_.jpg" alt="Product Image"></a><p>Candle Dye - 14 Colors Highly Concentrate Oil-Based Liquid Candle Dye Kit, Candle Dyes for Candle Making, Beeswax, Gel Wax, Paraffin Wax - Each 0.35 fl oz</p><p>$9.99</p><a href="https://www.amazon.com/dp/B0C8D2X4F1?tag=eloabder-20&linkCode=osi&th=1&psc=1">View Product</a></div>

<div class="product"><a href="https://www.amazon.com/dp/B0C6FHSQR7?tag=eloabder-20&linkCode=osi&th=1&psc=1"><img src="https://m.media-amazon.com/images/I/41hBOCPELBL._SL500_.jpg" alt="Product Image"></a><p>Mold Release, Silicone Mold Release Spray (16.9 fl oz / 500ml) Mold Release for Epoxy Resin and Candle Mold Release Spray (1 Pack Mega Size)</p><p>$9.99 ($0.59 / Fl Oz)</p><a href="https://www.amazon.com/dp/B0C6FHSQR7?tag=eloabder-20&linkCode=osi&th=1&psc=1">View Product</a></div>
<div class="product"><a href="https://www.amazon.com/dp/B015W8DWUO?tag=eloabder-20&linkCode=osi&th=1&psc=1"><img src="https://m.media-amazon.com/images/I/41umHqV4zhL._SL500_.jpg" alt="Product Image"></a><p>EricX Light 100 Piece Cotton Candle Wick 6" Pre-Waxed for Candle Making,Candle DIY</p><p>$5.35</p><a href="https://www.amazon.com/dp/B015W8DWUO?tag=eloabder-20&linkCode=osi&th=1&psc=1">View Product</a></div><div class="product"><a href="https://www.amazon.com/dp/B08XZB43NZ?tag=eloabder-20&linkCode=osi&th=1&psc=1"><img src="https://m.media-amazon.com/images/I/51cyFvwhpJL._SL500_.jpg" alt="Product Image"></a><p>Candle Wicks 100 Pcs 6 inch with 30Pcs Candle Wick Stickers and 10 Pcs Wooden Candle Wick Centering Device for Soy Beeswax Candle Making and Candle DIY</p><p>$4.99</p><a href="https://www.amazon.com/dp/B08XZB43NZ?tag=eloabder-20&linkCode=osi&th=1&psc=1">View Product</a></div><div class="product"><a href="https://www.amazon.com/dp/B084ZSZQ4T?tag=eloabder-20&linkCode=osi&th=1&psc=1"><img src="https://m.media-amazon.com/images/I/41vLRbXIHhL._SL500_.jpg" alt="Product Image"></a><p>Candle Wick,100 Piece Candle Wicks for Candle Making DIY, 6 Inch Pre-Waxed Cotton Wick with Tabs</p><p>$4.79</p><a href="https://www.amazon.com/dp/B084ZSZQ4T?tag=eloabder-20&linkCode=osi&th=1&psc=1">View Product</a></div><div class="product"><a href="https://www.amazon.com/dp/B097D7S6KB?tag=eloabder-20&linkCode=osi&th=1&psc=1"><img src="https://m.media-amazon.com/images/I/41jpnnrDAjL._SL500_.jpg" alt="Product Image"></a><p>CandMak Candle Wick Kit, 60 Cotton Candle Wicks with Candle Making Tools for Candle Making (Thick 4"+6"+8")</p><p>$5.99</p><a href="https://www.amazon.com/dp/B097D7S6KB?tag=eloabder-20&linkCode=osi&th=1&psc=1">View Product</a></div><div class="product"><a href="https://www.amazon.com/dp/B08DLSG8NW?tag=eloabder-20&linkCode=osi&th=1&psc=1"><img src="https://m.media-amazon.com/images/I/41QkciWLWjL._SL500_.jpg" alt="Product Image"></a><p>Bulk 6inch Candle Wicks 100 Pcs with 60Pcs Candle Wick Stickers and 10 Pcs Wooden Candle Wick Centering Device for Soy Beeswax Candle Making (6inch)</p><p>$5.45</p><a href="https://www.amazon.com/dp/B08DLSG8NW?tag=eloabder-20&linkCode=osi&th=1&psc=1">View Product</a></div><div class="product"><a href="https://www.amazon.com/dp/B08Z334W66?tag=eloabder-20&linkCode=osi&th=1&psc=1"><img src="https://m.media-amazon.com/images/I/51nsfCzAwwL._SL500_.jpg" alt="Product Image"></a><p>DINGPAI 100pcs Cotton Candle Wicks, 6 inches Low Smoke Pre-Waxed Candle Wicks for Candle Making, Candle DIY</p><p>$4.99</p><a href="https://www.amazon.com/dp/B08Z334W66?tag=eloabder-20&linkCode=osi&th=1&psc=1">View Product</a></div><div class="product"><a href="https://www.amazon.com/dp/B0BV1NCQ28?tag=eloabder-20&linkCode=osi&th=1&psc=1"><img src="https://m.media-amazon.com/images/I/41lmQ4K9ccL._SL500_.jpg" alt="Product Image"></a><p>Ziosxin 100pcs Smokeless Cherry Wood Candle Wicks, Long Lasting Flame, Easily Burn, Natural Candle Cores with Stand and Glue Dot, Warning Label for DIY Candle Making</p><p>$9.99</p><a href="https://www.amazon.com/dp/B0BV1NCQ28?tag=eloabder-20&linkCode=osi&th=1&psc=1">View Product</a></div><div class="product"><a href="https://www.amazon.com/dp/B08LPKTVZW?tag=eloabder-20&linkCode=osi&th=1&psc=1"><img src="https://m.media-amazon.com/images/I/41AtaynrIqL._SL500_.jpg" alt="Product Image"></a><p>BEADNOVA Candle Cotton Wicks 4 Inch 150pcs Short Candle Making Wicks Cotton Wicks for Candle Making DIY</p><p>$4.99</p><a href="https://www.amazon.com/dp/B08LPKTVZW?tag=eloabder-20&linkCode=osi&th=1&psc=1">View Product</a></div><div class="product"><a href="https://www.amazon.com/dp/B0925G2VBY?tag=eloabder-20&linkCode=osi&th=1&psc=1"><img src="https://m.media-amazon.com/images/I/51EzgDRsxoL._SL500_.jpg" alt="Product Image"></a><p>CHEFBEE 200 FT Organic Hemp Wick, Hemp Wick Well Coated Natural Beeswax for Hemp Wick Lighter or Candle Making, Slow Burn, No Dripping, Standard Size(1.1mm)</p><p>$6.99</p><a href="https://www.amazon.com/dp/B0925G2VBY?tag=eloabder-20&linkCode=osi&th=1&psc=1">View Product</a></div>
<div class="product"><a href="https://www.amazon.com/dp/B0BJZYCQV3?tag=eloabder-20&linkCode=osi&th=1&psc=1"><img src="https://m.media-amazon.com/images/I/41dS7xm9bKL._SL500_.jpg" alt="Product Image"></a><p>Simetufy Canvas Boards for Painting 12 Pack,8 x 10 Inch Painting Canvas Panels, Blank Canvas for Painting- Gesso Primed Acid-Free 100% Cotton for Acrylics Oil Watercolor Tempera Paints</p><p>$12.99</p><a href="https://www.amazon.com/dp/B0BJZYCQV3?tag=eloabder-20&linkCode=osi&th=1&psc=1">View Product</a></div><div class="product"><a href="https://www.amazon.com/dp/B085F4JH1H?tag=eloabder-20&linkCode=osi&th=1&psc=1"><img src="https://m.media-amazon.com/images/I/41l7Efp7ILL._SL500_.jpg" alt="Product Image"></a><p>KEFF Canvas Boards for Painting - 24 Pack - Art Supplies Paint Canvas 5x7, 8x10, 9x12, 11x14 Canvas Panels, 100% Cotton Pre-Primed Large Canvas for Painting Supplies, Acrylic, Oil, Watercolor, Tempera</p><p>$24.99</p><a href="https://www.amazon.com/dp/B085F4JH1H?tag=eloabder-20&linkCode=osi&th=1&psc=1">View Product</a></div><div class="product"><a href="https://www.amazon.com/dp/B0CMXFTNDC?tag=eloabder-20&linkCode=osi&th=1&psc=1"><img src="https://m.media-amazon.com/images/I/41WZD2Y6GfL._SL500_.jpg" alt="Product Image"></a><p>ESRICH Canvas Boards for Painting, 5 Pack Canvases for Painting 8x10 Cotton Primed Acid Free Blank Canvas Panels for Oil Paint, Watercolor, Acrylic Paint, Gouache and Tempera.</p><p>$5.99</p><a href="https://www.amazon.com/dp/B0CMXFTNDC?tag=eloabder-20&linkCode=osi&th=1&psc=1">View Product</a></div><div class="product"><a href="https://www.amazon.com/dp/B0C6LMPMPJ?tag=eloabder-20&linkCode=osi&th=1&psc=1"><img src="https://m.media-amazon.com/images/I/51QF5c5qRiL._SL500_.jpg" alt="Product Image"></a><p>Simetufy Canvas Boards for Painting 32 Pack, Paint Canvas Panels Set - 5x7, 8x10, 9x12, 11x14 Inches, Pre-Primed 100% Cotton Blank Canvases for Oil Acrylic Watercolor Pouring Paint for Kids & Artists</p><p>$24.99</p><a href="https://www.amazon.com/dp/B0C6LMPMPJ?tag=eloabder-20&linkCode=osi&th=1&psc=1">View Product</a></div><div class="product"><a href="https://www.amazon.com/dp/B0CSD8VYYM?tag=eloabder-20&linkCode=osi&th=1&psc=1"><img src="https://m.media-amazon.com/images/I/41PeXd8MwvL._SL500_.jpg" alt="Product Image"></a><p>4 Pack 11x14 Inch Canvas Boards for Painting, Blank Canvases for Painting,Triple Primed for Oil & Acrylic Paints,100% Cotton Canvas Panels for Acrylics Oil Watercolor Tempera Paints,3mm Thickness</p><p>$8.49</p><a href="https://www.amazon.com/dp/B0CSD8VYYM?tag=eloabder-20&linkCode=osi&th=1&psc=1">View Product</a></div><div class="product"><a href="https://www.amazon.com/dp/B0D59RDVM5?tag=eloabder-20&linkCode=osi&th=1&psc=1"><img src="https://m.media-amazon.com/images/I/519TRFsibfL._SL500_.jpg" alt="Product Image"></a><p>Paroto Canvas Boards for Painting 12 Pack, Multi-Size Painting Canvas Set 5x7, 8x10, 10x12, 12x16 Inches, 100% Cotton Blank Canvas Oil Acrylic Watercolor Pouring Paint for Kids, Beginners, Artists</p><p>$23.99</p><a href="https://www.amazon.com/dp/B0D59RDVM5?tag=eloabder-20&linkCode=osi&th=1&psc=1">View Product</a></div><div class="product"><a href="https://www.amazon.com/dp/B0CSD8YM4L?tag=eloabder-20&linkCode=osi&th=1&psc=1"><img src="https://m.media-amazon.com/images/I/41ZgWqkIMFL._SL500_.jpg" alt="Product Image"></a><p>4 Pack 8x10 Inch Canvas Boards for Painting, Blank Canvases for Painting,Triple Primed for Oil & Acrylic Paints, 100% Cotton Canvas Panels, 3mm Thickness</p><p>$3.99</p><a href="https://www.amazon.com/dp/B0CSD8YM4L?tag=eloabder-20&linkCode=osi&th=1&psc=1">View Product</a></div><div class="product"><a href="https://www.amazon.com/dp/B0CQFTW7MH?tag=eloabder-20&linkCode=osi&th=1&psc=1"><img src="https://m.media-amazon.com/images/I/41PiitKvQTL._SL500_.jpg" alt="Product Image"></a><p>Simetufy 4 Pack Canvas Boards for Painting 12x16 inch, Canvases for Painting, Gesso Primed Acid-Free 100% Cotton Large Canvas Panels for Acrylics Oil Watercolor Tempera Paints</p><p>$11.99</p><a href="https://www.amazon.com/dp/B0CQFTW7MH?tag=eloabder-20&linkCode=osi&th=1&psc=1">View Product</a></div>
<div class="product"><a href="https://www.amazon.com/dp/B07D6V7H85?tag=eloabder-20&linkCode=osi&th=1&psc=1"><img src="https://m.media-amazon.com/images/I/41EEPf6prIL._SL500_.jpg" alt="Product Image"></a><p>U.S. Art Supply 36" Wide x 6 Yards (18 Feet) Long Unstretched Canvas Roll - 100% Cotton, 12-Ounce Triple Primed Gesso, Acid-Free - Pro Artist Quality, Oil & Acrylic Painting, Murals Backdrop, Cut Size</p><p>$49.99</p><a href="https://www.amazon.com/dp/B07D6V7H85?tag=eloabder-20&linkCode=osi&th=1&psc=1">View Product</a></div><div class="product"><a href="https://www.amazon.com/dp/B0C98L44GG?tag=eloabder-20&linkCode=osi&th=1&psc=1"><img src="https://m.media-amazon.com/images/I/31gEyNH9+sL._SL500_.jpg" alt="Product Image"></a><p>Kinlop Double Primed Cotton Canvas White Canvas Roll for Oil and Acrylic Paint (20 Feet x 48 Inch)</p><p>$38.99</p><a href="https://www.amazon.com/dp/B0C98L44GG?tag=eloabder-20&linkCode=osi&th=1&psc=1">View Product</a></div><div class="product"><a href="https://www.amazon.com/dp/B0CLSXCD1W?tag=eloabder-20&linkCode=osi&th=1&psc=1"><img src="https://m.media-amazon.com/images/I/414jbnjcrQL._SL500_.jpg" alt="Product Image"></a><p>U.S. Art Supply 10-Ounce Unprimed 63" Wide x 2 Yards (6 Feet) Long Heavyweight Unstretched Canvas Roll - 100% Cotton, Woven - Oil & Acrylic Painting, Murals, Backdrop - Cut To Stretcher Bar Frame Size</p><p>$24.99</p><a href="https://www.amazon.com/dp/B0CLSXCD1W?tag=eloabder-20&linkCode=osi&th=1&psc=1">View Product</a></div><div class="product"><a href="https://www.amazon.com/dp/B09MCHDSPR?tag=eloabder-20&linkCode=osi&th=1&psc=1"><img src="https://m.media-amazon.com/images/I/41S+37Lx2wL._SL500_.jpg" alt="Product Image"></a><p>100% Natural Cotton 7 oz Canvas Fabric (Duck), 63 Inches Wide X 3 Yards Long</p><p>$29.95</p><a href="https://www.amazon.com/dp/B09MCHDSPR?tag=eloabder-20&linkCode=osi&th=1&psc=1">View Product</a></div><div class="product"><a href="https://www.amazon.com/dp/B07VX9TLM1?tag=eloabder-20&linkCode=osi&th=1&psc=1"><img src="https://m.media-amazon.com/images/I/41-bqGVrblL._SL500_.jpg" alt="Product Image"></a><p>Premium Polyster Matte Canvas Roll, Quick Dry, Wide Format Inkjet Printer Compatible, Perfect for Fine Art, Photography, Giclée Printing, Archival Quality Prints. (24"x60' 290gsm Polyester)</p><p>$69.99</p><a href="https://www.amazon.com/dp/B07VX9TLM1?tag=eloabder-20&linkCode=osi&th=1&psc=1">View Product</a></div><div class="product"><a href="https://www.amazon.com/dp/B079VP3F1B?tag=eloabder-20&linkCode=osi&th=1&psc=1"><img src="https://m.media-amazon.com/images/I/31eaUH1-cWL._SL500_.jpg" alt="Product Image"></a><p>VViViD Double Primed Cotton Canvas 12" Wide Roll Choose Your Size! (10ft x 12" Roll)</p><p>$16.88</p><a href="https://www.amazon.com/dp/B079VP3F1B?tag=eloabder-20&linkCode=osi&th=1&psc=1">View Product</a></div><div class="product"><a href="https://www.amazon.com/dp/B09954KKH3?tag=eloabder-20&linkCode=osi&th=1&psc=1"><img src="https://m.media-amazon.com/images/I/41SwQCPSmAL._SL500_.jpg" alt="Product Image"></a><p>Polyester Canvas Roll Professional Matte Canvas Roll Wide format Inkjet Printing For Printing Drawing Oil Acrylic Or Water-Based Painting (200GSM Polyester 36"x100ft)</p><p>$123.99</p><a href="https://www.amazon.com/dp/B09954KKH3?tag=eloabder-20&linkCode=osi&th=1&psc=1">View Product</a></div>
<div class="product"><a href="https://www.amazon.com/dp/B003A2I5T8?tag=eloabder-20&linkCode=osi&th=1&psc=1"><img src="https://m.media-amazon.com/images/I/41LvtrGFjVL._SL500_.jpg" alt="Product Image"></a><p>Astrobrights/Neenah Bright White Cardstock, 8.5" x 11", 65 lb/176 gsm, White, 75 Sheets (90905-02) - Packaging May Vary</p><p>$6.99</p><a href="https://www.amazon.com/dp/B003A2I5T8?tag=eloabder-20&linkCode=osi&th=1&psc=1">View Product</a></div><div class="product"><a href="https://www.amazon.com/dp/B00006IDRW?tag=eloabder-20&linkCode=osi&th=1&psc=1"><img src="https://m.media-amazon.com/images/I/412xLv5ae7L._SL500_.jpg" alt="Product Image"></a><p>Neenah Premium Cardstock, 8.5" x 11", 65 lb/176 gsm, Bright White, 250 Sheets (91904)</p><p>$14.29</p><a href="https://www.amazon.com/dp/B00006IDRW?tag=eloabder-20&linkCode=osi&th=1&psc=1">View Product</a></div><div class="product"><a href="https://www.amazon.com/dp/B07FX5LCXK?tag=eloabder-20&linkCode=osi&th=1&psc=1"><img src="https://m.media-amazon.com/images/I/41n9D1rlKgL._SL500_.jpg" alt="Product Image"></a><p>Printworks White Cardstock, 67 lb, 92 Bright, FSC Certified, Perfect for School and Craft Projects, 8.5 x 11 Inch, 100 Sheets (00540)</p><p>$11.49</p><a href="https://www.amazon.com/dp/B07FX5LCXK?tag=eloabder-20&linkCode=osi&th=1&psc=1">View Product</a></div><div class="product"><a href="https://www.amazon.com/dp/B07QQ3L753?tag=eloabder-20&linkCode=osi&th=1&psc=1"><img src="https://m.media-amazon.com/images/I/41n0Ue3DLbL._SL500_.jpg" alt="Product Image"></a><p>Neenah White Index Paper, Mediumweight, 300 Sheets, 199 gsm, 94 Brightness, 8.5" x 11" - MORE SHEETS! (91635)</p><p>$15.99</p><a href="https://www.amazon.com/dp/B07QQ3L753?tag=eloabder-20&linkCode=osi&th=1&psc=1">View Product</a></div><div class="product"><a href="https://www.amazon.com/dp/B07D4YF3K4?tag=eloabder-20&linkCode=osi&th=1&psc=1"><img src="https://m.media-amazon.com/images/I/41ffykOOE7L._SL500_.jpg" alt="Product Image"></a><p>Neenah Index Cardstock, 8.5" x 11", 90 lb/163 gsm, White, Lightweight, 94 Brightness, 300 Sheets (91437)</p><p>$19.24</p><a href="https://www.amazon.com/dp/B07D4YF3K4?tag=eloabder-20&linkCode=osi&th=1&psc=1">View Product</a></div><div class="product"><a href="https://www.amazon.com/dp/B08DCF5B4P?tag=eloabder-20&linkCode=osi&th=1&psc=1"><img src="https://m.media-amazon.com/images/I/41GRzmuulDL._SL500_.jpg" alt="Product Image"></a><p>Hammermill White Cardstock, 110 Lb, 8.5 x 11 Colored Cardstock, 1 Pack (200 Sheets) - Thick Card Stock, Made in the USA, 168380R</p><p>$13.32</p><a href="https://www.amazon.com/dp/B08DCF5B4P?tag=eloabder-20&linkCode=osi&th=1&psc=1">View Product</a></div><div class="product"><a href="https://www.amazon.com/dp/B0CYPPHFV9?tag=eloabder-20&linkCode=osi&th=1&psc=1"><img src="https://m.media-amazon.com/images/I/51IQR4E5R1L._SL500_.jpg" alt="Product Image"></a><p>96 Sheets Colored Cardstock 24 Colors, 8.5x11 Color Cardstock Bulk, 200gsm/75lb Assorted Colors Construction Paper for Printing, Card Making, Die Cutting, Crafts, Scrapbooking, Party Decorations</p><p>$12.99</p><a href="https://www.amazon.com/dp/B0CYPPHFV9?tag=eloabder-20&linkCode=osi&th=1&psc=1">View Product</a></div><div class="product"><a href="https://www.amazon.com/dp/B07QNMF4ZP?tag=eloabder-20&linkCode=osi&th=1&psc=1"><img src="https://m.media-amazon.com/images/I/41mVi2qUcyL._SL500_.jpg" alt="Product Image"></a><p>Printworks White Cardstock, Standard, 67 lb. Vellum, 92 Bright, 250 sheets, 8.5 x 11, For Office, Home & School Printing, Craft Projects (00564)</p><p>$12.92</p><a href="https://www.amazon.com/dp/B07QNMF4ZP?tag=eloabder-20&linkCode=osi&th=1&psc=1">View Product</a></div><div class="product"><a href="https://www.amazon.com/dp/B09Y681BML?tag=eloabder-20&linkCode=osi&th=1&psc=1"><img src="https://m.media-amazon.com/images/I/41whFoq6OEL._SL500_.jpg" alt="Product Image"></a><p>Astrobrights Mega Collection, Colored Cardstock, Punchy Pastel 5-Color Assortment, 320 Sheets, 65 lb./176 gsm, 8.5" x 11" - MORE SHEETS! (91780)</p><p>$19.87</p><a href="https://www.amazon.com/dp/B09Y681BML?tag=eloabder-20&linkCode=osi&th=1&psc=1">View Product</a></div>


<div class="product"><a href="https://www.amazon.com/dp/B0B7DZ4YPN?tag=eloabder-20&linkCode=osi&th=1&psc=1"><img src="https://m.media-amazon.com/images/I/51NIBuS801L._SL500_.jpg" alt="Product Image"></a><p>Epoxy Resin 64OZ - Crystal Clear Epoxy Resin Kit - No Yellowing No Bubble Art Resin Casting Resin for Art Crafts, Jewelry Making, Wood & Resin Molds(32OZ x 2)</p><p>$34.99 ($0.55 / Ounce)</p><a href="https://www.amazon.com/dp/B0B7DZ4YPN?tag=eloabder-20&linkCode=osi&th=1&psc=1">View Product</a></div><div class="product"><a href="https://www.amazon.com/dp/B0CPVCRD93?tag=eloabder-20&linkCode=osi&th=1&psc=1"><img src="https://m.media-amazon.com/images/I/51mBmD2NCqL._SL500_.jpg" alt="Product Image"></a><p>Puduo Epoxy Resin Kit 72OZ，Newly Formulated Crystal Clear Epoxy Resin，Strong, Bubble-Free, Anti-Yellowing Art Resin That，Suitable for Casting, DIY, Resin Art, Molds, Jewelry, Easy to Mix 1:1 Ratio</p><p>$36.99 ($0.51 / Ounce)</p><a href="https://www.amazon.com/dp/B0CPVCRD93?tag=eloabder-20&linkCode=osi&th=1&psc=1">View Product</a></div><div class="product"><a href="https://www.amazon.com/dp/B0BY2PFY62?tag=eloabder-20&linkCode=osi&th=1&psc=1"><img src="https://m.media-amazon.com/images/I/51jY4DbLEVL._SL500_.jpg" alt="Product Image"></a><p>LET'S RESIN Polyurethane Resin, 60oz 2 Part Casting Resin, Fast Cured Resin within 10 Minutes, Ultra Low Viscosity & Low Odor Pourable Liquid Plastic for Casting Models, Prototypes & Other Resin Craft</p><p>$40.99 ($0.68 / Ounce)</p><a href="https://www.amazon.com/dp/B0BY2PFY62?tag=eloabder-20&linkCode=osi&th=1&psc=1">View Product</a></div><div class="product"><a href="https://www.amazon.com/dp/B0CXLX1BF1?tag=eloabder-20&linkCode=osi&th=1&psc=1"><img src="https://m.media-amazon.com/images/I/51B03piFSWL._SL500_.jpg" alt="Product Image"></a><p>Epoxy Resin,1 Gallon Crystal Clear Epoxy Resin Kit, High-Gloss & Bubbles Free Resin and Hardener Kit, Art Resin Casting Resin for Art Crafts, Jewelry Making, Wood & Resin Molds…</p><p>$49.99</p><a href="https://www.amazon.com/dp/B0CXLX1BF1?tag=eloabder-20&linkCode=osi&th=1&psc=1">View Product</a></div><div class="product"><a href="https://www.amazon.com/dp/B0B79JKMTN?tag=eloabder-20&linkCode=osi&th=1&psc=1"><img src="https://m.media-amazon.com/images/I/51awzY+fOoL._SL500_.jpg" alt="Product Image"></a><p>Teexpert Crystal Clear Epoxy Resin Kit 1 Gallon Self-Leveling Coating and Casting Resin, High-Gloss & Bubbles Free Resin and Hardener Kit for DIY Art, Jewelry, Table Top, Molds, Wood 1:1 Ratio</p><p>$49.49 ($0.39 / Fl Oz)</p><a href="https://www.amazon.com/dp/B0B79JKMTN?tag=eloabder-20&linkCode=osi&th=1&psc=1">View Product</a></div><div class="product"><a href="https://www.amazon.com/dp/B0CZDCWRDS?tag=eloabder-20&linkCode=osi&th=1&psc=1"><img src="https://m.media-amazon.com/images/I/51NoC3Siy8L._SL500_.jpg" alt="Product Image"></a><p>Puduo Epoxy Resin Kit 1.1Gallon，Newly Formulated Crystal Clear Epoxy Resin，Strong, Bubble-Free, Anti-Yellowing Art Resin That，Suitable for Casting, DIY, Resin Art, Molds, Easy to Mix 1:1 Ratio</p><p>$48.99 ($0.35 / Ounce)</p><a href="https://www.amazon.com/dp/B0CZDCWRDS?tag=eloabder-20&linkCode=osi&th=1&psc=1">View Product</a></div><div class="product"><a href="https://www.amazon.com/dp/B0C786S8ZW?tag=eloabder-20&linkCode=osi&th=1&psc=1"><img src="https://m.media-amazon.com/images/I/51PD1cgR+-L._SL500_.jpg" alt="Product Image"></a><p>LET'S RESIN EPOXY RESIN 2 Gallon Casting Resin with Pumps, Bubble Free & High-Gloss Resin Epoxy Kit, Crystal Clear Epoxy Resin and Hardener for DIY Art, Molds Casting,Craft</p><p>$87.00 ($0.34 / Fl Oz)</p><a href="https://www.amazon.com/dp/B0C786S8ZW?tag=eloabder-20&linkCode=osi&th=1&psc=1">View Product</a></div><div class="product"><a href="https://www.amazon.com/dp/B0BYV7YX2K?tag=eloabder-20&linkCode=osi&th=1&psc=1"><img src="https://m.media-amazon.com/images/I/41dTpbgWB+L._SL500_.jpg" alt="Product Image"></a><p>TAKIMO 1 Gallon Crystal Clear Resin Kit,No Bubble & Not Yellowing Epoxy Resin for Coating, Casting, Table Top,DIY, Bar Top, River Tables, Resin Art, Wood with High Gloss Finish</p><p>$39.99</p><a href="https://www.amazon.com/dp/B0BYV7YX2K?tag=eloabder-20&linkCode=osi&th=1&psc=1">View Product</a></div>
<div class="product"><a href="https://www.amazon.com/dp/B093D6Q4V2?tag=eloabder-20&linkCode=osi&th=1&psc=1"><img src="https://m.media-amazon.com/images/I/51GS6ht5RsS._SL500_.jpg" alt="Product Image"></a><p>Brusarth Professional Charcoal Pencils Drawing Set - 6 Pieces Soft Medium and Hard Charcoal Pencils for Drawing, Sketching, Shading</p><p>$5.57</p><a href="https://www.amazon.com/dp/B093D6Q4V2?tag=eloabder-20&linkCode=osi&th=1&psc=1">View Product</a></div><div class="product"><a href="https://www.amazon.com/dp/B000VXONF4?tag=eloabder-20&linkCode=osi&th=1&psc=1"><img src="https://m.media-amazon.com/images/I/51DxvUPz4nL._SL500_.jpg" alt="Product Image"></a><p>General Pencil 957ABP Compressed Charcoal Sticks 4/Pkg-Black - Soft Assorted</p><p>$6.09 ($1.52 / Count)</p><a href="https://www.amazon.com/dp/B000VXONF4?tag=eloabder-20&linkCode=osi&th=1&psc=1">View Product</a></div><div class="product"><a href="https://www.amazon.com/dp/B0BZSZ2W1B?tag=eloabder-20&linkCode=osi&th=1&psc=1"><img src="https://m.media-amazon.com/images/I/41aJEjrQ16L._SL500_.jpg" alt="Product Image"></a><p>ANNECOSK Willow Charcoal Sticks, 10PCS Willow Charcoal Pencils for Artists Drawing, Sketching</p><p>$7.99</p><a href="https://www.amazon.com/dp/B0BZSZ2W1B?tag=eloabder-20&linkCode=osi&th=1&psc=1">View Product</a></div><div class="product"><a href="https://www.amazon.com/dp/B088K31QB7?tag=eloabder-20&linkCode=osi&th=1&psc=1"><img src="https://m.media-amazon.com/images/I/51giSzQeUzL._SL500_.jpg" alt="Product Image"></a><p>MARKART Professional Charcoal Pencils Drawing Set - 10 Pieces Soft Medium and Hard Charcoal Pencils for Drawing, Sketching, Shading</p><p>$5.99</p><a href="https://www.amazon.com/dp/B088K31QB7?tag=eloabder-20&linkCode=osi&th=1&psc=1">View Product</a></div><div class="product"><a href="https://www.amazon.com/dp/B0CHM9YB18?tag=eloabder-20&linkCode=osi&th=1&psc=1"><img src="https://m.media-amazon.com/images/I/51-cFJewi5L._SL500_.jpg" alt="Product Image"></a><p>PANDAFLY Willow Charcoal Sticks, Soft, Black Artist Vine Charcoal for Artists, Beginners, Students, Great for Sketching, Drawing, Shading and Fine Art, 7-9mm, 25 Pack</p><p>$7.99</p><a href="https://www.amazon.com/dp/B0CHM9YB18?tag=eloabder-20&linkCode=osi&th=1&psc=1">View Product</a></div><div class="product"><a href="https://www.amazon.com/dp/B004O7FFR8?tag=eloabder-20&linkCode=osi&th=1&psc=1"><img src="https://m.media-amazon.com/images/I/51JJnYm-n2L._SL500_.jpg" alt="Product Image"></a><p>Strathmore 300 Series Charcoal Paper Pad, Top Wire Bound, 9x12 inches, 32 Sheets (64lb/95g) - Artist Paper for Adults and Students - Charcoal and Pastel</p><p>$8.86</p><a href="https://www.amazon.com/dp/B004O7FFR8?tag=eloabder-20&linkCode=osi&th=1&psc=1">View Product</a></div><div class="product"><a href="https://www.amazon.com/dp/B09KY8MT2T?tag=eloabder-20&linkCode=osi&th=1&psc=1"><img src="https://m.media-amazon.com/images/I/31buTPEV5IL._SL500_.jpg" alt="Product Image"></a><p>Raven Powders Premium Charcoal Powder for Drawing and Art</p><p>$9.99</p><a href="https://www.amazon.com/dp/B09KY8MT2T?tag=eloabder-20&linkCode=osi&th=1&psc=1">View Product</a></div><div class="product"><a href="https://www.amazon.com/dp/B0021IK626?tag=eloabder-20&linkCode=osi&th=1&psc=1"><img src="https://m.media-amazon.com/images/I/317wgA0GITL._SL500_.jpg" alt="Product Image"></a><p>Winsor & Newton Artist Vine Charcoal Sticks, Soft, Box of 12 Sticks</p><p>$10.56</p><a href="https://www.amazon.com/dp/B0021IK626?tag=eloabder-20&linkCode=osi&th=1&psc=1">View Product</a></div>
<div class="product"><a href="https://www.amazon.com/dp/B0CHF9KZSW?tag=eloabder-20&linkCode=osi&th=1&psc=1"><img src="https://m.media-amazon.com/images/I/61lm2iV1gGL._SL500_.jpg" alt="Product Image"></a><p>KALOUR Professional Charcoal Pencils Drawing Set -12 Pieces Soft, Medium and Hard Charcoal Pencils for Drawing, Sketching, Shading, Artist Pencils for Beginners & Artists</p><p>$5.99</p><a href="https://www.amazon.com/dp/B0CHF9KZSW?tag=eloabder-20&linkCode=osi&th=1&psc=1">View Product</a></div><div class="product"><a href="https://www.amazon.com/dp/B0D41JG73W?tag=eloabder-20&linkCode=osi&th=1&psc=1"><img src="https://m.media-amazon.com/images/I/41K5KaeEE0L._SL500_.jpg" alt="Product Image"></a><p>Aenir White Charcoal Pencils, Pack of 12 Charcoal Drawing Pencils, Charcoal Pencils for Artists, Art Supplies for Drawing and Highlighting, Charcoal Pencils for Drawing, Sketching, Shading & Coloring.</p><p>$7.99</p><a href="https://www.amazon.com/dp/B0D41JG73W?tag=eloabder-20&linkCode=osi&th=1&psc=1">View Product</a></div><div class="product"><a href="https://www.amazon.com/dp/B004BPNUMA?tag=eloabder-20&linkCode=osi&th=1&psc=1"><img src="https://m.media-amazon.com/images/I/41EWfMXntlL._SL500_.jpg" alt="Product Image"></a><p>Peel & Sketch Charcoal Pencils 3/Pkg-</p><p>$6.96</p><a href="https://www.amazon.com/dp/B004BPNUMA?tag=eloabder-20&linkCode=osi&th=1&psc=1">View Product</a></div><div class="product"><a href="https://www.amazon.com/dp/B0C5V1QWPJ?tag=eloabder-20&linkCode=osi&th=1&psc=1"><img src="https://m.media-amazon.com/images/I/51bZBOoKtoL._SL500_.jpg" alt="Product Image"></a><p>Brusarth Charcoal Drawing Set -12 pc Black charcoal pencils, White Charcoal Pencils, Eraser Pencils, Blending Stumps for Drawing, Sketching, Shading, Artist Pencils for Beginners & Artists</p><p>$7.99</p><a href="https://www.amazon.com/dp/B0C5V1QWPJ?tag=eloabder-20&linkCode=osi&th=1&psc=1">View Product</a></div>
<div class="product"><a href="https://www.amazon.com/dp/B001BYK7RA?tag=eloabder-20&linkCode=osi&th=1&psc=1"><img src="https://m.media-amazon.com/images/I/316EZYjc1XL._SL500_.jpg" alt="Product Image"></a><p>Winsor & Newton Artist Vine Charcoal Sticks, Soft, Box of 3 Sticks</p><p>$4.09 ($1.36 / Count)</p><a href="https://www.amazon.com/dp/B001BYK7RA?tag=eloabder-20&linkCode=osi&th=1&psc=1">View Product</a></div>
<div class="product"><a href="https://www.amazon.com/dp/B08LR2TBPG?tag=eloabder-20&linkCode=osi&th=1&psc=1"><img src="https://m.media-amazon.com/images/I/31VBhMwmhTL._SL500_.jpg" alt="Product Image"></a><p>Chipboard Sheets 8.5" x 11" - 100 Sheets of 22 Point Chip Board for Crafts - This Kraft Board is a Great Alternative to MDF Board and Cardboard Sheets</p><p>$19.97</p><a href="https://www.amazon.com/dp/B08LR2TBPG?tag=eloabder-20&linkCode=osi&th=1&psc=1">View Product</a></div><div class="product"><a href="https://www.amazon.com/dp/B079F1FYG3?tag=eloabder-20&linkCode=osi&th=1&psc=1"><img src="https://m.media-amazon.com/images/I/41-kpBNtjSL._SL500_.jpg" alt="Product Image"></a><p>100 Thick Kraft Chipboard (30pt) - 8 1/2" x 11" - Perfect for Scrapbooking, Crafts & Product Backing…</p><p>$19.95</p><a href="https://www.amazon.com/dp/B079F1FYG3?tag=eloabder-20&linkCode=osi&th=1&psc=1">View Product</a></div><div class="product"><a href="https://www.amazon.com/dp/B07BYPGP5H?tag=eloabder-20&linkCode=osi&th=1&psc=1"><img src="https://m.media-amazon.com/images/I/31rUtsWIN5L._SL500_.jpg" alt="Product Image"></a><p>100 Chipboard Sheets 8 x 10 inch - 22pt (point) Light Weight Brown Kraft Cardboard for Scrapbooking & Picture Frame Backing (.022 Caliper Thick) Paper Board | MagicWater Supply</p><p>$21.99</p><a href="https://www.amazon.com/dp/B07BYPGP5H?tag=eloabder-20&linkCode=osi&th=1&psc=1">View Product</a></div><div class="product"><a href="https://www.amazon.com/dp/B07BYP99DJ?tag=eloabder-20&linkCode=osi&th=1&psc=1"><img src="https://m.media-amazon.com/images/I/31EMxvnjGrL._SL500_.jpg" alt="Product Image"></a><p>25 Chipboard Sheets 11 x 17 inch - 50pt (point) Heavy Weight Brown Kraft Cardboard for Scrapbooking & Picture Frame Backing (.050 Caliper Thick) Paper Board | MagicWater Supply</p><p>$26.99</p><a href="https://www.amazon.com/dp/B07BYP99DJ?tag=eloabder-20&linkCode=osi&th=1&psc=1">View Product</a></div><div class="product"><a href="https://www.amazon.com/dp/B07BYFXJDL?tag=eloabder-20&linkCode=osi&th=1&psc=1"><img src="https://m.media-amazon.com/images/I/310RbtxO26L._SL500_.jpg" alt="Product Image"></a><p>100 Chipboard Sheets 5 x 7 inch - 22pt (point) Light Weight Brown Kraft Cardboard for Scrapbooking & Picture Frame Backing (.022 Caliper Thick) Paper Board | MagicWater Supply</p><p>$14.99</p><a href="https://www.amazon.com/dp/B07BYFXJDL?tag=eloabder-20&linkCode=osi&th=1&psc=1">View Product</a></div><div class="product"><a href="https://www.amazon.com/dp/B0B6GK2MFD?tag=eloabder-20&linkCode=osi&th=1&psc=1"><img src="https://m.media-amazon.com/images/I/31-IEV+iYgL._SL500_.jpg" alt="Product Image"></a><p>10 EcoSwift 8.5x11 Chipboard Cardboard Craft Scrapbook Material Scrapbooking Packaging Sheets Shipping Pads Inserts 8 1/2 inch x 11 inch Chip Board</p><p>$4.99</p><a href="https://www.amazon.com/dp/B0B6GK2MFD?tag=eloabder-20&linkCode=osi&th=1&psc=1">View Product</a></div><div class="product"><a href="https://www.amazon.com/dp/B07BYKB2ZL?tag=eloabder-20&linkCode=osi&th=1&psc=1"><img src="https://m.media-amazon.com/images/I/31WIwma4xfL._SL500_.jpg" alt="Product Image"></a><p>Chipboard Sheets 8.5 x 11 inch - 50pt (Point) Heavy Weight Brown Kraft Cardboard for Scrapbooking & Picture Frame Backing (.050 Caliper Thick) Paper Board | MagicWater Supply (Kraft 100 Pack)</p><p>$38.99</p><a href="https://www.amazon.com/dp/B07BYKB2ZL?tag=eloabder-20&linkCode=osi&th=1&psc=1">View Product</a></div><div class="product"><a href="https://www.amazon.com/dp/B00161W6L8?tag=eloabder-20&linkCode=osi&th=1&psc=1"><img src="https://m.media-amazon.com/images/I/41MflHlo3JL._SL500_.jpg" alt="Product Image"></a><p>GRAFIX Natural Medium Weight Chipboard Sheets 8.5"X11" 25/Pkg, 8.5"x11"x0.057", Count</p><p>$15.14 ($0.61 / Count)</p><a href="https://www.amazon.com/dp/B00161W6L8?tag=eloabder-20&linkCode=osi&th=1&psc=1">View Product</a></div><div class="product"><a href="https://www.amazon.com/dp/B0013JRFUA?tag=eloabder-20&linkCode=osi&th=1&psc=1"><img src="https://m.media-amazon.com/images/I/41JzQAJkDoL._SL500_.jpg" alt="Product Image"></a><p>Grafix Medium Weight Acid-Free 0.057” Chipboard Sheets, Create Three-Dimensional Embellishments for Cards, Papercrafts, Mixed Media, Home Décor, and More, 12 x 12, Natural, 25 Count</p><p>$14.51 ($0.58 / Count)</p><a href="https://www.amazon.com/dp/B0013JRFUA?tag=eloabder-20&linkCode=osi&th=1&psc=1">View Product</a></div>








<div class="product"><a href="https://www.amazon.com/dp/B0C2YPJDFL?tag=eloabder-20&linkCode=osi&th=1&psc=1"><img src="https://m.media-amazon.com/images/I/51WB6B3vguL._SL500_.jpg" alt="Product Image"></a><p>Yagol Colored Pencils for Adult Coloring Books, 72 Colored Professional Drawing Pencils, Coloring Pencils for Adults Beginners kids & Pro.</p><p>$9.99</p><a href="https://www.amazon.com/dp/B0C2YPJDFL?tag=eloabder-20&linkCode=osi&th=1&psc=1">View Product</a></div><div class="product"><a href="https://www.amazon.com/dp/B01N09ZDEI?tag=eloabder-20&linkCode=osi&th=1&psc=1"><img src="https://m.media-amazon.com/images/I/51awfumPEiL._SL500_.jpg" alt="Product Image"></a><p>Soucolor 72-Color Colored Pencils for Adult Coloring Books, Back to School Supplies, Soft Core Artist Sketching Drawing Pencils Drawing Supplies, Art Supplies Kit for Adults Kids, Coloring Pencils Set</p><p>$9.99</p><a href="https://www.amazon.com/dp/B01N09ZDEI?tag=eloabder-20&linkCode=osi&th=1&psc=1">View Product</a></div><div class="product"><a href="https://www.amazon.com/dp/B0B772BZ4G?tag=eloabder-20&linkCode=osi&th=1&psc=1"><img src="https://m.media-amazon.com/images/I/41VSyVENyTL._SL500_.jpg" alt="Product Image"></a><p>FUNLAVIE Colored Pencils 48 Coloring Pencils Premium Professional Art Drawing Pencil for Adults Coloring Book</p><p>$9.99</p><a href="https://www.amazon.com/dp/B0B772BZ4G?tag=eloabder-20&linkCode=osi&th=1&psc=1">View Product</a></div><div class="product"><a href="https://www.amazon.com/dp/B0B8MFGW36?tag=eloabder-20&linkCode=osi&th=1&psc=1"><img src="https://m.media-amazon.com/images/I/51umBJsfZDL._SL500_.jpg" alt="Product Image"></a><p>KALOUR Premium Colored Pencils,Set of 120 Colors,Artists Soft Core with Vibrant Color,Ideal for Drawing Sketching Shading,Coloring Pencils for Adults Beginners kids</p><p>$24.99</p><a href="https://www.amazon.com/dp/B0B8MFGW36?tag=eloabder-20&linkCode=osi&th=1&psc=1">View Product</a></div><div class="product"><a href="https://www.amazon.com/dp/B0D5GSMGMG?tag=eloabder-20&linkCode=osi&th=1&psc=1"><img src="https://m.media-amazon.com/images/I/41aprDliB4L._SL500_.jpg" alt="Product Image"></a><p>Colored Pencils for Adult Coloring Books, Set of 72 Color Pencils, Oil-Based Core Drawing Pencils, 3.8mm Soft Leads with Adult Coloring Pencils, Professional Art Supplies for Adults, Beginner and Kids</p><p>$9.99</p><a href="https://www.amazon.com/dp/B0D5GSMGMG?tag=eloabder-20&linkCode=osi&th=1&psc=1">View Product</a></div><div class="product"><a href="https://www.amazon.com/dp/B0CZBPK6L5?tag=eloabder-20&linkCode=osi&th=1&psc=1"><img src="https://m.media-amazon.com/images/I/31Q1khczz5L._SL500_.jpg" alt="Product Image"></a><p>Colored Pencils for Adult Coloring Books, 72 Colors Drawing Pencils with Oil-Based Cores, Professional Art Supplies for Artists, Coloring Pencils for Adults, Color Pencils Set for Beginners and Teens.</p><p>$9.49</p><a href="https://www.amazon.com/dp/B0CZBPK6L5?tag=eloabder-20&linkCode=osi&th=1&psc=1">View Product</a></div>
<div class="product"><a href="https://www.amazon.com/dp/B0BTJRPJHJ?tag=eloabder-20&linkCode=osi&th=1&psc=1"><img src="https://m.media-amazon.com/images/I/61eh6iSlGRL._SL500_.jpg" alt="Product Image"></a><p>READY 2 LEARN Colored Sand - Turquoise - 2.2 lbs - Play Sand for Kids - Perfect for Arts and Crafts, Sensory Bins, Wedding Decorations and Vase Filler</p><p>$9.32</p><a href="https://www.amazon.com/dp/B0BTJRPJHJ?tag=eloabder-20&linkCode=osi&th=1&psc=1">View Product</a></div><div class="product"><a href="https://www.amazon.com/dp/B0BTJWH6L3?tag=eloabder-20&linkCode=osi&th=1&psc=1"><img src="https://m.media-amazon.com/images/I/61OHaobOoGL._SL500_.jpg" alt="Product Image"></a><p>READY 2 LEARN Colored Sand - Light Blue - 2.2 lbs - Play Sand for Kids - Perfect for Wedding Unity Ceremonies, Crafts, Sensory Bins and Vase Filler</p><p>$9.99</p><a href="https://www.amazon.com/dp/B0BTJWH6L3?tag=eloabder-20&linkCode=osi&th=1&psc=1">View Product</a></div><div class="product"><a href="https://www.amazon.com/dp/B00DZS4AA0?tag=eloabder-20&linkCode=osi&th=1&psc=1"><img src="https://m.media-amazon.com/images/I/41htpdoeWSL._SL500_.jpg" alt="Product Image"></a><p>Activa Pink Decorative Colored Sand in Resealable Bag, 5lb (2.27kg) | Fine Grain & Fade-Proof Sand For Arts & Crafts</p><p>$8.99</p><a href="https://www.amazon.com/dp/B00DZS4AA0?tag=eloabder-20&linkCode=osi&th=1&psc=1">View Product</a></div><div class="product"><a href="https://www.amazon.com/dp/B00GNED6YE?tag=eloabder-20&linkCode=osi&th=1&psc=1"><img src="https://m.media-amazon.com/images/I/41T-AKVqV5L._SL500_.jpg" alt="Product Image"></a><p>Sandsational Sparkle Champagne Unity Sand - 1.5 LB (22oz), Beige Colored Sand for Weddings, Vase Filler, Home Décor, Craft Sand, Aquarium Sand, and More</p><p>$15.99</p><a href="https://www.amazon.com/dp/B00GNED6YE?tag=eloabder-20&linkCode=osi&th=1&psc=1">View Product</a></div><div class="product"><a href="https://www.amazon.com/dp/B007VC4F6A?tag=eloabder-20&linkCode=osi&th=1&psc=1"><img src="https://m.media-amazon.com/images/I/51EtMIBeueL._SL500_.jpg" alt="Product Image"></a><p>Sandsational Sparkle Tropic Blue Unity Sand, 1 LB (16 oz), Colored Sand for Weddings, Vase Filler, Home Décor, Craft Sand, Aquarium Sand, and More</p><p>$9.99</p><a href="https://www.amazon.com/dp/B007VC4F6A?tag=eloabder-20&linkCode=osi&th=1&psc=1">View Product</a></div><div class="product"><a href="https://www.amazon.com/dp/B007VC497K?tag=eloabder-20&linkCode=osi&th=1&psc=1"><img src="https://m.media-amazon.com/images/I/51oZOs1VRDL._SL500_.jpg" alt="Product Image"></a><p>Sandsational Sparkle Burnt Orange Unity Sand, 1 LB (16 oz), Colored Sand for Weddings, Vase Filler, Home Décor, Craft Sand, Aquarium Sand, and More</p><p>$9.99</p><a href="https://www.amazon.com/dp/B007VC497K?tag=eloabder-20&linkCode=osi&th=1&psc=1">View Product</a></div><div class="product"><a href="https://www.amazon.com/dp/B004BN9WWY?tag=eloabder-20&linkCode=osi&th=1&psc=1"><img src="https://m.media-amazon.com/images/I/41Hehnr6HkL._SL500_.jpg" alt="Product Image"></a><p>Activa Turquoise Decorative Colored Sand in Resealable Bag, 5lb (2.27kg) | Fine Grain & Fade-Proof Sand For Arts & Crafts</p><p>$17.99 ($0.22 / Ounce)</p><a href="https://www.amazon.com/dp/B004BN9WWY?tag=eloabder-20&linkCode=osi&th=1&psc=1">View Product</a></div><div class="product"><a href="https://www.amazon.com/dp/B007VC4CMM?tag=eloabder-20&linkCode=osi&th=1&psc=1"><img src="https://m.media-amazon.com/images/I/51MDELk9-bL._SL500_.jpg" alt="Product Image"></a><p>Sandsational Sparkle Hazelnut Unity Sand, 1 LB (16 oz), Colored Sand for Weddings, Vase Filler, Home Décor, Craft Sand, Aquarium Sand, and More</p><p>$9.99</p><a href="https://www.amazon.com/dp/B007VC4CMM?tag=eloabder-20&linkCode=osi&th=1&psc=1">View Product</a></div>

<div class="product"><a href="https://www.amazon.com/dp/B0868M9MFP?tag=eloabder-20&linkCode=osi&th=1&psc=1"><img src="https://m.media-amazon.com/images/I/41MathwPKuL._SL500_.jpg" alt="Product Image"></a><p>SIMETUFY 360 Sheets 36 Multicolor Tissue Paper Bulk Gift Wrapping Tissue Paper Decorative Art Rainbow Tissue Paper 11.5in x 8in for Art Craft Floral Birthday Party Festival Tissue Paper Pom Pom</p><p>$6.98 ($0.02 / Count)</p><a href="https://www.amazon.com/dp/B0868M9MFP?tag=eloabder-20&linkCode=osi&th=1&psc=1">View Product</a></div><div class="product"><a href="https://www.amazon.com/dp/B0CZNYNJL3?tag=eloabder-20&linkCode=osi&th=1&psc=1"><img src="https://m.media-amazon.com/images/I/41ZspqqmKpL._SL500_.jpg" alt="Product Image"></a><p>160 Sheets Colored Tissue Paper, Tissue Paper Bulk 14 X 20 Inches Tissue Paper for Gift Bags Wrapping DIY Crafts Wedding Birthday</p><p>$7.99 ($0.03 / Sq Ft)</p><a href="https://www.amazon.com/dp/B0CZNYNJL3?tag=eloabder-20&linkCode=osi&th=1&psc=1">View Product</a></div><div class="product"><a href="https://www.amazon.com/dp/B07QY9FQN2?tag=eloabder-20&linkCode=osi&th=1&psc=1"><img src="https://m.media-amazon.com/images/I/51DR9nknn7L._SL500_.jpg" alt="Product Image"></a><p>120 Sheets Colored Tissue Paper Bulk Wrapping Craft Paper 20 x 26" for Art Gift Tissue Decoration (24 Colors)</p><p>$15.59 ($0.13 / Count)</p><a href="https://www.amazon.com/dp/B07QY9FQN2?tag=eloabder-20&linkCode=osi&th=1&psc=1">View Product</a></div><div class="product"><a href="https://www.amazon.com/dp/B0CWR5FKGQ?tag=eloabder-20&linkCode=osi&th=1&psc=1"><img src="https://m.media-amazon.com/images/I/31iRzSH4cbL._SL500_.jpg" alt="Product Image"></a><p>Hlonon 100 Sheets Colored Tissue Paper 12×20 Inch Tissue Paper Bulk Gift Wrapping for Gift Bags DIY Crafts Birthday Wedding Holidays Decor 10 Colors</p><p>$4.59</p><a href="https://www.amazon.com/dp/B0CWR5FKGQ?tag=eloabder-20&linkCode=osi&th=1&psc=1">View Product</a></div><div class="product"><a href="https://www.amazon.com/dp/B09RXR9SXB?tag=eloabder-20&linkCode=osi&th=1&psc=1"><img src="https://m.media-amazon.com/images/I/51xWE-5f2lL._SL500_.jpg" alt="Product Image"></a><p>120 Sheets Colored Tissue Paper for Gift Bags - 25 Assorted Colors Tissue Paper for Packaging Bulk Colored Tissue Paper for Gift Wrapping -Tissue Paper Bulk for Crafts Large 20 X 26 Sheets</p><p>$13.99 ($0.12 / Count)</p><a href="https://www.amazon.com/dp/B09RXR9SXB?tag=eloabder-20&linkCode=osi&th=1&psc=1">View Product</a></div><div class="product"><a href="https://www.amazon.com/dp/B0BWPNFLXM?tag=eloabder-20&linkCode=osi&th=1&psc=1"><img src="https://m.media-amazon.com/images/I/51KYkgeBLCL._SL500_.jpg" alt="Product Image"></a><p>Colored Tissue Paper for Gift Bags, Colored Tissue Paper for Crafts, Gift Wrapping Tissue Paper Bulk - 375 Sheets in 36 Assorted Colors (12 in x 8.4 in)</p><p>$12.99 ($0.03 / Count)</p><a href="https://www.amazon.com/dp/B0BWPNFLXM?tag=eloabder-20&linkCode=osi&th=1&psc=1">View Product</a></div><div class="product"><a href="https://www.amazon.com/dp/B0D1JYM64F?tag=eloabder-20&linkCode=osi&th=1&psc=1"><img src="https://m.media-amazon.com/images/I/41wvUKH9PbL._SL500_.jpg" alt="Product Image"></a><p>Phinus 6300 Pcs 1 Inch Tissue Paper Squares, Tissue Paper for Crafts, 42 Assorted Colored Tissue Paper, Colors Art Rainbow Tissue Paper Bulk for Crafts, Art Projects, Birthday Party</p><p>$5.99</p><a href="https://www.amazon.com/dp/B0D1JYM64F?tag=eloabder-20&linkCode=osi&th=1&psc=1">View Product</a></div>
<div class="product"><a href="https://www.amazon.com/dp/B085DP36VF?tag=eloabder-20&linkCode=osi&th=1&psc=1"><img src="https://m.media-amazon.com/images/I/516vaNkg0iL._SL500_.jpg" alt="Product Image"></a><p>Soucolor Art Brush Markers Pens for Adult Coloring Books, 34 Colors Numbered Dual Tip (Brush and Fine Point) Marker Pen for Kids Note taking Planner Lettering Calligraphy Drawing Preppy School Stuff</p><p>$9.99</p><a href="https://www.amazon.com/dp/B085DP36VF?tag=eloabder-20&linkCode=osi&th=1&psc=1">View Product</a></div><div class="product"><a href="https://www.amazon.com/dp/B075WQPKNK?tag=eloabder-20&linkCode=osi&th=1&psc=1"><img src="https://m.media-amazon.com/images/I/51EOXvmdwnL._SL500_.jpg" alt="Product Image"></a><p>Dual Brush Marker Pens for Coloring Books, Tanmit Fine Tip Coloring Marker & Brush Pen Set for Journaling Note Taking Writing Planning Art Project</p><p>$7.97</p><a href="https://www.amazon.com/dp/B075WQPKNK?tag=eloabder-20&linkCode=osi&th=1&psc=1">View Product</a></div>
<div class="product"><a href="https://www.amazon.com/dp/B0BWH7CWFW?tag=eloabder-20&linkCode=osi&th=1&psc=1"><img src="https://m.media-amazon.com/images/I/51jUg2AkDyL._SL500_.jpg" alt="Product Image"></a><p>AnyMark 60 Colors Alcohol Markers, Markers Set, Dual Tip Alcohol Based Art Markers for Kids Adults Coloring Drawing, Chisel & Fine</p><p>$19.99 ($0.33 / Count)</p><a href="https://www.amazon.com/dp/B0BWH7CWFW?tag=eloabder-20&linkCode=osi&th=1&psc=1">View Product</a></div><div class="product"><a href="https://www.amazon.com/dp/B07CJ8QXF8?tag=eloabder-20&linkCode=osi&th=1&psc=1"><img src="https://m.media-amazon.com/images/I/51bChi4-H4L._SL500_.jpg" alt="Product Image"></a><p>Dual Markers Brush Pens, 36 Fine Point Art Marker, Double Tip Colored Pen for Adult Coloring Hand Lettering, School Classroom Art Suppliers</p><p>$9.99</p><a href="https://www.amazon.com/dp/B07CJ8QXF8?tag=eloabder-20&linkCode=osi&th=1&psc=1">View Product</a></div><div class="product"><a href="https://www.amazon.com/dp/B0CMLFSJ32?tag=eloabder-20&linkCode=osi&th=1&psc=1"><img src="https://m.media-amazon.com/images/I/51tOlopoSsL._SL500_.jpg" alt="Product Image"></a><p>TOSHARE Double Brush Marker Pens, 72 Colors Art Markers Set with Fine Tip and Brush Tip for Kids Adult Coloring Book Hand Lettering Calligraphy Drawing Art Supplies Kit</p><p>$29.99</p><a href="https://www.amazon.com/dp/B0CMLFSJ32?tag=eloabder-20&linkCode=osi&th=1&psc=1">View Product</a></div><div class="product"><a href="https://www.amazon.com/dp/B0BYD5M7LQ?tag=eloabder-20&linkCode=osi&th=1&psc=1"><img src="https://m.media-amazon.com/images/I/51sfVuA2MJL._SL500_.jpg" alt="Product Image"></a><p>AnyMark 48 Colors Alcohol Markers, Markers Set, Dual Tip Alcohol Based Art Markers for Kids Adults Coloring Drawing, Chisel & Fine</p><p>$12.99 ($0.27 / Count)</p><a href="https://www.amazon.com/dp/B0BYD5M7LQ?tag=eloabder-20&linkCode=osi&th=1&psc=1">View Product</a></div><div class="product"><a href="https://www.amazon.com/dp/B078N2RFJ9?tag=eloabder-20&linkCode=osi&th=1&psc=1"><img src="https://m.media-amazon.com/images/I/415IZ1EQzEL._SL500_.jpg" alt="Product Image"></a><p>MemOffice 80 Colors Dual Tip Artist Alcohol Markers Set with Carrying Case - Perfect for Coloring, Drawing, Sketching, Card Making and Illustration - Perfect for Adults and Kids</p><p>$22.99</p><a href="https://www.amazon.com/dp/B078N2RFJ9?tag=eloabder-20&linkCode=osi&th=1&psc=1">View Product</a></div><div class="product"><a href="https://www.amazon.com/dp/B0891WKPN3?tag=eloabder-20&linkCode=osi&th=1&psc=1"><img src="https://m.media-amazon.com/images/I/51qPnBJt4QL._SL500_.jpg" alt="Product Image"></a><p>Caliart 34 Double Tip Brush Pens Art Markers, Aesthetic Cute Preppy Stuff School Supplies, Artist Fine & Brush Pen Coloring Markers for Kids Adult Book Cards Drawing Craft Kit Teacher Office Supplies</p><p>$9.99</p><a href="https://www.amazon.com/dp/B0891WKPN3?tag=eloabder-20&linkCode=osi&th=1&psc=1">View Product</a></div><div class="product"><a href="https://www.amazon.com/dp/B08GX1FXG5?tag=eloabder-20&linkCode=osi&th=1&psc=1"><img src="https://m.media-amazon.com/images/I/61VK97q6UUL._SL500_.jpg" alt="Product Image"></a><p>Mogyann Markers for Adult 100 Colors Dual Tip Pens with Fine and Brush Tip for Coloring and Calligraphy Drawing</p><p>$26.99</p><a href="https://www.amazon.com/dp/B08GX1FXG5?tag=eloabder-20&linkCode=osi&th=1&psc=1">View Product</a></div>
<div class="product"><a href="https://www.amazon.com/dp/B002LARR8A?tag=eloabder-20&linkCode=osi&th=1&psc=1"><img src="https://m.media-amazon.com/images/I/41G5vXNB91L._SL500_.jpg" alt="Product Image"></a><p>Prang (Formerly SunWorks) Construction Paper, 10 Assorted Colors, 12" x 18", 100 Sheets</p><p>$13.09</p><a href="https://www.amazon.com/dp/B002LARR8A?tag=eloabder-20&linkCode=osi&th=1&psc=1">View Product</a></div><div class="product"><a href="https://www.amazon.com/dp/B001AZ9S6G?tag=eloabder-20&linkCode=osi&th=1&psc=1"><img src="https://m.media-amazon.com/images/I/41kI6AxAEvL._SL500_.jpg" alt="Product Image"></a><p>Prang (Formerly SunWorks) Construction Paper, White, 12" x 18", 50 Sheets</p><p>$6.86</p><a href="https://www.amazon.com/dp/B001AZ9S6G?tag=eloabder-20&linkCode=osi&th=1&psc=1">View Product</a></div>

<div class="product"><a href="https://www.amazon.com/dp/B003JJIEKC?tag=eloabder-20&linkCode=osi&th=1&psc=1"><img src="https://m.media-amazon.com/images/I/51CnC6280iL._SL500_.jpg" alt="Product Image"></a><p>2 Rolls/Pack 7/32 Copper Foil (Copper Backed)</p><p>$24.21</p><a href="https://www.amazon.com/dp/B003JJIEKC?tag=eloabder-20&linkCode=osi&th=1&psc=1">View Product</a></div><div class="product"><a href="https://www.amazon.com/dp/B0CXXD14QS?tag=eloabder-20&linkCode=osi&th=1&psc=1"><img src="https://m.media-amazon.com/images/I/31MLEFbqdaL._SL500_.jpg" alt="Product Image"></a><p>YEZHET 7/32 Inch Black Backed Copper foil for Stained Glass (2Roll)</p><p>$16.99</p><a href="https://www.amazon.com/dp/B0CXXD14QS?tag=eloabder-20&linkCode=osi&th=1&psc=1">View Product</a></div><div class="product"><a href="https://www.amazon.com/dp/B00359QVPG?tag=eloabder-20&linkCode=osi&th=1&psc=1"><img src="https://m.media-amazon.com/images/I/41hRCFiP1dL._SL500_.jpg" alt="Product Image"></a><p>Edco 3/16 Black Backed Copper Foil</p><p>$14.75</p><a href="https://www.amazon.com/dp/B00359QVPG?tag=eloabder-20&linkCode=osi&th=1&psc=1">View Product</a></div><div class="product"><a href="https://www.amazon.com/dp/B004BNDZSG?tag=eloabder-20&linkCode=osi&th=1&psc=1"><img src="https://m.media-amazon.com/images/I/519NZ7L73gL._SL500_.jpg" alt="Product Image"></a><p>Studio Pro 1/4-Inch Black Lined Copper Foil</p><p>$10.90</p><a href="https://www.amazon.com/dp/B004BNDZSG?tag=eloabder-20&linkCode=osi&th=1&psc=1">View Product</a></div><div class="product"><a href="https://www.amazon.com/dp/B0C3Z37LZK?tag=eloabder-20&linkCode=osi&th=1&psc=1"><img src="https://m.media-amazon.com/images/I/41bhh73eatL._SL500_.jpg" alt="Product Image"></a><p>YEZHET Copper Foil Tape 2 Pack (7/32Inch) with Double-Sided Conductive, for Stained Glass, Electrical Repairs, DIY Handicrafts, Paper Circuits, Crafting</p><p>$7.99 ($0.53 / Foot)</p><a href="https://www.amazon.com/dp/B0C3Z37LZK?tag=eloabder-20&linkCode=osi&th=1&psc=1">View Product</a></div><div class="product"><a href="https://www.amazon.com/dp/B00WVKO1LG?tag=eloabder-20&linkCode=osi&th=1&psc=1"><img src="https://m.media-amazon.com/images/I/31J15yH0QGL._SL500_.jpg" alt="Product Image"></a><p>K&S 6020 Metallic Copper Crafting Foil, 0.005" Thick x 12" Width x 30" Long, 1 Piece, Made in The USA</p><p>$14.89</p><a href="https://www.amazon.com/dp/B00WVKO1LG?tag=eloabder-20&linkCode=osi&th=1&psc=1">View Product</a></div>
<div class="product"><a href="https://www.amazon.com/dp/B08YJBQ7WZ?tag=eloabder-20&linkCode=osi&th=1&psc=1"><img src="https://m.media-amazon.com/images/I/51MPyR+wDWL._SL500_.jpg" alt="Product Image"></a><p>45 Color Options Macrame Cord 2mm/3mm/4mm/5mm/6mmx109 Yards Cotton Cord, 4 Ply Twisted Yarn, Natural Perfect Supplies DIY Crafts (Natural White)</p><p>$4.98 ($0.02 / Foot)</p><a href="https://www.amazon.com/dp/B08YJBQ7WZ?tag=eloabder-20&linkCode=osi&th=1&psc=1">View Product</a></div><div class="product"><a href="https://www.amazon.com/dp/B07ZGD2G6B?tag=eloabder-20&linkCode=osi&th=1&psc=1"><img src="https://m.media-amazon.com/images/I/51pexzF494L._SL500_.jpg" alt="Product Image"></a><p>Tenn Well Leather String, 100 Yards 2.6mm Flat Suede Cord, Faux Leather Cord for Jewelry Making, Necklaces, Bracelets, Dream Catchers and DIY Crafts (Brown)</p><p>$9.99 ($0.03 / Foot)</p><a href="https://www.amazon.com/dp/B07ZGD2G6B?tag=eloabder-20&linkCode=osi&th=1&psc=1">View Product</a></div><div class="product"><a href="https://www.amazon.com/dp/B0CQF1LC2R?tag=eloabder-20&linkCode=osi&th=1&psc=1"><img src="https://m.media-amazon.com/images/I/51O0PgsjtpL._SL500_.jpg" alt="Product Image"></a><p>Anezus Rainbow Color Nylon Cord, Nylon Craft String, Silky Satin Rattail Cord Beading String for Braided Bracelets, Pendants Necklace, Macrame Keychains, Lanyards, Drawstring Bags, DIY Crafts, Sewing</p><p>$6.99 ($0.02 / Foot)</p><a href="https://www.amazon.com/dp/B0CQF1LC2R?tag=eloabder-20&linkCode=osi&th=1&psc=1">View Product</a></div><div class="product"><a href="https://www.amazon.com/dp/B0B7J9BZSN?tag=eloabder-20&linkCode=osi&th=1&psc=1"><img src="https://m.media-amazon.com/images/I/41Orf+Dg9FL._SL500_.jpg" alt="Product Image"></a><p>2 mm 330 Feet Satin Nylon Cord String for Jewelry Making Bracelet Necklaces Beading Thread Rattail Macrame Kumihimo Chinese Knot Craft</p><p>$7.99 ($0.02 / Foot)</p><a href="https://www.amazon.com/dp/B0B7J9BZSN?tag=eloabder-20&linkCode=osi&th=1&psc=1">View Product</a></div><div class="product"><a href="https://www.amazon.com/dp/B08PZ2VDPM?tag=eloabder-20&linkCode=osi&th=1&psc=1"><img src="https://m.media-amazon.com/images/I/51DQgq3cfXL._SL500_.jpg" alt="Product Image"></a><p>Tenn Well Nylon Satin Cord, 295 Feet 2mm Black Nylon String for Jewelry Making, Silky Rattail Cord for Bracelets, Necklaces, Macrame Keychains, Lanyards, Beading</p><p>$7.99 ($0.03 / Foot)</p><a href="https://www.amazon.com/dp/B08PZ2VDPM?tag=eloabder-20&linkCode=osi&th=1&psc=1">View Product</a></div><div class="product"><a href="https://www.amazon.com/dp/B07TW9PGGB?tag=eloabder-20&linkCode=osi&th=1&psc=1"><img src="https://m.media-amazon.com/images/I/41C73YuzTWL._SL500_.jpg" alt="Product Image"></a><p>Macrame Cord,3mm x109 Yards 100% Natural Macrame Cords Colored Cotton Macrame Rope Craft Cord for DIY Crafts Knitting Plant Hangers Christmas Wedding Decor(Natural Color/Beige)</p><p>$4.98 ($0.02 / Foot)</p><a href="https://www.amazon.com/dp/B07TW9PGGB?tag=eloabder-20&linkCode=osi&th=1&psc=1">View Product</a></div><div class="product"><a href="https://www.amazon.com/dp/B0CS27R34B?tag=eloabder-20&linkCode=osi&th=1&psc=1"><img src="https://m.media-amazon.com/images/I/31hxjVrOTnL._SL500_.jpg" alt="Product Image"></a><p>2 mm x 330 Feet Satin Nylon Cord, Silky Smooth Nylon String for Jewelry Making Bracelet Necklaces Beading Thread Rattail Macrame Kumihimo Chinese Knot Craft</p><p>$7.99 ($0.02 / Foot)</p><a href="https://www.amazon.com/dp/B0CS27R34B?tag=eloabder-20&linkCode=osi&th=1&psc=1">View Product</a></div><div class="product"><a href="https://www.amazon.com/dp/B07GX8B3PC?tag=eloabder-20&linkCode=osi&th=1&psc=1"><img src="https://m.media-amazon.com/images/I/416oClGC4ZL._SL500_.jpg" alt="Product Image"></a><p>Tenn Well 5mm Macrame Cord, 165Feet Braided Cotton Rope Thick Craft Twine for Macrame Plant Hangers, Wall Hangings, Drawstrings, Clothes Lines, DIY Crafts (Beige)</p><p>$8.99 ($0.05 / Foot)</p><a href="https://www.amazon.com/dp/B07GX8B3PC?tag=eloabder-20&linkCode=osi&th=1&psc=1">View Product</a></div>
<div class="product"><a href="https://www.amazon.com/dp/B08LV18F93?tag=eloabder-20&linkCode=osi&th=1&psc=1"><img src="https://m.media-amazon.com/images/I/51XMGht9fSL._SL500_.jpg" alt="Product Image"></a><p>uxcell 20pcs Corrugated Cardboard Paper Sheets,Colorful,7.87-inch x 11.82-inch,for Craft and DIY Projects</p><p>$12.49 ($0.62 / Count)</p><a href="https://www.amazon.com/dp/B08LV18F93?tag=eloabder-20&linkCode=osi&th=1&psc=1">View Product</a></div><div class="product"><a href="https://www.amazon.com/dp/B009MRH3R0?tag=eloabder-20&linkCode=osi&th=1&psc=1"><img src="https://m.media-amazon.com/images/I/51KvHbQ47aL._SL500_.jpg" alt="Product Image"></a><p>Hygloss Corrugated Cardboard Sheets, 8-Pack, 8 Pieces</p><p>$10.13 ($1.27 / Count)</p><a href="https://www.amazon.com/dp/B009MRH3R0?tag=eloabder-20&linkCode=osi&th=1&psc=1">View Product</a></div><div class="product"><a href="https://www.amazon.com/dp/B08LV1DHM7?tag=eloabder-20&linkCode=osi&th=1&psc=1"><img src="https://m.media-amazon.com/images/I/41CqXQkVMyL._SL500_.jpg" alt="Product Image"></a><p>uxcell 10pcs Corrugated Cardboard Paper Sheets,Black,7.87-inch x 11.84-inch,for Craft and DIY Projects</p><p>$8.09 ($0.81 / Count)</p><a href="https://www.amazon.com/dp/B08LV1DHM7?tag=eloabder-20&linkCode=osi&th=1&psc=1">View Product</a></div><div class="product"><a href="https://www.amazon.com/dp/B07RNHX8GZ?tag=eloabder-20&linkCode=osi&th=1&psc=1"><img src="https://m.media-amazon.com/images/I/51LdlT0J20L._SL500_.jpg" alt="Product Image"></a><p>Bright Creations Corrugated Cardboard Paper Sheets (8.5 x 11 in, Black, 48-Pack)</p><p>$16.99 ($0.35 / Count)</p><a href="https://www.amazon.com/dp/B07RNHX8GZ?tag=eloabder-20&linkCode=osi&th=1&psc=1">View Product</a></div><div class="product"><a href="https://www.amazon.com/dp/B07GZHK7KC?tag=eloabder-20&linkCode=osi&th=1&psc=1"><img src="https://m.media-amazon.com/images/I/51LbINh9qtL._SL500_.jpg" alt="Product Image"></a><p>64 Pack Colored Corrugated Cardboard Sheets for Crafts, Art Projects, DIY Signs, 8 Bright Colors (8.3 x 11.8 in)</p><p>$19.99 ($0.31 / Count)</p><a href="https://www.amazon.com/dp/B07GZHK7KC?tag=eloabder-20&linkCode=osi&th=1&psc=1">View Product</a></div><div class="product"><a href="https://www.amazon.com/dp/B08LV1FW8M?tag=eloabder-20&linkCode=osi&th=1&psc=1"><img src="https://m.media-amazon.com/images/I/41glvw8zT3L._SL500_.jpg" alt="Product Image"></a><p>uxcell 10pcs Corrugated Cardboard Paper Sheets,White,7.87-inch x 11.86-inch,for Craft and DIY Projects</p><p>$9.49 ($0.95 / Count)</p><a href="https://www.amazon.com/dp/B08LV1FW8M?tag=eloabder-20&linkCode=osi&th=1&psc=1">View Product</a></div><div class="product"><a href="https://www.amazon.com/dp/B071KP3K72?tag=eloabder-20&linkCode=osi&th=1&psc=1"><img src="https://m.media-amazon.com/images/I/41Dr9t+PB8L._SL500_.jpg" alt="Product Image"></a><p>Corobuff Corrugated Paper, Brite Blue, 48" x 25', 1 Roll</p><p>$38.52</p><a href="https://www.amazon.com/dp/B071KP3K72?tag=eloabder-20&linkCode=osi&th=1&psc=1">View Product</a></div><div class="product"><a href="https://www.amazon.com/dp/B09TB1LKLG?tag=eloabder-20&linkCode=osi&th=1&psc=1"><img src="https://m.media-amazon.com/images/I/31ttSeubU9L._SL500_.jpg" alt="Product Image"></a><p>MECCANIXITY Corrugated Paper Sheets 25pcs 11.8-inch x 7.87-inch White Cardboard for DIY Craft</p><p>$13.99</p><a href="https://www.amazon.com/dp/B09TB1LKLG?tag=eloabder-20&linkCode=osi&th=1&psc=1">View Product</a></div><div class="product"><a href="https://www.amazon.com/dp/B0C372CGHG?tag=eloabder-20&linkCode=osi&th=1&psc=1"><img src="https://m.media-amazon.com/images/I/41EDnL7EWDL._SL500_.jpg" alt="Product Image"></a><p>DMiotech 5 Pack 7.87x11.81 Inch Corrugated Cardboard Paper Sheets DIY Projects Black for Box Making, Cards, Scrapbooks</p><p>$6.99 ($1.40 / Count)</p><a href="https://www.amazon.com/dp/B0C372CGHG?tag=eloabder-20&linkCode=osi&th=1&psc=1">View Product</a></div>
<div class="product"><a href="https://www.amazon.com/dp/B08PBJSDSH?tag=eloabder-20&linkCode=osi&th=1&psc=1"><img src="https://m.media-amazon.com/images/I/41pj8xbkfyL._SL500_.jpg" alt="Product Image"></a><p>100 Pieces Cotton Spun Paper Balls White Natural Spun Cotton Paper Balls Coloring Paper Balls for Making Paper Flowers DIY Crafts Decorations</p><p>$9.49</p><a href="https://www.amazon.com/dp/B08PBJSDSH?tag=eloabder-20&linkCode=osi&th=1&psc=1">View Product</a></div><div class="product"><a href="https://www.amazon.com/dp/B083W75XRT?tag=eloabder-20&linkCode=osi&th=1&psc=1"><img src="https://m.media-amazon.com/images/I/41C8TlFRJvL._SL500_.jpg" alt="Product Image"></a><p>Lia Griffith Cotton Spun Paper Balls, White, 20mm, 24 Count</p><p>$11.30 ($0.47 / Count)</p><a href="https://www.amazon.com/dp/B083W75XRT?tag=eloabder-20&linkCode=osi&th=1&psc=1">View Product</a></div>
<div class="product"><a href="https://www.amazon.com/dp/B0B1J8TYT1?tag=eloabder-20&linkCode=osi&th=1&psc=1"><img src="https://m.media-amazon.com/images/I/41NdyrANVlL._SL500_.jpg" alt="Product Image"></a><p>HOTGODEN Medium Weight 100% Cotton Muslin Fabric: 63 inch x 2,5,10 Yards Unbleached Muslin Linen Fabric Material for Sewing Material Apparel Cloth</p><p>$12.99</p><a href="https://www.amazon.com/dp/B0B1J8TYT1?tag=eloabder-20&linkCode=osi&th=1&psc=1">View Product</a></div><div class="product"><a href="https://www.amazon.com/dp/B0B9HHD1QM?tag=eloabder-20&linkCode=osi&th=1&psc=1"><img src="https://m.media-amazon.com/images/I/313O1FHX2vL._SL500_.jpg" alt="Product Image"></a><p>Craftido-19 Options-100% Cotton Fabric by The yard in Solid Color 44”Wide by 3yd (9 ft) -Medium Weight 5.2 oz- for Quilting, Sewing, Crafts, Binding, Backing and Lining - White</p><p>$22.99</p><a href="https://www.amazon.com/dp/B0B9HHD1QM?tag=eloabder-20&linkCode=osi&th=1&psc=1">View Product</a></div><div class="product"><a href="https://www.amazon.com/dp/B0BHVMLTWV?tag=eloabder-20&linkCode=osi&th=1&psc=1"><img src="https://m.media-amazon.com/images/I/21vOg9h0nXL._SL500_.jpg" alt="Product Image"></a><p>HOTGODEN Light Weight 100% Cotton Muslin Fabric: 63 inch x 2,5,10 Yards Unbleached Muslin Linen Fabric Material for Sewing Material Apparel Cloth</p><p>$12.99</p><a href="https://www.amazon.com/dp/B0BHVMLTWV?tag=eloabder-20&linkCode=osi&th=1&psc=1">View Product</a></div><div class="product"><a href="https://www.amazon.com/dp/B093BQ3GMM?tag=eloabder-20&linkCode=osi&th=1&psc=1"><img src="https://m.media-amazon.com/images/I/61UmpTb+DVS._SL500_.jpg" alt="Product Image"></a><p>42Pcs 10"x10" Quilting Cotton Fabric Squares Sheets Pre-Cut Multi-Color Design Printed Floral Craft Fabric for DIY Sewing Scrapbooking Quilting Craft Patchwork (Red/Pink/Yellow/Green/Blue/Purple)</p><p>$12.88</p><a href="https://www.amazon.com/dp/B093BQ3GMM?tag=eloabder-20&linkCode=osi&th=1&psc=1">View Product</a></div><div class="product"><a href="https://www.amazon.com/dp/B08DTBZTFC?tag=eloabder-20&linkCode=osi&th=1&psc=1"><img src="https://m.media-amazon.com/images/I/41NKhg34TpL._SL500_.jpg" alt="Product Image"></a><p>Master FAB -Black 100% Cotton Fabric by The Yard for Sewing DIY Crafting Fashion Design Washable Cloth Bundles Voile;Full Width cuttable39 x 55inches (100x140cm) (Black Solid)</p><p>$9.99</p><a href="https://www.amazon.com/dp/B08DTBZTFC?tag=eloabder-20&linkCode=osi&th=1&psc=1">View Product</a></div>
<div class="product"><a href="https://www.amazon.com/dp/B08TZZ7F3P?tag=eloabder-20&linkCode=osi&th=1&psc=1"><img src="https://m.media-amazon.com/images/I/41J8e8Zfz1S._SL500_.jpg" alt="Product Image"></a><p>Hdviai Macrame Cord - Natural Unbleached Macrame Rope - 4 Strand Twisted Cotton Rope for Wall Hanging，DIY Craft Making，Plant Hangers，Knotting Decorative Projects (White, 8mm x 20 Yards)</p><p>$9.99 ($0.17 / Foot)</p><a href="https://www.amazon.com/dp/B08TZZ7F3P?tag=eloabder-20&linkCode=osi&th=1&psc=1">View Product</a></div><div class="product"><a href="https://www.amazon.com/dp/B094Y2M3G5?tag=eloabder-20&linkCode=osi&th=1&psc=1"><img src="https://m.media-amazon.com/images/I/51C-4p5OSsS._SL500_.jpg" alt="Product Image"></a><p>SEMINI 100% Natural Cotton Cord,5mm x40 Yard Mixed Color Twine String Cord Colored Cotton Rope Craft Cord for DIY Crafts Knitting Plant Hangers Christmas Wedding Decorate (Mix Color)</p><p>$12.99</p><a href="https://www.amazon.com/dp/B094Y2M3G5?tag=eloabder-20&linkCode=osi&th=1&psc=1">View Product</a></div><div class="product"><a href="https://www.amazon.com/dp/B07NTT82FH?tag=eloabder-20&linkCode=osi&th=1&psc=1"><img src="https://m.media-amazon.com/images/I/41aw9F3nkmL._SL500_.jpg" alt="Product Image"></a><p>Feelmate 6mm x 164 Feet Cotton Rope Macrame Cord for Crafts Jewelry Making Home Decoration Gift Wrapping</p><p>$14.99 ($0.09 / Foot)</p><a href="https://www.amazon.com/dp/B07NTT82FH?tag=eloabder-20&linkCode=osi&th=1&psc=1">View Product</a></div><div class="product"><a href="https://www.amazon.com/dp/B09KRYCT3B?tag=eloabder-20&linkCode=osi&th=1&psc=1"><img src="https://m.media-amazon.com/images/I/41H918apC-L._SL500_.jpg" alt="Product Image"></a><p>Natural Cotton Rope, JEUIHAU 328 Feet 1/4 Inch Cotton Clothesline Rope, All-Purpose Braided Cotton Rope Utility Cord for Clothes Hanging, Crafting, Macrame, Basket Making, and DIY Art Projects</p><p>$25.99 ($0.08 / Foot)</p><a href="https://www.amazon.com/dp/B09KRYCT3B?tag=eloabder-20&linkCode=osi&th=1&psc=1">View Product</a></div>
<div class="product"><a href="https://www.amazon.com/dp/B07RRD6TBN?tag=eloabder-20&linkCode=osi&th=1&psc=1"><img src="https://m.media-amazon.com/images/I/31YqtfxjDuL._SL500_.jpg" alt="Product Image"></a><p>Connecting Threads 100% Cotton Thread - 1200 Yard Spool (White)</p><p>$8.99</p><a href="https://www.amazon.com/dp/B07RRD6TBN?tag=eloabder-20&linkCode=osi&th=1&psc=1">View Product</a></div><div class="product"><a href="https://www.amazon.com/dp/B07G4N3HCZ?tag=eloabder-20&linkCode=osi&th=1&psc=1"><img src="https://m.media-amazon.com/images/I/413UnNketKL._SL500_.jpg" alt="Product Image"></a><p>2-Pack - Gutermann Natural Cotton Thread Solids 876 Yards Each - White (800C 5709)</p><p>$16.17 ($8.08 / Count)</p><a href="https://www.amazon.com/dp/B07G4N3HCZ?tag=eloabder-20&linkCode=osi&th=1&psc=1">View Product</a></div><div class="product"><a href="https://www.amazon.com/dp/B07RSFSYLY?tag=eloabder-20&linkCode=osi&th=1&psc=1"><img src="https://m.media-amazon.com/images/I/31dM1Mx2uIL._SL500_.jpg" alt="Product Image"></a><p>Connecting Threads 100% Cotton Essential Thread 5000 Yard Cone (White)</p><p>$16.99</p><a href="https://www.amazon.com/dp/B07RSFSYLY?tag=eloabder-20&linkCode=osi&th=1&psc=1">View Product</a></div><div class="product"><a href="https://www.amazon.com/dp/B074H1JTPK?tag=eloabder-20&linkCode=osi&th=1&psc=1"><img src="https://m.media-amazon.com/images/I/41tOL4rkfFL._SL500_.jpg" alt="Product Image"></a><p>Simthread 12 Multi Colors 100% Cotton Sewing Thread 50s/3 Thread for Quilting etc - 550 Yards Each 12C02</p><p>$21.99 ($0.00 / Foot)</p><a href="https://www.amazon.com/dp/B074H1JTPK?tag=eloabder-20&linkCode=osi&th=1&psc=1">View Product</a></div><div class="product"><a href="https://www.amazon.com/dp/B07RPCNYXW?tag=eloabder-20&linkCode=osi&th=1&psc=1"><img src="https://m.media-amazon.com/images/I/41iUqMPb-gL._SL500_.jpg" alt="Product Image"></a><p>Connecting Threads 100% Cotton Thread - 1200 Yard Spool (Red)</p><p>$8.99</p><a href="https://www.amazon.com/dp/B07RPCNYXW?tag=eloabder-20&linkCode=osi&th=1&psc=1">View Product</a></div>
<div class="product"><a href="https://www.amazon.com/dp/B09SL5LT8W?tag=eloabder-20&linkCode=osi&th=1&psc=1"><img src="https://m.media-amazon.com/images/I/512Dhz0oTrL._SL500_.jpg" alt="Product Image"></a><p>B-7000 Glue Clear for Rhinestone Crafts, Jewelry and Bead Adhesive B7000 Semi Fluid High Viscosity Glues for Clothes Shoes Fabric Cell Phones Screen Repair Metal Stone Nail Art Glass (4x15 ml/0.5 oz)</p><p>$5.45</p><a href="https://www.amazon.com/dp/B09SL5LT8W?tag=eloabder-20&linkCode=osi&th=1&psc=1">View Product</a></div><div class="product"><a href="https://www.amazon.com/dp/B00178KLEY?tag=eloabder-20&linkCode=osi&th=1&psc=1"><img src="https://m.media-amazon.com/images/I/31wcgL5xRkL._SL500_.jpg" alt="Product Image"></a><p>Aleene's All Purpose Tacky Glue, 8-Ounce</p><p>$2.44 ($0.30 / Fl Oz)</p><a href="https://www.amazon.com/dp/B00178KLEY?tag=eloabder-20&linkCode=osi&th=1&psc=1">View Product</a></div><div class="product"><a href="https://www.amazon.com/dp/B088NN5GD8?tag=eloabder-20&linkCode=osi&th=1&psc=1"><img src="https://m.media-amazon.com/images/I/417dgxV3dfL._SL500_.jpg" alt="Product Image"></a><p>Bearly Art Precision Craft Glue - The Mini - 2fl oz with Tip Kit - Acid Free Archival - Strong Hold Adhesive - Ideal for Fine Paper Crafting Scrapbooking and Card Making - Made in USA</p><p>$12.99</p><a href="https://www.amazon.com/dp/B088NN5GD8?tag=eloabder-20&linkCode=osi&th=1&psc=1">View Product</a></div><div class="product"><a href="https://www.amazon.com/dp/B000BY6THS?tag=eloabder-20&linkCode=osi&th=1&psc=1"><img src="https://m.media-amazon.com/images/I/41WhjtET6sL._SL500_.jpg" alt="Product Image"></a><p>Aleene's Clear Gel Tacky Glue 4oz</p><p>$2.33</p><a href="https://www.amazon.com/dp/B000BY6THS?tag=eloabder-20&linkCode=osi&th=1&psc=1">View Product</a></div><div class="product"><a href="https://www.amazon.com/dp/B00KD6ZHA4?tag=eloabder-20&linkCode=osi&th=1&psc=1"><img src="https://m.media-amazon.com/images/I/31oecXt0Q+L._SL500_.jpg" alt="Product Image"></a><p>Aleene's Gel Glue, 8-Ounce, Clear</p><p>$4.44 ($0.56 / Fl Oz)</p><a href="https://www.amazon.com/dp/B00KD6ZHA4?tag=eloabder-20&linkCode=osi&th=1&psc=1">View Product</a></div><div class="product"><a href="https://www.amazon.com/dp/B07Y6RWHP1?tag=eloabder-20&linkCode=osi&th=1&psc=1"><img src="https://m.media-amazon.com/images/I/41B6C8VaOWL._SL500_.jpg" alt="Product Image"></a><p>Bearly Art Precision Craft Glue - The Original - 4fl oz - Tip Kit Included - Dries Clear - Metal Tip - Wrinkle Resistant - Flexible and Crack Resistant - Strong Hold Adhesive - Made in USA</p><p>$19.99 ($5.00 / Fl Oz)</p><a href="https://www.amazon.com/dp/B07Y6RWHP1?tag=eloabder-20&linkCode=osi&th=1&psc=1">View Product</a></div><div class="product"><a href="https://www.amazon.com/dp/B0D1BYTYWD?tag=eloabder-20&linkCode=osi&th=1&psc=1"><img src="https://m.media-amazon.com/images/I/41P6pr3DnTL._SL500_.jpg" alt="Product Image"></a><p>Joez Wonderful 6 Sheets Foam Adhesive Squares, 990pcs Total Double Sided Self Adhesive Dots, Precut Squares Strips Foam Tape for DIY Arts & Crafts, 2 Sizes (0.47in/12mm, 0.24in/6mm)</p><p>$5.59</p><a href="https://www.amazon.com/dp/B0D1BYTYWD?tag=eloabder-20&linkCode=osi&th=1&psc=1">View Product</a></div><div class="product"><a href="https://www.amazon.com/dp/B001683NAO?tag=eloabder-20&linkCode=osi&th=1&psc=1"><img src="https://m.media-amazon.com/images/I/31cwr-m138L._SL500_.jpg" alt="Product Image"></a><p>BEACON 3-in-1 Advanced Craft Glue - Fast-Drying, Crystal Clear Adhesive for Wood, Ceramics, Fabrics, and More, 4-Ounce</p><p>$8.99 ($2.25 / Fl Oz)</p><a href="https://www.amazon.com/dp/B001683NAO?tag=eloabder-20&linkCode=osi&th=1&psc=1">View Product</a></div><div class="product"><a href="https://www.amazon.com/dp/B0C5CB2KCT?tag=eloabder-20&linkCode=osi&th=1&psc=1"><img src="https://m.media-amazon.com/images/I/51GvFpuq9BL._SL500_.jpg" alt="Product Image"></a><p>B-7000 Craft Glue for Jewelry Making - 15ml/0.5oz (2 Pack) - Multi-Function B-7000 Super Adhesive Glues Liquid Fusion Glue for Rhinestones Crafts, Clothes Shoes, Fabric, Jewelry Making, Cell Phones</p><p>$5.99</p><a href="https://www.amazon.com/dp/B0C5CB2KCT?tag=eloabder-20&linkCode=osi&th=1&psc=1">View Product</a></div><div class="product"><a href="https://www.amazon.com/dp/B0011N832C?tag=eloabder-20&linkCode=osi&th=1&psc=1"><img src="https://m.media-amazon.com/images/I/41VYA3-u1QL._SL500_.jpg" alt="Product Image"></a><p>Glue Dots, Craft Dots, Double-Sided, 1/2", .5 Inch, 200 Dots, DIY Craft Glue Tape, Sticky Adhesive Glue Points, Liquid Hot Glue Alternative, Clear</p><p>$4.88 ($0.02 / Count)</p><a href="https://www.amazon.com/dp/B0011N832C?tag=eloabder-20&linkCode=osi&th=1&psc=1">View Product</a></div>
<div class="product"><a href="https://www.amazon.com/dp/B07V3HLBVF?tag=eloabder-20&linkCode=osi&th=1&psc=1"><img src="https://m.media-amazon.com/images/I/41siDRjPEoL._SL500_.jpg" alt="Product Image"></a><p>bagmad 100 Pack 8x4.75x10 inch Plain Medium Paper Bags with Handles Bulk, Brown Kraft Bags, Craft Gift Bags, Grocery Shopping Retail Bags, Birthday Party Favors Wedding Bags Sacks (Brown, 100pcs)</p><p>$26.46 ($0.26 / Count)</p><a href="https://www.amazon.com/dp/B07V3HLBVF?tag=eloabder-20&linkCode=osi&th=1&psc=1">View Product</a></div><div class="product"><a href="https://www.amazon.com/dp/B07MLM81VG?tag=eloabder-20&linkCode=osi&th=1&psc=1"><img src="https://m.media-amazon.com/images/I/31j9z9qZ3mL._SL500_.jpg" alt="Product Image"></a><p>Qutuus Kraft Paper Bags with Handles Bulk 8x4.5x10 100 pcs Brown Paper Gift Bags Bulk Medium Size Kraft Bags, Brown Bags, Shopping Bags, Retail Bags, Craft Bags for Small Business</p><p>$25.99</p><a href="https://www.amazon.com/dp/B07MLM81VG?tag=eloabder-20&linkCode=osi&th=1&psc=1">View Product</a></div><div class="product"><a href="https://www.amazon.com/dp/B0CJ8PHN2Z?tag=eloabder-20&linkCode=osi&th=1&psc=1"><img src="https://m.media-amazon.com/images/I/41e7VEiBNIL._SL500_.jpg" alt="Product Image"></a><p>100 Pack 5.8x3.2x8.25 Inch Brown Kraft Paper Gift Bags with Handles - Bulk Small Plain Natural Bags for Birthday Party Favors, Grocery, Retail Shopping, Wedding, Craft, Goody, Takeouts, and Business</p><p>$18.99</p><a href="https://www.amazon.com/dp/B0CJ8PHN2Z?tag=eloabder-20&linkCode=osi&th=1&psc=1">View Product</a></div><div class="product"><a href="https://www.amazon.com/dp/B0BWMY43TD?tag=eloabder-20&linkCode=osi&th=1&psc=1"><img src="https://m.media-amazon.com/images/I/41FVul0hWRL._SL500_.jpg" alt="Product Image"></a><p>Brothersbox Brown Paper Bags with Handles Bulk 100PCS Kraft Paper Bags, 8 * 4.76 * 10 Inch Medium Craft Paper Gift Bags for Birthday Party Grocery Retail Shopping Business</p><p>$24.99</p><a href="https://www.amazon.com/dp/B0BWMY43TD?tag=eloabder-20&linkCode=osi&th=1&psc=1">View Product</a></div><div class="product"><a href="https://www.amazon.com/dp/B0C13GRG4D?tag=eloabder-20&linkCode=osi&th=1&psc=1"><img src="https://m.media-amazon.com/images/I/41L33B24HtL._SL500_.jpg" alt="Product Image"></a><p>Toovip 90 Pack Plain Brown Kraft Paper Bags with Handles Bulk, Multiple 3 Assorted Sizes Gift Bags for Favors Grocery Retail Party Birthday Shopping Business Goody Craft Merchandise Take Out Sacks</p><p>$26.99 ($0.30 / Count)</p><a href="https://www.amazon.com/dp/B0C13GRG4D?tag=eloabder-20&linkCode=osi&th=1&psc=1">View Product</a></div><div class="product"><a href="https://www.amazon.com/dp/B09Z2N3QKT?tag=eloabder-20&linkCode=osi&th=1&psc=1"><img src="https://m.media-amazon.com/images/I/416VQ3Ke3PL._SL500_.jpg" alt="Product Image"></a><p>Moretoes 40pcs Brown Paper Bags with Handles Assorted Size Gift Bags, Kraft Paper Bags, Paper Shopping Bags, Craft Bags, Merchandise Bags</p><p>$20.99</p><a href="https://www.amazon.com/dp/B09Z2N3QKT?tag=eloabder-20&linkCode=osi&th=1&psc=1">View Product</a></div><div class="product"><a href="https://www.amazon.com/dp/B0CHMTKBWS?tag=eloabder-20&linkCode=osi&th=1&psc=1"><img src="https://m.media-amazon.com/images/I/31QBYQW7LOL._SL500_.jpg" alt="Product Image"></a><p>Oikss 100 Pack 10x5x13 Plain Natural Brown Kraft Paper Bags with Handles Bulk for Birthday Party Favors Grocery Retail Shopping Business Goody Recycled Craft Gift Bags (Large Size, 100 Count)</p><p>$30.99</p><a href="https://www.amazon.com/dp/B0CHMTKBWS?tag=eloabder-20&linkCode=osi&th=1&psc=1">View Product</a></div><div class="product"><a href="https://www.amazon.com/dp/B0CRD6RXP3?tag=eloabder-20&linkCode=osi&th=1&psc=1"><img src="https://m.media-amazon.com/images/I/51lEnA2mgNL._SL500_.jpg" alt="Product Image"></a><p>XPCARE 100Pack Brown Paper Bags 8x4.5x10 Inch, Plain Medium Paper Bags with Handles Bulk, Kraft Paper Gift Bags, Retail Bags, Party Bags, Shopping Bags, Favor Bags</p><p>$19.99</p><a href="https://www.amazon.com/dp/B0CRD6RXP3?tag=eloabder-20&linkCode=osi&th=1&psc=1">View Product</a></div><div class="product"><a href="https://www.amazon.com/dp/B07V3J3Y5V?tag=eloabder-20&linkCode=osi&th=1&psc=1"><img src="https://m.media-amazon.com/images/I/41wn1f3QStL._SL500_.jpg" alt="Product Image"></a><p>bagmad 100 Pack 5.25x3.25x8 inch Brown Small Paper Bags with Handles Bulk, Gift Paper Bags, Kraft Birthday Party Favors Grocery Retail Shopping Craft Bags Takeouts Business (Plain Natural 100pcs)</p><p>$20.99 ($0.21 / Count)</p><a href="https://www.amazon.com/dp/B07V3J3Y5V?tag=eloabder-20&linkCode=osi&th=1&psc=1">View Product</a></div><div class="product"><a href="https://www.amazon.com/dp/B09HBN5248?tag=eloabder-20&linkCode=osi&th=1&psc=1"><img src="https://m.media-amazon.com/images/I/41iWymlepRL._SL500_.jpg" alt="Product Image"></a><p>Oikss 100 Pack 5.25x3.25x8.25 Inch Small Plain Natural Paper Kraft Gift Bags with Handles Bulk for Birthday Party Favors Grocery Retail Shopping Business Goody Craft Bags Cub (Brown 100 Count)</p><p>$20.99 ($0.21 / Count)</p><a href="https://www.amazon.com/dp/B09HBN5248?tag=eloabder-20&linkCode=osi&th=1&psc=1">View Product</a></div>
<div class="product"><a href="https://www.amazon.com/dp/B09C1YL7RQ?tag=eloabder-20&linkCode=osi&th=1&psc=1"><img src="https://m.media-amazon.com/images/I/615lFU8obCL._SL500_.jpg" alt="Product Image"></a><p>1000+ pcs Pony Beads, Multi-Colored Bracelet Beads for Hair Braids, Crafts, Plastic Beads (Medium Pack, Classic)…</p><p>$6.99 ($0.01 / Count)</p><a href="https://www.amazon.com/dp/B09C1YL7RQ?tag=eloabder-20&linkCode=osi&th=1&psc=1">View Product</a></div>
<div class="product"><a href="https://www.amazon.com/dp/B0C1RC5Y7F?tag=eloabder-20&linkCode=osi&th=1&psc=1"><img src="https://m.media-amazon.com/images/I/41Sf-YEnE+L._SL500_.jpg" alt="Product Image"></a><p>PerkHomy Brown Kraft Paper Roll 17.5" x 1,200" (100') for Gift Wrapping Bulletin Board Kids Craft Art Bouquet Flower Packing Moving Shipping Floor Covering Table 70GSM 50LB (Brown, 17.5" x 100')</p><p>$5.98</p><a href="https://www.amazon.com/dp/B0C1RC5Y7F?tag=eloabder-20&linkCode=osi&th=1&psc=1">View Product</a></div>
<div class="product"><a href="https://www.amazon.com/dp/B0044SA67G?tag=eloabder-20&linkCode=osi&th=1&psc=1"><img src="https://m.media-amazon.com/images/I/51UEqn6-w3L._SL500_.jpg" alt="Product Image"></a><p>Hygloss Products - 77640 Colorful Blank Books – Books for Journaling, Sketching, Writing & More – Great for Arts & Crafts - 10 Assorted Bright, Fun Colors - Pocket-Size - 4.25 x 5.5 Inches - 10 Pack</p><p>$8.18 ($0.82 / Count)</p><a href="https://www.amazon.com/dp/B0044SA67G?tag=eloabder-20&linkCode=osi&th=1&psc=1">View Product</a></div><div class="product"><a href="https://www.amazon.com/dp/B09WQCHK3M?tag=eloabder-20&linkCode=osi&th=1&psc=1"><img src="https://m.media-amazon.com/images/I/61JMYPiYGRL._SL500_.jpg" alt="Product Image"></a><p>Aigybobo Origami Paper Set, 308PCS Kids Craft Paper Kit with Instructional Book for Girls Age 6,7,8,9,10,11,12, Art Projects Supplies for School Class Craft Lessons- Christmas Gifts for Boys&Girls</p><p>$12.99</p><a href="https://www.amazon.com/dp/B09WQCHK3M?tag=eloabder-20&linkCode=osi&th=1&psc=1">View Product</a></div><div class="product"><a href="https://www.amazon.com/dp/B00I7E56NC?tag=eloabder-20&linkCode=osi&th=1&psc=1"><img src="https://m.media-amazon.com/images/I/21cxSReF5yL._SL500_.jpg" alt="Product Image"></a><p>Hygloss Products White Blank Books – Great Books for Journaling, Sketching, Writing & More – Fun for Arts & Crafts - Pocket-size - 4.25 x 5.5 Inches - 10 Pack</p><p>$13.00</p><a href="https://www.amazon.com/dp/B00I7E56NC?tag=eloabder-20&linkCode=osi&th=1&psc=1">View Product</a></div><div class="product"><a href="https://www.amazon.com/dp/B07YGRCXVT?tag=eloabder-20&linkCode=osi&th=1&psc=1"><img src="https://m.media-amazon.com/images/I/51Oxy0SqbES._SL500_.jpg" alt="Product Image"></a><p>Origami Paper | 350 Origami Paper Kit | Set Includes - 300 Sheets 20 Colors 6x6 | 50 Traditional Japanese Patterns | Origami Book 25 Easy Colored Projects | Kids Crafts | Christmas Gifts for boys 8-12</p><p>$17.99</p><a href="https://www.amazon.com/dp/B07YGRCXVT?tag=eloabder-20&linkCode=osi&th=1&psc=1">View Product</a></div><div class="product"><a href="https://www.amazon.com/dp/B07VDCVN3T?tag=eloabder-20&linkCode=osi&th=1&psc=1"><img src="https://m.media-amazon.com/images/I/516u8vopNML._SL500_.jpg" alt="Product Image"></a><p>Gamenote Colorful Origami Kit for Kids 54 Projects 120 Double Sided Origami Paper 12 Sheets Practice Papers Instructional Origami Book Origami Gift for 4+ Girls Boys Adult Beginners Training Craft</p><p>$11.99</p><a href="https://www.amazon.com/dp/B07VDCVN3T?tag=eloabder-20&linkCode=osi&th=1&psc=1">View Product</a></div>



<div class="product"><a href="https://www.amazon.com/dp/B01GCLS32M?tag=eloabder-20&linkCode=osi&th=1&psc=1"><img src="https://m.media-amazon.com/images/I/51xf1ALKGyL._SL500_.jpg" alt="Product Image"></a><p>42pcs Felt Fabric Sheet 4"x4" Assorted Color DIY Craft Squares Nonwoven 1mm Thick</p><p>$6.68</p><a href="https://www.amazon.com/dp/B01GCLS32M?tag=eloabder-20&linkCode=osi&th=1&psc=1">View Product</a></div><div class="product"><a href="https://www.amazon.com/dp/B0CY56NFL7?tag=eloabder-20&linkCode=osi&th=1&psc=1"><img src="https://m.media-amazon.com/images/I/51jZtTDxNCL._SL500_.jpg" alt="Product Image"></a><p>XSEINO 12 Rolls 8"x35"(20.5x90cm) 1.4mm Thick Soft Felt Fabric Sheet 12 Assorted Colors Felt Pack for DIY Craft Sewing Squares Nonwoven Patchwork</p><p>$11.99</p><a href="https://www.amazon.com/dp/B0CY56NFL7?tag=eloabder-20&linkCode=osi&th=1&psc=1">View Product</a></div><div class="product"><a href="https://www.amazon.com/dp/B07VHMT14L?tag=eloabder-20&linkCode=osi&th=1&psc=1"><img src="https://m.media-amazon.com/images/I/61DSrnEAvjL._SL500_.jpg" alt="Product Image"></a><p>150Pcs 4" x 4" (10cm x 10cm) Cotton Craft Fabric Bundle Squares,Squares Sheets Patchwork,Pre-Cut Quilt Squares,DIY Sewing Quarters Bundle,Quilting Fabric Bundles</p><p>$9.99</p><a href="https://www.amazon.com/dp/B07VHMT14L?tag=eloabder-20&linkCode=osi&th=1&psc=1">View Product</a></div><div class="product"><a href="https://www.amazon.com/dp/B08GJHYMGN?tag=eloabder-20&linkCode=osi&th=1&psc=1"><img src="https://m.media-amazon.com/images/I/51wD1FT1eeL._SL500_.jpg" alt="Product Image"></a><p>50pcs 8 x 8 inches Multicolor Cotton Fabric Bundle Squares for Quilting Sewing, Precut Fabric Squares for Craft Patchwork</p><p>$13.77</p><a href="https://www.amazon.com/dp/B08GJHYMGN?tag=eloabder-20&linkCode=osi&th=1&psc=1">View Product</a></div><div class="product"><a href="https://www.amazon.com/dp/B0C6K98T96?tag=eloabder-20&linkCode=osi&th=1&psc=1"><img src="https://m.media-amazon.com/images/I/51M-+hitpAL._SL500_.jpg" alt="Product Image"></a><p>42pcs 6 x 6 inches Felt Fabric Sheets - Fabrics DIY Craftwork Sewing Patchwork, Felt Crafts Assorted Colour Polyester Felt Sheet for Art and Craft</p><p>$4.99</p><a href="https://www.amazon.com/dp/B0C6K98T96?tag=eloabder-20&linkCode=osi&th=1&psc=1">View Product</a></div><div class="product"><a href="https://www.amazon.com/dp/B0C9BYD9ND?tag=eloabder-20&linkCode=osi&th=1&psc=1"><img src="https://m.media-amazon.com/images/I/418r7XqmEKL._SL500_.jpg" alt="Product Image"></a><p>40Pcs Felt Fabric Sheets - 4x4 inch DIY Craft Felt, 1mm Thick Non-Woven Patchwork Material for School Projects & Decoration - 40 Assorted Colors (10 x 10cm)</p><p>$4.99</p><a href="https://www.amazon.com/dp/B0C9BYD9ND?tag=eloabder-20&linkCode=osi&th=1&psc=1">View Product</a></div><div class="product"><a href="https://www.amazon.com/dp/B0BWRN4RHP?tag=eloabder-20&linkCode=osi&th=1&psc=1"><img src="https://m.media-amazon.com/images/I/51HHQcV3njL._SL500_.jpg" alt="Product Image"></a><p>Large Stiff Felt Sheets Bundle: LOTOFUN 10pcs 8x35Inch Assorted Rainbow Color Felts Sheet for Kids Crafts Squares Nonwoven Patchwork DIY Sewing</p><p>$11.99</p><a href="https://www.amazon.com/dp/B0BWRN4RHP?tag=eloabder-20&linkCode=osi&th=1&psc=1">View Product</a></div>
<div class="product"><a href="https://www.amazon.com/dp/B003U6QIUC?tag=eloabder-20&linkCode=osi&th=1&psc=1"><img src="https://m.media-amazon.com/images/I/51PyPJgIPlL._SL500_.jpg" alt="Product Image"></a><p>School Smart 85836 Maribu Feathers - 1/2 Ounce - Set of 150 - Assorted Colors</p><p>$3.52</p><a href="https://www.amazon.com/dp/B003U6QIUC?tag=eloabder-20&linkCode=osi&th=1&psc=1">View Product</a></div>
<div class="product"><a href="https://www.amazon.com/dp/B089DPDYKV?tag=eloabder-20&linkCode=osi&th=1&psc=1"><img src="https://m.media-amazon.com/images/I/51L58by1dXL._SL500_.jpg" alt="Product Image"></a><p>Better Office Products 100 Pack EVA Foam Sheets, 5.5 x 8.5 Inch, Assorted Colors (20 Colors), 2mm Thick, for Arts and Crafts, 100 Sheets</p><p>$13.99 ($0.14 / Count)</p><a href="https://www.amazon.com/dp/B089DPDYKV?tag=eloabder-20&linkCode=osi&th=1&psc=1">View Product</a></div><div class="product"><a href="https://www.amazon.com/dp/B08YXYN327?tag=eloabder-20&linkCode=osi&th=1&psc=1"><img src="https://m.media-amazon.com/images/I/41VfV+-ZFTL._SL500_.jpg" alt="Product Image"></a><p>EVA Foam Cosplay - 2mm (1mm to 10mm) - Black or White - 14" x 39" Sheet - Ultra High Density Craft Foam 85 kg/m3 - by The Foamory</p><p>$14.99</p><a href="https://www.amazon.com/dp/B08YXYN327?tag=eloabder-20&linkCode=osi&th=1&psc=1">View Product</a></div><div class="product"><a href="https://www.amazon.com/dp/B0CMTJDYRN?tag=eloabder-20&linkCode=osi&th=1&psc=1"><img src="https://m.media-amazon.com/images/I/310JuSzt+mL._SL500_.jpg" alt="Product Image"></a><p>Do²ping White Foam Sheets Crafts, 8.5x5.5 Inch Eva Craft Foam Paper for Crafts Project Classroom Scrapbook DIY Cosplay (White-10 Sheets)</p><p>$4.89 ($0.49 / Count)</p><a href="https://www.amazon.com/dp/B0CMTJDYRN?tag=eloabder-20&linkCode=osi&th=1&psc=1">View Product</a></div><div class="product"><a href="https://www.amazon.com/dp/B0C8B6N9TG?tag=eloabder-20&linkCode=osi&th=1&psc=1"><img src="https://m.media-amazon.com/images/I/51j0TiXHCTL._SL500_.jpg" alt="Product Image"></a><p>120 Pack EVA Foam Sheets, 8 x 6 Inch, 1mm Thick, Assorted 15 Colors Craft Foam Paper for School Supply and DIY Handcraft Projects</p><p>$15.99 ($0.13 / Count)</p><a href="https://www.amazon.com/dp/B0C8B6N9TG?tag=eloabder-20&linkCode=osi&th=1&psc=1">View Product</a></div>
<div class="product"><a href="https://www.amazon.com/dp/B01EK7LGH4?tag=eloabder-20&linkCode=osi&th=1&psc=1"><img src="https://m.media-amazon.com/images/I/41Xx+D+j6XL._SL500_.jpg" alt="Product Image"></a><p>Aleene's 3 Pack, 8 oz Tacky Glue, 8 FL OZ, Original Version 3 Count</p><p>$11.17 ($0.47 / Fl Oz)</p><a href="https://www.amazon.com/dp/B01EK7LGH4?tag=eloabder-20&linkCode=osi&th=1&psc=1">View Product</a></div><div class="product"><a href="https://www.amazon.com/dp/B0D59G56SG?tag=eloabder-20&linkCode=osi&th=1&psc=1"><img src="https://m.media-amazon.com/images/I/41BsDwUSwdL._SL500_.jpg" alt="Product Image"></a><p>4oz Craft Glue & Precision Tips, Strong Tacky Glue, Craft Glue Bottles with Fine Tip, Craft Glue Dry Clear, Fabric Glue Permanent for Paper Crafting Scrapbooking/Card Making/Etc</p><p>$8.58</p><a href="https://www.amazon.com/dp/B0D59G56SG?tag=eloabder-20&linkCode=osi&th=1&psc=1">View Product</a></div><div class="product"><a href="https://www.amazon.com/dp/B004DNX6EW?tag=eloabder-20&linkCode=osi&th=1&psc=1"><img src="https://m.media-amazon.com/images/I/51RkAeJv5hL._SL500_.jpg" alt="Product Image"></a><p>ELMERS CraftBond Extra Strength Glue Sticks, 6 Grams, 4 Count</p><p>$9.89 ($2.47 / Count)</p><a href="https://www.amazon.com/dp/B004DNX6EW?tag=eloabder-20&linkCode=osi&th=1&psc=1">View Product</a></div>
<div class="product"><a href="https://www.amazon.com/dp/B01ELWWX98?tag=eloabder-20&linkCode=osi&th=1&psc=1"><img src="https://m.media-amazon.com/images/I/51g67GhksOL._SL500_.jpg" alt="Product Image"></a><p>Maybe Swearing Will Help Adult Coloring Book Set - for Adults Relaxation with Markers in a Case - Motivational Swear Word Anxiety Relief - Color Cuss & Laugh Your Way to Less Stress</p><p>$24.99</p><a href="https://www.amazon.com/dp/B01ELWWX98?tag=eloabder-20&linkCode=osi&th=1&psc=1">View Product</a></div><div class="product"><a href="https://www.amazon.com/dp/B09X1YX59W?tag=eloabder-20&linkCode=osi&th=1&psc=1"><img src="https://m.media-amazon.com/images/I/61Cr68venIL._SL500_.jpg" alt="Product Image"></a><p>Hula Home Stained Glass Mandala Art Kit - DIY Window Clings with Markers, 10 Suncatchers - Perfect Hobby for Adults, Kids, Teens & Seniors - Ideal Gift for Beginners, Women & Elderly</p><p>$15.99</p><a href="https://www.amazon.com/dp/B09X1YX59W?tag=eloabder-20&linkCode=osi&th=1&psc=1">View Product</a></div><div class="product"><a href="https://www.amazon.com/dp/B0CGD74KX7?tag=eloabder-20&linkCode=osi&th=1&psc=1"><img src="https://m.media-amazon.com/images/I/51rNpMlv3wL._SL500_.jpg" alt="Product Image"></a><p>Shimmer Markers Outline Double Line: 12 Colors Metallic Glitter Pens Set Sparkle Kid Age 4 8 10 14 16 Year Old Gift Doodle Drawing Supplies Art Craft Teen Girl Cute Stuff Mother's Day Basket Ideas</p><p>$9.99</p><a href="https://www.amazon.com/dp/B0CGD74KX7?tag=eloabder-20&linkCode=osi&th=1&psc=1">View Product</a></div>

<div class="product"><a href="https://www.amazon.com/dp/B08395C5GC?tag=eloabder-20&linkCode=osi&th=1&psc=1"><img src="https://m.media-amazon.com/images/I/61OgJOjMgQL._SL500_.jpg" alt="Product Image"></a><p>hapray Origami Kit 144 sheets Origami Paper for Kids 72 Patterns with Craft Guiding Book</p><p>$13.97</p><a href="https://www.amazon.com/dp/B08395C5GC?tag=eloabder-20&linkCode=osi&th=1&psc=1">View Product</a></div><div class="product"><a href="https://www.amazon.com/dp/B098WP659T?tag=eloabder-20&linkCode=osi&th=1&psc=1"><img src="https://m.media-amazon.com/images/I/61D4gTo+S1L._SL500_.jpg" alt="Product Image"></a><p>pigipigi Craft Origami Paper for Kids - 208 Sheets Vivid Colorful Folding Papers 54 Patterns Art Projects Kit for 5 6 7 8 9 10 11 12 Years Old Girl Boy Teen Birthday Gift Preschool Educational Toy</p><p>$11.99</p><a href="https://www.amazon.com/dp/B098WP659T?tag=eloabder-20&linkCode=osi&th=1&psc=1">View Product</a></div>
<div class="product"><a href="https://www.amazon.com/dp/B08TWGWRG4?tag=eloabder-20&linkCode=osi&th=1&psc=1"><img src="https://m.media-amazon.com/images/I/51KMwCTx2eL._SL500_.jpg" alt="Product Image"></a><p>Homum 200pcs Premium Gift Tags with 200 Root Natural Jute Twine, Double-Sided Available Kraft Paper Price Tags, Craft Tags Labels Jewelry Tags with String for Wedding Christmas Day Thanksgiving</p><p>$5.99</p><a href="https://www.amazon.com/dp/B08TWGWRG4?tag=eloabder-20&linkCode=osi&th=1&psc=1">View Product</a></div><div class="product"><a href="https://www.amazon.com/dp/B0BNG993ZV?tag=eloabder-20&linkCode=osi&th=1&psc=1"><img src="https://m.media-amazon.com/images/I/51xRPDQUVHL._SL500_.jpg" alt="Product Image"></a><p>200 Pack 2.2 Inch Wood Tags with Hole and Twine, Clipped Corner Rectangle Wooden Gifts Tag for Crafts Unfinished Labels (1.2x2.2 in)</p><p>$9.99 ($0.05 / Count)</p><a href="https://www.amazon.com/dp/B0BNG993ZV?tag=eloabder-20&linkCode=osi&th=1&psc=1">View Product</a></div><div class="product"><a href="https://www.amazon.com/dp/B07N1T58K9?tag=eloabder-20&linkCode=osi&th=1&psc=1"><img src="https://m.media-amazon.com/images/I/41dUfeOE8BL._SL500_.jpg" alt="Product Image"></a><p>2.5" x 3" Vintage Frame Brown Kraft Present Tag Sticker / 250 Present Labels/Canning Packaging Organization Label/Made in The USA</p><p>$15.99</p><a href="https://www.amazon.com/dp/B07N1T58K9?tag=eloabder-20&linkCode=osi&th=1&psc=1">View Product</a></div>
<div class="product"><a href="https://www.amazon.com/dp/B08Y8YRXVQ?tag=eloabder-20&linkCode=osi&th=1&psc=1"><img src="https://m.media-amazon.com/images/I/51DyT7Dd1BL._SL500_.jpg" alt="Product Image"></a><p>72 Pieces Craft Magnets Glass Ceramic Ferrite Magnet with Adhesive Backing and Transparent Clear Glass Cabochons for DIY Craft Fridge Refrigerator Magnets Pendants(Round,1 Inch)</p><p>$12.99 ($0.18 / Count)</p><a href="https://www.amazon.com/dp/B08Y8YRXVQ?tag=eloabder-20&linkCode=osi&th=1&psc=1">View Product</a></div><div class="product"><a href="https://www.amazon.com/dp/B07XDC7FP9?tag=eloabder-20&linkCode=osi&th=1&psc=1"><img src="https://m.media-amazon.com/images/I/41JKgogWT9L._SL500_.jpg" alt="Product Image"></a><p>Magnetic Dots - Self Adhesive Magnet Dots (0.8" x 0.8") - Classroom Must Have Peel & Stick Magnetic Circles - Flexible Sticky Magnets - Sheets is Alternative, Stickers, Strip, Magnetic Tape (120 Pcs)</p><p>$17.99</p><a href="https://www.amazon.com/dp/B07XDC7FP9?tag=eloabder-20&linkCode=osi&th=1&psc=1">View Product</a></div><div class="product"><a href="https://www.amazon.com/dp/B0CSS92G7H?tag=eloabder-20&linkCode=osi&th=1&psc=1"><img src="https://m.media-amazon.com/images/I/51HRyW91ivL._SL500_.jpg" alt="Product Image"></a><p>116pcs Craft Magnets Glass Ceramic Ferrite Magnet with Adhesive Backing and Clear Glass Cabochons for DIY Craft Fridge Refrigerator Magnets (Round,1 Inch,58 Sets)</p><p>$11.96</p><a href="https://www.amazon.com/dp/B0CSS92G7H?tag=eloabder-20&linkCode=osi&th=1&psc=1">View Product</a></div><div class="product"><a href="https://www.amazon.com/dp/B09WCXS3NV?tag=eloabder-20&linkCode=osi&th=1&psc=1"><img src="https://m.media-amazon.com/images/I/51jUQGCcMPL._SL500_.jpg" alt="Product Image"></a><p>DIYMAG Magnetic Adhesive Sheets, |4" x 6"|, 10 Pack Cuttable, Flexible magnet sheets with adhesive for Crafts, Photos, Easy Peel and Stick</p><p>$5.99 ($0.60 / Count)</p><a href="https://www.amazon.com/dp/B09WCXS3NV?tag=eloabder-20&linkCode=osi&th=1&psc=1">View Product</a></div><div class="product"><a href="https://www.amazon.com/dp/B08MVRBN2C?tag=eloabder-20&linkCode=osi&th=1&psc=1"><img src="https://m.media-amazon.com/images/I/51YQW8Hbf3S._SL500_.jpg" alt="Product Image"></a><p>Round Magnets with Adhesive Backing, 120 Pieces Magnet Circles (Diameter 0.8’” x 0.08”) on 4 Tape Sheets, with 3M Strong Adhesive Backing. Perfect for DIY, Art Projects, whiteboards & Fridge</p><p>$10.95</p><a href="https://www.amazon.com/dp/B08MVRBN2C?tag=eloabder-20&linkCode=osi&th=1&psc=1">View Product</a></div><div class="product"><a href="https://www.amazon.com/dp/B0CJHYN7K2?tag=eloabder-20&linkCode=osi&th=1&psc=1"><img src="https://m.media-amazon.com/images/I/51ZowdEZwbL._SL500_.jpg" alt="Product Image"></a><p>124pcs Craft Magnets Glass w Adhesive Backing and Transparent Clear Glass Cabochons DIY Craft Fridge Magnets Sticker for Refrigerator(62 Sets,1 Inch)</p><p>$13.99 ($0.23 / Count)</p><a href="https://www.amazon.com/dp/B0CJHYN7K2?tag=eloabder-20&linkCode=osi&th=1&psc=1">View Product</a></div><div class="product"><a href="https://www.amazon.com/dp/B09BBHBZMG?tag=eloabder-20&linkCode=osi&th=1&psc=1"><img src="https://m.media-amazon.com/images/I/51kT5DaZIPL._SL500_.jpg" alt="Product Image"></a><p>Mr. Pen- Adhesive Magnetic Sheets, 4" x 6", 10 Pack, with Adhesive Backing, Flexible Picture Magnets, Cuttable Magnetic Sheets.</p><p>$5.85</p><a href="https://www.amazon.com/dp/B09BBHBZMG?tag=eloabder-20&linkCode=osi&th=1&psc=1">View Product</a></div><div class="product"><a href="https://www.amazon.com/dp/B07V4STWPV?tag=eloabder-20&linkCode=osi&th=1&psc=1"><img src="https://m.media-amazon.com/images/I/51g56RBuH8L._SL500_.jpg" alt="Product Image"></a><p>Magnetic Sheets with Adhesive Backing - Each 4" x 6" - Flexible Magnetic Paper with Strong Self Adhesive - Sticky Magnet Sheets for Photo and Picture Magnets, Stickers and Other Craft Magnets</p><p>$5.99 ($0.60 / Count)</p><a href="https://www.amazon.com/dp/B07V4STWPV?tag=eloabder-20&linkCode=osi&th=1&psc=1">View Product</a></div>
<div class="product"><a href="https://www.amazon.com/dp/B09VCYS41G?tag=eloabder-20&linkCode=osi&th=1&psc=1"><img src="https://m.media-amazon.com/images/I/61bdWXYPddL._SL500_.jpg" alt="Product Image"></a><p>Betem 24 Colors Dual Tip Acrylic Paint Pens Markers, Premium Acrylic Paint Pens for Wood, Canvas, Stone, Rock Painting, Glass, Ceramic Surfaces, DIY Crafts Making Art Supplies</p><p>$11.99</p><a href="https://www.amazon.com/dp/B09VCYS41G?tag=eloabder-20&linkCode=osi&th=1&psc=1">View Product</a></div><div class="product"><a href="https://www.amazon.com/dp/B0BN7WJFPR?tag=eloabder-20&linkCode=osi&th=1&psc=1"><img src="https://m.media-amazon.com/images/I/51vvJ6c6MPL._SL500_.jpg" alt="Product Image"></a><p>24 Colors Acrylic Paint Pens, Dual Tip Acrylic Paint Markers with Brush Tip and Fine Tip, Acrylic Pens for Rock Painting, Wood, Canvas, Stone, Glass, Ceramic,DIY Crafts Making Art Supplies</p><p>$9.99</p><a href="https://www.amazon.com/dp/B0BN7WJFPR?tag=eloabder-20&linkCode=osi&th=1&psc=1">View Product</a></div><div class="product"><a href="https://www.amazon.com/dp/B0CX1BD86P?tag=eloabder-20&linkCode=osi&th=1&psc=1"><img src="https://m.media-amazon.com/images/I/51w2YBDoYfL._SL500_.jpg" alt="Product Image"></a><p>TBC The Best Crafts 24 Colors Dual Tip Acrylic Paint Markers,Waterproof, Non-Toxic, odorless, Suitable for Paper, Pottery, Stones, Backpacks, Glass</p><p>$9.99</p><a href="https://www.amazon.com/dp/B0CX1BD86P?tag=eloabder-20&linkCode=osi&th=1&psc=1">View Product</a></div><div class="product"><a href="https://www.amazon.com/dp/B09SWJRSSX?tag=eloabder-20&linkCode=osi&th=1&psc=1"><img src="https://m.media-amazon.com/images/I/61OthBr2r9L._SL500_.jpg" alt="Product Image"></a><p>Acrylic Paint Pens Paint Markers Set of 18: Fine Point for Rock Painting Glass Wood Ceramic Fabric Metal Canvas Easter Eggs Pumpkin Kit, Drawing Art Crafts for Adults Scrapbooking Supplies</p><p>$10.99</p><a href="https://www.amazon.com/dp/B09SWJRSSX?tag=eloabder-20&linkCode=osi&th=1&psc=1">View Product</a></div><div class="product"><a href="https://www.amazon.com/dp/B09H2JRV1Y?tag=eloabder-20&linkCode=osi&th=1&psc=1"><img src="https://m.media-amazon.com/images/I/511FMxcdCzL._SL500_.jpg" alt="Product Image"></a><p>IVSUN 24 Colors Premium Extra Fine Point Acrylic Paint Marker Pens for Wood, Canvas, Stone, Rock Painting, Glass, Ceramic Surfaces, DIY Crafts Making Art Supplies (24PCS (0.7mm))</p><p>$8.99</p><a href="https://www.amazon.com/dp/B09H2JRV1Y?tag=eloabder-20&linkCode=osi&th=1&psc=1">View Product</a></div><div class="product"><a href="https://www.amazon.com/dp/B0BN8CW9ZY?tag=eloabder-20&linkCode=osi&th=1&psc=1"><img src="https://m.media-amazon.com/images/I/51n2byYcjqL._SL500_.jpg" alt="Product Image"></a><p>Acrylic Paint Pens Markers, 24 Colors Dual Tip Acrylic Paint Pens for Rock Painting, Wood, Canvas, Stone, Glass, Ceramic Surfaces, DIY Crafts Making Art Supplies (Round Tip and Fine Tip)</p><p>$9.99</p><a href="https://www.amazon.com/dp/B0BN8CW9ZY?tag=eloabder-20&linkCode=osi&th=1&psc=1">View Product</a></div><div class="product"><a href="https://www.amazon.com/dp/B07DB1TVND?tag=eloabder-20&linkCode=osi&th=1&psc=1"><img src="https://m.media-amazon.com/images/I/51KvMUBvqRL._SL500_.jpg" alt="Product Image"></a><p>JR.WHITE Acrylic Paint Pens Paint Markers for Rock Painting, Canvas, Wood, Glass, Fabric, Metal, Plastic, Arts Crafts Easter Eggs, Pumpkin, Scrapbooking Supplies, Graffiti Markers for Adults Kids</p><p>$11.19 ($0.93 / Count )</p><a href="https://www.amazon.com/dp/B07DB1TVND?tag=eloabder-20&linkCode=osi&th=1&psc=1">View Product</a></div><div class="product"><a href="https://www.amazon.com/dp/B07M6Y4FXZ?tag=eloabder-20&linkCode=osi&th=1&psc=1"><img src="https://m.media-amazon.com/images/I/61wQ1qJutWL._SL500_.jpg" alt="Product Image"></a><p>AROIC Paint Pens Paint Markers, 16 colors Oil-Based Waterproof Paint Marker Pen Set On Rock, Wood, Fabric, Metal, Plastic, Glass, Canvas, Mugs, Waterproof, DIY Craft and More</p><p>$11.99</p><a href="https://www.amazon.com/dp/B07M6Y4FXZ?tag=eloabder-20&linkCode=osi&th=1&psc=1">View Product</a></div>

<div class="product"><a href="https://www.amazon.com/dp/B0BQTYYVZH?tag=eloabder-20&linkCode=osi&th=1&psc=1"><img src="https://m.media-amazon.com/images/I/31i9+BVpDCL._SL500_.jpg" alt="Product Image"></a><p>Vanhench Brown Wrapping Paper, Craft Paper, Kraft Paper 17.5"x 1200"(100'), Gift Wrapping Bulletin Board Arts & Crafts, Bouquet Flower Table Covering Poster Packing Shipping Moving Supplies 65GSM 45LB</p><p>$5.98</p><a href="https://www.amazon.com/dp/B0BQTYYVZH?tag=eloabder-20&linkCode=osi&th=1&psc=1">View Product</a></div><div class="product"><a href="https://www.amazon.com/dp/B0CQZ1TYX9?tag=eloabder-20&linkCode=osi&th=1&psc=1"><img src="https://m.media-amazon.com/images/I/41RknmvlWSL._SL500_.jpg" alt="Product Image"></a><p>PerkHomy 36" x 2,400" (200') Brown Kraft Paper Roll for Gift Wrapping Bulletin Board Bouquet Flower Kids Wall Art Craft Packing Moving Shipping Parcel Postal Floor Covering Table Runner 70GSM 50LB</p><p>$30.99 ($0.05 / Sq Ft)</p><a href="https://www.amazon.com/dp/B0CQZ1TYX9?tag=eloabder-20&linkCode=osi&th=1&psc=1">View Product</a></div><div class="product"><a href="https://www.amazon.com/dp/B0C743LQ3M?tag=eloabder-20&linkCode=osi&th=1&psc=1"><img src="https://m.media-amazon.com/images/I/21HvZSNwJML._SL500_.jpg" alt="Product Image"></a><p>White Wrapping Paper Craft Paper Kraft Paper Roll 15" x 450", Bulletin Board Paper Roll, Arts & Crafts, Gift Wrapping Moving Packing Painting Drawing Paint Easel Poster Chart Paper, Kids Art Supplies</p><p>$4.99 ($0.11 / Sq Ft)</p><a href="https://www.amazon.com/dp/B0C743LQ3M?tag=eloabder-20&linkCode=osi&th=1&psc=1">View Product</a></div><div class="product"><a href="https://www.amazon.com/dp/B0D14FL3DF?tag=eloabder-20&linkCode=osi&th=1&psc=1"><img src="https://m.media-amazon.com/images/I/31IQZPHBHfL._SL500_.jpg" alt="Product Image"></a><p>SMART&CASUAL 15" x 450" (37.5') Kraft Paper Roll for Art Craft Supplies Gift Wrapping Moving Packing Kids Painting Drawing Paint Easel Poster Chart Paper (White, 15"W x 450"L (37.5'))</p><p>$4.98</p><a href="https://www.amazon.com/dp/B0D14FL3DF?tag=eloabder-20&linkCode=osi&th=1&psc=1">View Product</a></div><div class="product"><a href="https://www.amazon.com/dp/B0CX5D7W62?tag=eloabder-20&linkCode=osi&th=1&psc=1"><img src="https://m.media-amazon.com/images/I/31+skUeyllL._SL500_.jpg" alt="Product Image"></a><p>SMART&CASUAL 17.8"×1,200"(100') Brown Kraft Wrapping Paper for Craft Gift Bulletin Board Bouquet Flower Table Covering Packing Shipping Moving 70GSM 50LB</p><p>$7.98</p><a href="https://www.amazon.com/dp/B0CX5D7W62?tag=eloabder-20&linkCode=osi&th=1&psc=1">View Product</a></div><div class="product"><a href="https://www.amazon.com/dp/B0C2P7FGFM?tag=eloabder-20&linkCode=osi&th=1&psc=1"><img src="https://m.media-amazon.com/images/I/31Mnush+a-L._SL500_.jpg" alt="Product Image"></a><p>Brown Packing Paper 15"×450"(38'), Brown Paper Roll, Art Craft Paper, Kraft Paper Roll for Moving Boxes Supplies, Gift Wrapping Bouquet Flower Paper, Poster Bulletin Board Paper, Arts and Crafts</p><p>$4.99</p><a href="https://www.amazon.com/dp/B0C2P7FGFM?tag=eloabder-20&linkCode=osi&th=1&psc=1">View Product</a></div><div class="product"><a href="https://www.amazon.com/dp/B0BNCBSZRR?tag=eloabder-20&linkCode=osi&th=1&psc=1"><img src="https://m.media-amazon.com/images/I/31NTgModxdL._SL500_.jpg" alt="Product Image"></a><p>Kraft Paper Sheets - 15 x 15 in. - 240 Sheets of Brown Wrapping Paper – Heavy Duty Craft Paper for Shipping - Light Brown Construction Paper - 80 GSM - 375 Square feet</p><p>$23.89 ($0.10 / Count)</p><a href="https://www.amazon.com/dp/B0BNCBSZRR?tag=eloabder-20&linkCode=osi&th=1&psc=1">View Product</a></div><div class="product"><a href="https://www.amazon.com/dp/B09J9ZGX8S?tag=eloabder-20&linkCode=osi&th=1&psc=1"><img src="https://m.media-amazon.com/images/I/31R819QZXxL._SL500_.jpg" alt="Product Image"></a><p>IDL Packaging 36" x 2160" (180 ft) Brown Kraft Paper Roll, 30 lbs - Quality Paper for Packing, Moving, Shipping, Crafts - 100% Recyclable Natural Kraft Wrapping Paper</p><p>$33.95 ($0.06 / Sq Ft)</p><a href="https://www.amazon.com/dp/B09J9ZGX8S?tag=eloabder-20&linkCode=osi&th=1&psc=1">View Product</a></div>
<div class="product"><a href="https://www.amazon.com/dp/B0BR9M5GT6?tag=eloabder-20&linkCode=osi&th=1&psc=1"><img src="https://m.media-amazon.com/images/I/61jKQSVpNKL._SL500_.jpg" alt="Product Image"></a><p>Drawdart 47 Pack Acrylic Paint Set, 36 Colors Art Painting Supplies for Canvas Wood Fabric Ceramic Crafts, Non Toxic & Rich Pigments for Artists & Hobby Painters, 2 fl oz / 60 ml Bottles</p><p>$24.99 ($0.35 / Fl Oz)</p><a href="https://www.amazon.com/dp/B0BR9M5GT6?tag=eloabder-20&linkCode=osi&th=1&psc=1">View Product</a></div><div class="product"><a href="https://www.amazon.com/dp/B006AT7P6M?tag=eloabder-20&linkCode=osi&th=1&psc=1"><img src="https://m.media-amazon.com/images/I/415ZwGErxOL._SL500_.jpg" alt="Product Image"></a><p>Apple Barrel Acrylic Paint in Assorted Colors (2 oz), 20501, Bright Red</p><p>$0.58 ($0.29 / Fl Oz)</p><a href="https://www.amazon.com/dp/B006AT7P6M?tag=eloabder-20&linkCode=osi&th=1&psc=1">View Product</a></div><div class="product"><a href="https://www.amazon.com/dp/B0BNV7BMN2?tag=eloabder-20&linkCode=osi&th=1&psc=1"><img src="https://m.media-amazon.com/images/I/51K4iYzckvL._SL500_.jpg" alt="Product Image"></a><p>Fantastory Acrylic Paint Set, 24 Classic Colors(2oz), Professional Craft Paint Kit,Canvas/Rock/Stone/Ceramic/Model/Wood Painting with 12 Brushes</p><p>$25.99 ($0.36 / Fl Oz)</p><a href="https://www.amazon.com/dp/B0BNV7BMN2?tag=eloabder-20&linkCode=osi&th=1&psc=1">View Product</a></div><div class="product"><a href="https://www.amazon.com/dp/B0728B4CLJ?tag=eloabder-20&linkCode=osi&th=1&psc=1"><img src="https://m.media-amazon.com/images/I/41aBzZtF9-L._SL500_.jpg" alt="Product Image"></a><p>FolkArt Acrylic Paint in Assorted Colors (2 oz), , Mossy Meadow</p><p>$1.17 ($0.58 / Fl Oz)</p><a href="https://www.amazon.com/dp/B0728B4CLJ?tag=eloabder-20&linkCode=osi&th=1&psc=1">View Product</a></div><div class="product"><a href="https://www.amazon.com/dp/B0BY3G2CXG?tag=eloabder-20&linkCode=osi&th=1&psc=1"><img src="https://m.media-amazon.com/images/I/51Cn6kY12wL._SL500_.jpg" alt="Product Image"></a><p>36 Assorted Acrylic Paint Set by Craft Smart - Non-Toxic Paint for Drawing, Painting, Art & Crafts Supplies - 1 Pack</p><p>$28.98</p><a href="https://www.amazon.com/dp/B0BY3G2CXG?tag=eloabder-20&linkCode=osi&th=1&psc=1">View Product</a></div>

<div class="product"><a href="https://www.amazon.com/dp/B08722TFPH?tag=eloabder-20&linkCode=osi&th=1&psc=1"><img src="https://m.media-amazon.com/images/I/51DqPIU5lcL._SL500_.jpg" alt="Product Image"></a><p>LIUYAXI 20 Colors 100 Yard Satin Ribbon Fabric Ribbon Silk Ribbon Assorted Colors Rolls, 2/5" Wide 5 Yard/Roll, Ribbons Perfect for Gift Wrapping,Crafts, Hair Bows, Wedding Party Decoration and More</p><p>$7.99 ($0.03 / Foot)</p><a href="https://www.amazon.com/dp/B08722TFPH?tag=eloabder-20&linkCode=osi&th=1&psc=1">View Product</a></div><div class="product"><a href="https://www.amazon.com/dp/B08M3BDRX3?tag=eloabder-20&linkCode=osi&th=1&psc=1"><img src="https://m.media-amazon.com/images/I/51qwMfv7kXL._SL500_.jpg" alt="Product Image"></a><p>Winlyn 36 Colors 900 Yards Fabric Ribbons Satin Ribbons Metallic Glitter Ribbons Rolls Craft Ribbons Embellish Decorative Ribbons 2/5" Wide for Floral Bouquet Gifts Crafts Bows Party Wedding</p><p>$13.99 ($0.01 / Foot)</p><a href="https://www.amazon.com/dp/B08M3BDRX3?tag=eloabder-20&linkCode=osi&th=1&psc=1">View Product</a></div><div class="product"><a href="https://www.amazon.com/dp/B08NXF43DB?tag=eloabder-20&linkCode=osi&th=1&psc=1"><img src="https://m.media-amazon.com/images/I/51fTtUVKi5L._SL500_.jpg" alt="Product Image"></a><p>MEEDEE Rainbow Ribbon Solid Color Assortment 10 Colors Double Face Satin Ribbon for Gift Wrapping Happy Birthday Party Decorations, 3/8" X 5 Yard Each Total 50 Yds Per Package</p><p>$7.99 ($0.05 / Foot)</p><a href="https://www.amazon.com/dp/B08NXF43DB?tag=eloabder-20&linkCode=osi&th=1&psc=1">View Product</a></div><div class="product"><a href="https://www.amazon.com/dp/B01N8W0Z45?tag=eloabder-20&linkCode=osi&th=1&psc=1"><img src="https://m.media-amazon.com/images/I/61OkEfd-1BL._SL500_.jpg" alt="Product Image"></a><p>QingHan Grosgrain Ribbons for Crafts Gifts Wrapping 3/8" Boutique Polka Dot Fabric Ribbon 40yd (20 x 2yd)</p><p>$5.99 ($0.05 / Foot)</p><a href="https://www.amazon.com/dp/B01N8W0Z45?tag=eloabder-20&linkCode=osi&th=1&psc=1">View Product</a></div><div class="product"><a href="https://www.amazon.com/dp/B0CS5G5PCX?tag=eloabder-20&linkCode=osi&th=1&psc=1"><img src="https://m.media-amazon.com/images/I/51xzSU+d8QL._SL500_.jpg" alt="Product Image"></a><p>Ribbli Rainbow Satin Ribbon 3/8 Inch x 12 Rolls Total 60 Yards- Colorful Ribbon for Gift Wrapping Craft Party Decoration Baby Shower Wedding</p><p>$7.99 ($0.04 / Foot)</p><a href="https://www.amazon.com/dp/B0CS5G5PCX?tag=eloabder-20&linkCode=osi&th=1&psc=1">View Product</a></div><div class="product"><a href="https://www.amazon.com/dp/B009V35YVC?tag=eloabder-20&linkCode=osi&th=1&psc=1"><img src="https://m.media-amazon.com/images/I/41OYxs2N6GL._SL500_.jpg" alt="Product Image"></a><p>LaRibbons 10 Color 50Yards Solid Satin Ribbon,3/8" X 5 Yard/Roll Colorful Double Face Rainbow Ribbon for Crafts,Flower Bouquet,Gift Wrapping,Hair Bows,Birthday,Wedding Party Decoration</p><p>$4.99</p><a href="https://www.amazon.com/dp/B009V35YVC?tag=eloabder-20&linkCode=osi&th=1&psc=1">View Product</a></div><div class="product"><a href="https://www.amazon.com/dp/B07BDG8KXB?tag=eloabder-20&linkCode=osi&th=1&psc=1"><img src="https://m.media-amazon.com/images/I/61zpTp+xLjL._SL500_.jpg" alt="Product Image"></a><p>Supla 16 Colors 400 Yard Fabric Ribbon Silk Satin Roll Satin Ribbon Rolls in 2/5" Wide, 25 Yard/roll,16 Rolls,Satin Ribbon Fabric Ribbon Embellish Ribbon Ribbon for Bows Crafts Gifts Party Wedding</p><p>$8.99 ($0.01 / Foot)</p><a href="https://www.amazon.com/dp/B07BDG8KXB?tag=eloabder-20&linkCode=osi&th=1&psc=1">View Product</a></div><div class="product"><a href="https://www.amazon.com/dp/B0CRD7S24X?tag=eloabder-20&linkCode=osi&th=1&psc=1"><img src="https://m.media-amazon.com/images/I/51Xe-SI-ZHL._SL500_.jpg" alt="Product Image"></a><p>LIUYAXI 100 Yards Solid Grosgrain Ribbon, 3/8" X 5 Yard/Roll, 20 Colors Rainbow Multicolor Fabric Ribbons Roll Perfect for Crafts Gifts Wrapping Flower Bouquet Hair Bows & Other Projects</p><p>$7.99 ($0.03 / Foot)</p><a href="https://www.amazon.com/dp/B0CRD7S24X?tag=eloabder-20&linkCode=osi&th=1&psc=1">View Product</a></div>


<div class="product"><a href="https://www.amazon.com/dp/B08MZ6MQZM?tag=eloabder-20&linkCode=osi&th=1&psc=1"><img src="https://m.media-amazon.com/images/I/51rVPzuNy4L._SL500_.jpg" alt="Product Image"></a><p>Basic Shapes 1: Circles, Triangles, Squares, Ovals, 676 Pieces US Made Card Stock Punch Out Geometric Shapes in 3 Sizes and 4 PRIMARY Colors for Math, Pattern Play and DIY Crafting</p><p>$11.99</p><a href="https://www.amazon.com/dp/B08MZ6MQZM?tag=eloabder-20&linkCode=osi&th=1&psc=1">View Product</a></div><div class="product"><a href="https://www.amazon.com/dp/B072JW6NQT?tag=eloabder-20&linkCode=osi&th=1&psc=1"><img src="https://m.media-amazon.com/images/I/61uY6781clL._SL500_.jpg" alt="Product Image"></a><p>260 Pieces Colorful Glitter Foam Stickers Self Adhesive Stars Mini Heart Shapes Glitter Stickers, Kid's Arts Craft Supplies Greeting Cards Home Decoration Stars&Heart Shapes</p><p>$6.74 ($0.03 / Count)</p><a href="https://www.amazon.com/dp/B072JW6NQT?tag=eloabder-20&linkCode=osi&th=1&psc=1">View Product</a></div>


<div class="product"><a href="https://www.amazon.com/dp/B07KD1WKXY?tag=eloabder-20&linkCode=osi&th=1&psc=1"><img src="https://m.media-amazon.com/images/I/51y9zQOd9XL._SL500_.jpg" alt="Product Image"></a><p>(109 Yards/1.5mm/35 Colors Optional) Cotton Baker Twine DIY Craft Macramé Natural Cotton Rope Craft Making Knitting String Rope DIY Wedding Decor Supply Christmas Wrapping(deep green)</p><p>$4.98 ($0.02 / Foot)</p><a href="https://www.amazon.com/dp/B07KD1WKXY?tag=eloabder-20&linkCode=osi&th=1&psc=1">View Product</a></div><div class="product"><a href="https://www.amazon.com/dp/B0C7G868WP?tag=eloabder-20&linkCode=osi&th=1&psc=1"><img src="https://m.media-amazon.com/images/I/51YFxbYrxGL._SL500_.jpg" alt="Product Image"></a><p>Ohtomber Bracelet String Elastic Cord - 2 Rolls 1MM Stretchy String for Bracelet Making, Rainbow Elastic Bracelets String Thread for Clay Beads, Bracelets, Jewelry Making, Necklaces, Sewing and Crafts</p><p>$5.99 ($0.01 / Foot)</p><a href="https://www.amazon.com/dp/B0C7G868WP?tag=eloabder-20&linkCode=osi&th=1&psc=1">View Product</a></div>
<div class="product"><a href="https://www.amazon.com/dp/B0CHTZD63Q?tag=eloabder-20&linkCode=osi&th=1&psc=1"><img src="https://m.media-amazon.com/images/I/511hgeOlnkL._SL500_.jpg" alt="Product Image"></a><p>Secopad Scrapbook Tape, 4 Pack Double Sided Tape Roller for Crafts, Sticky Glue Tape Runner Scrapbooking Supplies Journaling School Office for Kids and Adults, 0.3IN x 26FT</p><p>$6.63 ($1.66 / Count)</p><a href="https://www.amazon.com/dp/B0CHTZD63Q?tag=eloabder-20&linkCode=osi&th=1&psc=1">View Product</a></div><div class="product"><a href="https://www.amazon.com/dp/B0BKZ2WVFY?tag=eloabder-20&linkCode=osi&th=1&psc=1"><img src="https://m.media-amazon.com/images/I/519ga5fVbbL._SL500_.jpg" alt="Product Image"></a><p>Guirnd 12PCS Colored Masking Tape, Kids Art Supplies Colored Tape, DIY Craft Tape, Colored Tape Rolls, Colored Painters Tape 1.7cm x 12m (2/3In x 13Yards)</p><p>$5.99 ($0.50 / Count)</p><a href="https://www.amazon.com/dp/B0BKZ2WVFY?tag=eloabder-20&linkCode=osi&th=1&psc=1">View Product</a></div><div class="product"><a href="https://www.amazon.com/dp/B0B1ZYCJPG?tag=eloabder-20&linkCode=osi&th=1&psc=1"><img src="https://m.media-amazon.com/images/I/51zcGqodSPL._SL500_.jpg" alt="Product Image"></a><p>Simetufy 5400 Pcs 1 Inch Tissue Paper Squares, 36 Assorted Colored Tissue Paper for Crafts, Art Rainbow Tissue Paper Bulk for Art Projects, Collage, Suncatchers, Scrapbooking - Non Bleeding</p><p>$7.49</p><a href="https://www.amazon.com/dp/B0B1ZYCJPG?tag=eloabder-20&linkCode=osi&th=1&psc=1">View Product</a></div>

<div class="product"><a href="https://www.amazon.com/dp/B07RZFHS87?tag=eloabder-20&linkCode=osi&th=1&psc=1"><img src="https://m.media-amazon.com/images/I/418QZBtYWTL._SL500_.jpg" alt="Product Image"></a><p>Lazydrop Double-Sided Tape for Arts, Crafts, Photography, Scrapbooking, Tear-by-Hand, Paper Backing (6 Rolls) (Width: 6mm/ 9mm/ 12mm/ 15mm)</p><p>$7.99 ($0.01 / Foot)</p><a href="https://www.amazon.com/dp/B07RZFHS87?tag=eloabder-20&linkCode=osi&th=1&psc=1">View Product</a></div><div class="product"><a href="https://www.amazon.com/dp/B0BPS4V3TG?tag=eloabder-20&linkCode=osi&th=1&psc=1"><img src="https://m.media-amazon.com/images/I/41fTeS+RuRL._SL500_.jpg" alt="Product Image"></a><p>Double Sided Tape for Crafts, Double-Sided Tape for Arts, Scrapbook Supplies, Photography, Gifts Box, Scrapbooking, Card Making, Paper Backing, Tear-by-Hand, 6 Roll Heavy Duty Multi-Size Adhesive Tape</p><p>$6.29 ($0.02 / Foot)</p><a href="https://www.amazon.com/dp/B0BPS4V3TG?tag=eloabder-20&linkCode=osi&th=1&psc=1">View Product</a></div><div class="product"><a href="https://www.amazon.com/dp/B098FCBMQV?tag=eloabder-20&linkCode=osi&th=1&psc=1"><img src="https://m.media-amazon.com/images/I/41E1XYg1+gL._SL500_.jpg" alt="Product Image"></a><p>Craftzilla Colored Masking Tape – 7 Roll Multi Pack – 210 Feet x 1 Inch of Colorful Craft Tape – Vibrant Rainbow Masking Tape –Colored Tape Rolls for Arts & Crafts, Labeling and Color-Coding</p><p>$12.95 ($0.01 / Foot)</p><a href="https://www.amazon.com/dp/B098FCBMQV?tag=eloabder-20&linkCode=osi&th=1&psc=1">View Product</a></div><div class="product"><a href="https://www.amazon.com/dp/B0CBRTT4SY?tag=eloabder-20&linkCode=osi&th=1&psc=1"><img src="https://m.media-amazon.com/images/I/41Ne5OTMBHL._SL500_.jpg" alt="Product Image"></a><p>XEHAHOSH 3 Rolls Double Sided Tape for Crafts, Arts, Scrapbooking, Photography, Paper Backing, Tear-by-Hand. 0.6in by 43-FT</p><p>$5.29</p><a href="https://www.amazon.com/dp/B0CBRTT4SY?tag=eloabder-20&linkCode=osi&th=1&psc=1">View Product</a></div><div class="product"><a href="https://www.amazon.com/dp/B08ZJB4XBX?tag=eloabder-20&linkCode=osi&th=1&psc=1"><img src="https://m.media-amazon.com/images/I/41FzzlZNG0L._SL500_.jpg" alt="Product Image"></a><p>8 Rolls Colored Masking Tape Rainbow Colors Painters Tape Colorful Craft Art Paper Tape for Kids Labeling Arts Crafts DIY Decorative Coding Decoration Teaching Supplies, 0.6 Inch x 16 Yard, 8 Colors</p><p>$6.99 ($0.87 / Count)</p><a href="https://www.amazon.com/dp/B08ZJB4XBX?tag=eloabder-20&linkCode=osi&th=1&psc=1">View Product</a></div><div class="product"><a href="https://www.amazon.com/dp/B09GDZH5PV?tag=eloabder-20&linkCode=osi&th=1&psc=1"><img src="https://m.media-amazon.com/images/I/41cZAy06SiL._SL500_.jpg" alt="Product Image"></a><p>DGTANGYIN 1/4" 2 Rolls Double Sided Adhesive Sticky Tape for Arts, DIY, Crafts, Photography, Scrapbooking, Card Making, Gift Wrapping, Office School Stationery Supplies, Home Supplies(Width: 6mm)</p><p>$3.99 ($0.00 / Foot)</p><a href="https://www.amazon.com/dp/B09GDZH5PV?tag=eloabder-20&linkCode=osi&th=1&psc=1">View Product</a></div>
<div class="product"><a href="https://www.amazon.com/dp/B09XR1XBWG?tag=eloabder-20&linkCode=osi&th=1&psc=1"><img src="https://m.media-amazon.com/images/I/31h+RS-Nv6L._SL500_.jpg" alt="Product Image"></a><p>10PCS 7mil Blank Mylar Stencil Sheets,12X12 inch Milky Translucent PET Blank Stencils Sheets,Template Material for Cutting Machines, Laser Cutting, Food-Safe Craft Plastic</p><p>$8.99</p><a href="https://www.amazon.com/dp/B09XR1XBWG?tag=eloabder-20&linkCode=osi&th=1&psc=1">View Product</a></div>

<div class="product"><a href="https://www.amazon.com/dp/B09TSLYX33?tag=eloabder-20&linkCode=osi&th=1&psc=1"><img src="https://m.media-amazon.com/images/I/41xNrpMfOLL._SL500_.jpg" alt="Product Image"></a><p>18 Gauge Aluminum Craft Wire, 165 Feet 1mm Bendable Metal Wire for Jewelry Making, Sculpting, Floral Making, Wreath Making, Crafting, Wire Wrapping, Christmas Ornaments (Silver)</p><p>$6.99</p><a href="https://www.amazon.com/dp/B09TSLYX33?tag=eloabder-20&linkCode=osi&th=1&psc=1">View Product</a></div><div class="product"><a href="https://www.amazon.com/dp/B002HRAEOG?tag=eloabder-20&linkCode=osi&th=1&psc=1"><img src="https://m.media-amazon.com/images/I/41HimGENjYL._SL500_.jpg" alt="Product Image"></a><p>FloraCraft 26 Gauge Floral Wire 270 Feet Bright Silver</p><p>$4.29</p><a href="https://www.amazon.com/dp/B002HRAEOG?tag=eloabder-20&linkCode=osi&th=1&psc=1">View Product</a></div><div class="product"><a href="https://www.amazon.com/dp/B06ZXY1PXB?tag=eloabder-20&linkCode=osi&th=1&psc=1"><img src="https://m.media-amazon.com/images/I/41Nh+1dv7FL._SL500_.jpg" alt="Product Image"></a><p>Mandala Crafts Anodized Aluminum Wire for Sculpting, Armature, Jewelry Making, Gem Metal Wrap, Garden, Colored and Soft, 1 Roll(14 Gauge, Silver)</p><p>$10.19 ($0.17 / Foot)</p><a href="https://www.amazon.com/dp/B06ZXY1PXB?tag=eloabder-20&linkCode=osi&th=1&psc=1">View Product</a></div><div class="product"><a href="https://www.amazon.com/dp/B07ZYNTH7D?tag=eloabder-20&linkCode=osi&th=1&psc=1"><img src="https://m.media-amazon.com/images/I/51ku4vQDwXL._SL500_.jpg" alt="Product Image"></a><p>12 Gauge Aluminum Wire 100 Feet, Anezus Metal Armature Wire Bendable Sculpting Wire for Crafts Wreath Making Jewelry Making Beading Floral (Silver, 2mm)</p><p>$12.99 ($0.13 / Foot)</p><a href="https://www.amazon.com/dp/B07ZYNTH7D?tag=eloabder-20&linkCode=osi&th=1&psc=1">View Product</a></div><div class="product"><a href="https://www.amazon.com/dp/B07CQL7Y5B?tag=eloabder-20&linkCode=osi&th=1&psc=1"><img src="https://m.media-amazon.com/images/I/51mHjBYsT0L._SL500_.jpg" alt="Product Image"></a><p>TecUnite Aluminum Craft Wire for Sculpting Armature Bendable Craft Wire for DIY Jewelry Making (1 Roll,Silver,10 M X 3 mm)</p><p>$8.99 ($0.27 / Foot)</p><a href="https://www.amazon.com/dp/B07CQL7Y5B?tag=eloabder-20&linkCode=osi&th=1&psc=1">View Product</a></div><div class="product"><a href="https://www.amazon.com/dp/B095Y844QP?tag=eloabder-20&linkCode=osi&th=1&psc=1"><img src="https://m.media-amazon.com/images/I/51w+5umyhOS._SL500_.jpg" alt="Product Image"></a><p>Tenn Well 12 Gauge Aluminum Wire, 100 Feet 2mm Bendable Metal Craft Wire for Sculpting, Armature, Jewelry Making, Floral Making, Doll Making, Modelling, Crafting, Bonsai Training</p><p>$11.99 ($0.12 / Foot)</p><a href="https://www.amazon.com/dp/B095Y844QP?tag=eloabder-20&linkCode=osi&th=1&psc=1">View Product</a></div>
<div class="product"><a href="https://www.amazon.com/dp/B0CYPH4FLQ?tag=eloabder-20&linkCode=osi&th=1&psc=1"><img src="https://m.media-amazon.com/images/I/41u786i6oZL._SL500_.jpg" alt="Product Image"></a><p>DIYDEC 24 Pack Basswood Sheets 4 x 6 x 1/16 Inch Thin Plywood Wood Sheets Unfinished Wood Squares Boards Balsa Wood Sheets for Crafts Architectural Models Laser Cutting Wood Burning and Drawing</p><p>$6.99</p><a href="https://www.amazon.com/dp/B0CYPH4FLQ?tag=eloabder-20&linkCode=osi&th=1&psc=1">View Product</a></div><div class="product"><a href="https://www.amazon.com/dp/B082HR4RV3?tag=eloabder-20&linkCode=osi&th=1&psc=1"><img src="https://m.media-amazon.com/images/I/51kfms0w39L._SL500_.jpg" alt="Product Image"></a><p>5ARTH Natural Wood Slices - 30 Pcs 3.5-4 inches Craft Unfinished Wood kit Predrilled with Hole Wooden Circles for Arts Wood Slices Christmas Ornaments DIY Crafts</p><p>$21.99</p><a href="https://www.amazon.com/dp/B082HR4RV3?tag=eloabder-20&linkCode=osi&th=1&psc=1">View Product</a></div>
<div class="product"><a href="https://www.amazon.com/dp/B089T7PX27?tag=eloabder-20&linkCode=osi&th=1&psc=1"><img src="https://m.media-amazon.com/images/I/41aDJyks7kL._SL500_.jpg" alt="Product Image"></a><p>Crayola Air Dry Clay (5lbs), Natural White Modeling Clay for Kids, Sculpting Material, Bulk Craft Supplies for School Classrooms [Amazon Exclusive]</p><p>$17.41</p><a href="https://www.amazon.com/dp/B089T7PX27?tag=eloabder-20&linkCode=osi&th=1&psc=1">View Product</a></div><div class="product"><a href="https://www.amazon.com/dp/B0BDM5WLQX?tag=eloabder-20&linkCode=osi&th=1&psc=1"><img src="https://m.media-amazon.com/images/I/41oBPm5+PkL._SL500_.jpg" alt="Product Image"></a><p>ifergoo White Air Dry Clay, Modeling Clay for School Art & Craft Project. Refill White Clay for Kids Age 3-12, Boys and Girls Gift</p><p>$6.99 ($1.65 / Ounce)</p><a href="https://www.amazon.com/dp/B0BDM5WLQX?tag=eloabder-20&linkCode=osi&th=1&psc=1">View Product</a></div><div class="product"><a href="https://www.amazon.com/dp/B0B8TLRRKM?tag=eloabder-20&linkCode=osi&th=1&psc=1"><img src="https://m.media-amazon.com/images/I/418ijOdZBzL._SL500_.jpg" alt="Product Image"></a><p>Pepy Premium European Air Dry Modeling Clay White 2.2 lb Bar, Easy to Use Air-Hardening Clay for Classroom and Montessori Sculpting and Crafts Projects</p><p>$9.97 ($0.28 / Ounce)</p><a href="https://www.amazon.com/dp/B0B8TLRRKM?tag=eloabder-20&linkCode=osi&th=1&psc=1">View Product</a></div>

<div class="product"><a href="https://www.amazon.com/dp/B083TT4XVN?tag=eloabder-20&linkCode=osi&th=1&psc=1"><img src="https://m.media-amazon.com/images/I/41QMxzlQglL._SL500_.jpg" alt="Product Image"></a><p>6" Jumbo Wood Craft Sticks - Pack of 1,000</p><p>$15.21 ($0.02 / Count)</p><a href="https://www.amazon.com/dp/B083TT4XVN?tag=eloabder-20&linkCode=osi&th=1&psc=1">View Product</a></div><div class="product"><a href="https://www.amazon.com/dp/B0B9RRJ2BG?tag=eloabder-20&linkCode=osi&th=1&psc=1"><img src="https://m.media-amazon.com/images/I/31gmdN8H+PL._SL500_.jpg" alt="Product Image"></a><p>Perfect Stix Wooden Poplar Wood Craft Sticks. Jumbo Size, 6 x 3/4, Wood, Natural Poplar Wood, 500Ct. Multipurpose Craft, Popsicles, Waxing, Arts and Crafts.</p><p>$9.68</p><a href="https://www.amazon.com/dp/B0B9RRJ2BG?tag=eloabder-20&linkCode=osi&th=1&psc=1">View Product</a></div><div class="product"><a href="https://www.amazon.com/dp/B08R31MRJ9?tag=eloabder-20&linkCode=osi&th=1&psc=1"><img src="https://m.media-amazon.com/images/I/51fYWGLzOGL._SL500_.jpg" alt="Product Image"></a><p>Pandaspa 200 Pieces Jumbo Craft Sticks, Premium Natural Wood for Building, Mixing, and Creating Craft Projects, Size 6 x 3/4</p><p>$9.95</p><a href="https://www.amazon.com/dp/B08R31MRJ9?tag=eloabder-20&linkCode=osi&th=1&psc=1">View Product</a></div><div class="product"><a href="https://www.amazon.com/dp/B081R25K4S?tag=eloabder-20&linkCode=osi&th=1&psc=1"><img src="https://m.media-amazon.com/images/I/41vxFW4BIvL._SL500_.jpg" alt="Product Image"></a><p>Perfect Stix - PS-114st-1,000 4.5" Craft Sticks/ Ice Cream Sticks/ Natural Wood - Box of 1,000ct</p><p>$13.99</p><a href="https://www.amazon.com/dp/B081R25K4S?tag=eloabder-20&linkCode=osi&th=1&psc=1">View Product</a></div><div class="product"><a href="https://www.amazon.com/dp/B08NY4HWVH?tag=eloabder-20&linkCode=osi&th=1&psc=1"><img src="https://m.media-amazon.com/images/I/41qHSFWo+AL._SL500_.jpg" alt="Product Image"></a><p>Fansunta 100pcs 15.7x0.35 Inch Strong Natural Bamboo Sticks, Wooden Craft Sticks, Extra Long Sticks, Wood Strips for Craft Projects</p><p>$11.99</p><a href="https://www.amazon.com/dp/B08NY4HWVH?tag=eloabder-20&linkCode=osi&th=1&psc=1">View Product</a></div>
<div class="product"><a href="https://www.amazon.com/dp/B0CY84GCRZ?tag=eloabder-20&linkCode=osi&th=1&psc=1"><img src="https://m.media-amazon.com/images/I/315gdwLiZfL._SL500_.jpg" alt="Product Image"></a><p>14 Rolls Double Sided Tape for Crafts Scrapbooking Multi-Purpose and Multi-Size Tape for Arts, Photography, Gift Boxes, Card Making, Paper Backing, Office Supplies(3mm/5mm/8mm/10mm/12mm/15mm/18mm)</p><p>$4.99 ($0.36 / Count)</p><a href="https://www.amazon.com/dp/B0CY84GCRZ?tag=eloabder-20&linkCode=osi&th=1&psc=1">View Product</a></div>

<div class="product"><a href="https://www.amazon.com/dp/B0D14HHL9F?tag=eloabder-20&linkCode=osi&th=1&psc=1"><img src="https://m.media-amazon.com/images/I/31pj+acWaSL._SL500_.jpg" alt="Product Image"></a><p>Weeding Tools for Vinyl,Vinyl Weeding Tools for Permanent Vinyl/HTV Vinyl/Holographic Vinyl,Craft Vinyl Weeding Tools Kit with Hook and Pick with Tweezers</p><p>$4.99</p><a href="https://www.amazon.com/dp/B0D14HHL9F?tag=eloabder-20&linkCode=osi&th=1&psc=1">View Product</a></div>
<div class="product"><a href="https://www.amazon.com/dp/B06XDJJ6D1?tag=eloabder-20&linkCode=osi&th=1&psc=1"><img src="https://m.media-amazon.com/images/I/516tOQjdgIL._SL500_.jpg" alt="Product Image"></a><p>Color Swell Bulk Crayon Packs - 36 Boxes of 24 Vibrant Colored Durable Bulk Crayons of Teacher Quality for Classroom and Home</p><p>$36.99</p><a href="https://www.amazon.com/dp/B06XDJJ6D1?tag=eloabder-20&linkCode=osi&th=1&psc=1">View Product</a></div><div class="product"><a href="https://www.amazon.com/dp/B0D2W1SJHC?tag=eloabder-20&linkCode=osi&th=1&psc=1"><img src="https://m.media-amazon.com/images/I/51Of59YBGeL._SL500_.jpg" alt="Product Image"></a><p>Shuttle Art Crayons Bulk Set - 40 Boxes of 24 Assorted Colors, 960 Count Durable & Non-Toxic Teacher-Quality Crayons, School Supplies bulk in Crayons For Family Class Party Favors</p><p>$36.99</p><a href="https://www.amazon.com/dp/B0D2W1SJHC?tag=eloabder-20&linkCode=osi&th=1&psc=1">View Product</a></div><div class="product"><a href="https://www.amazon.com/dp/B013I7IQTS?tag=eloabder-20&linkCode=osi&th=1&psc=1"><img src="https://m.media-amazon.com/images/I/51eRV44y2SL._SL500_.jpg" alt="Product Image"></a><p>Crayola Crayons, 8 Count (Case of 48)</p><p>$43.03</p><a href="https://www.amazon.com/dp/B013I7IQTS?tag=eloabder-20&linkCode=osi&th=1&psc=1">View Product</a></div><div class="product"><a href="https://www.amazon.com/dp/B07F98CYQ2?tag=eloabder-20&linkCode=osi&th=1&psc=1"><img src="https://m.media-amazon.com/images/I/51pOC5gmdFL._SL500_.jpg" alt="Product Image"></a><p>Craytastic! 52 Sets of 4-Packs in Cello (208 Count total bulk Crayons) - Large Box of Crayons Bulk For School Teachers, Restaurants, Party Favors, Crayon Packs, Non-Toxic Crayons</p><p>$13.79</p><a href="https://www.amazon.com/dp/B07F98CYQ2?tag=eloabder-20&linkCode=osi&th=1&psc=1">View Product</a></div><div class="product"><a href="https://www.amazon.com/dp/B01HZMQA0Y?tag=eloabder-20&linkCode=osi&th=1&psc=1"><img src="https://m.media-amazon.com/images/I/51GSg7CA-YL._SL500_.jpg" alt="Product Image"></a><p>Colorations Regular Size Triangular Crayon Class Pack, 16 Colors, 13 of Each, Set of 208, Easy to Hold & Grip, Toddler Crayons, Non Toxic Crayons, Kids Crayons, Bulk School Supplies, Triangle Crayons</p><p>$42.98 ($0.21 / Count)</p><a href="https://www.amazon.com/dp/B01HZMQA0Y?tag=eloabder-20&linkCode=osi&th=1&psc=1">View Product</a></div>
<div class="product"><a href="https://www.amazon.com/dp/B07JPL5NYX?tag=eloabder-20&linkCode=osi&th=1&psc=1"><img src="https://m.media-amazon.com/images/I/31B4rKplkML._SL500_.jpg" alt="Product Image"></a><p>Similane 6 Pieces Aida Cloth 14 Count Cross Stitch Fabric, White, 12 by 18-Inch</p><p>$7.99 ($1.33 / Count)</p><a href="https://www.amazon.com/dp/B07JPL5NYX?tag=eloabder-20&linkCode=osi&th=1&psc=1">View Product</a></div><div class="product"><a href="https://www.amazon.com/dp/B0BRK6L377?tag=eloabder-20&linkCode=osi&th=1&psc=1"><img src="https://m.media-amazon.com/images/I/31xWAZsouYL._SL500_.jpg" alt="Product Image"></a><p>Caydo 6 Pieces Aida Cloth 14 Count White Cross Stitch Fabric for Craft Embroidery, Handmade Needlework, DIY Handicrafts, 12 by 18-Inch</p><p>$7.98</p><a href="https://www.amazon.com/dp/B0BRK6L377?tag=eloabder-20&linkCode=osi&th=1&psc=1">View Product</a></div><div class="product"><a href="https://www.amazon.com/dp/B08BN8LNS1?tag=eloabder-20&linkCode=osi&th=1&psc=1"><img src="https://m.media-amazon.com/images/I/51RTXXBsvhL._SL500_.jpg" alt="Product Image"></a><p>Cross Stitch Aida Fabric 14 Count, 59 by 39 Inch Large Size, Classic Reserve Cross Stitch Aida Cloth for Home DIY Embroidery Decoration</p><p>$13.97</p><a href="https://www.amazon.com/dp/B08BN8LNS1?tag=eloabder-20&linkCode=osi&th=1&psc=1">View Product</a></div><div class="product"><a href="https://www.amazon.com/dp/B09LC7RLFC?tag=eloabder-20&linkCode=osi&th=1&psc=1"><img src="https://m.media-amazon.com/images/I/51OyNFAB2HL._SL500_.jpg" alt="Product Image"></a><p>Aida Cloth 14 Count Cross Stitch Fabric,19×28inch (14CT, Off White)</p><p>$12.99</p><a href="https://www.amazon.com/dp/B09LC7RLFC?tag=eloabder-20&linkCode=osi&th=1&psc=1">View Product</a></div><div class="product"><a href="https://www.amazon.com/dp/B08BHLPZB1?tag=eloabder-20&linkCode=osi&th=1&psc=1"><img src="https://m.media-amazon.com/images/I/51ujyg-qk5L._SL500_.jpg" alt="Product Image"></a><p>59 by 39-Inch Cross Stitch Fabric, 14 Count Big Size Classic Reserve Aida Cloth,White</p><p>$13.97</p><a href="https://www.amazon.com/dp/B08BHLPZB1?tag=eloabder-20&linkCode=osi&th=1&psc=1">View Product</a></div><div class="product"><a href="https://www.amazon.com/dp/B089N8H68K?tag=eloabder-20&linkCode=osi&th=1&psc=1"><img src="https://m.media-amazon.com/images/I/61UXobKcmpL._SL500_.jpg" alt="Product Image"></a><p>Caydo 8 Pieces Aida Cloth 8 Color 14 Count Classic Reserve Cross Stitch Fabric, 12 by 18-Inch</p><p>$15.99</p><a href="https://www.amazon.com/dp/B089N8H68K?tag=eloabder-20&linkCode=osi&th=1&psc=1">View Product</a></div><div class="product"><a href="https://www.amazon.com/dp/B0B647GLFL?tag=eloabder-20&linkCode=osi&th=1&psc=1"><img src="https://m.media-amazon.com/images/I/51TmM7qAMBL._SL500_.jpg" alt="Product Image"></a><p>14CT Easy Count Thread Grid Aida Cloth Embroidery Cross Stitch Fabric, Green Grid, W29" x L39"</p><p>$16.50</p><a href="https://www.amazon.com/dp/B0B647GLFL?tag=eloabder-20&linkCode=osi&th=1&psc=1">View Product</a></div>






<div class="product"><a href="https://www.amazon.com/dp/B0D3HPD7WP?tag=eloabder-20&linkCode=osi&th=1&psc=1"><img src="https://m.media-amazon.com/images/I/31KSmmAWUWL._SL500_.jpg" alt="Product Image"></a><p>50 Sheets Grey Cardstock Paper, Colored Printer Paper 8.5 x 11, Thick Construction Paper for Cards Making, Scrapbook，Office Printing, Invitations, Certificates，DIY Crafting 92 lb/250gsm</p><p>$9.99</p><a href="https://www.amazon.com/dp/B0D3HPD7WP?tag=eloabder-20&linkCode=osi&th=1&psc=1">View Product</a></div>
<div class="product"><a href="https://www.amazon.com/dp/B076CP6F36?tag=eloabder-20&linkCode=osi&th=1&psc=1"><img src="https://m.media-amazon.com/images/I/51rfEIvgI+L._SL500_.jpg" alt="Product Image"></a><p>Apple Barrel, Vibrant Spectrum Collection Acrylic Craft Paint, PROMOABIII, 2 fl oz each, 16 assorted matte colors, 16 count</p><p>$15.97 ($0.50 / Fl Oz)</p><a href="https://www.amazon.com/dp/B076CP6F36?tag=eloabder-20&linkCode=osi&th=1&psc=1">View Product</a></div><div class="product"><a href="https://www.amazon.com/dp/B0BKFLSYQF?tag=eloabder-20&linkCode=osi&th=1&psc=1"><img src="https://m.media-amazon.com/images/I/51a0PmPRknL._SL500_.jpg" alt="Product Image"></a><p>72 Pack Acrylic Paint Set, Shuttle Art 60 Colors Acrylic Paint Including Extra White Black & 12 Brushes, 2oz/60ml, Rich Pigmented, Water Proof, Ideal for Artists, Beginners on Canvas Rock Wood Ceramic</p><p>$45.99 ($23.00 / Fl Oz)</p><a href="https://www.amazon.com/dp/B0BKFLSYQF?tag=eloabder-20&linkCode=osi&th=1&psc=1">View Product</a></div><div class="product"><a href="https://www.amazon.com/dp/B08CB3JH79?tag=eloabder-20&linkCode=osi&th=1&psc=1"><img src="https://m.media-amazon.com/images/I/51OUZsFdnTL._SL500_.jpg" alt="Product Image"></a><p>Acrylic Paint Set of 36 Colors 2fl oz 60ml Bottles,Non Toxic 36 Colors Acrylic Paint No Fading Rich Pigment for Kids Adults Artists Canvas Crafts Wood Painting</p><p>$32.99 ($0.46 / Fl Oz)</p><a href="https://www.amazon.com/dp/B08CB3JH79?tag=eloabder-20&linkCode=osi&th=1&psc=1">View Product</a></div><div class="product"><a href="https://www.amazon.com/dp/B0018NBVKQ?tag=eloabder-20&linkCode=osi&th=1&psc=1"><img src="https://m.media-amazon.com/images/I/31YlSvZMTCL._SL500_.jpg" alt="Product Image"></a><p>Apple Barrel Acrylic Paint in Assorted Colors (8 Ounce), 20403 White</p><p>$2.67 ($0.33 / Fl Oz)</p><a href="https://www.amazon.com/dp/B0018NBVKQ?tag=eloabder-20&linkCode=osi&th=1&psc=1">View Product</a></div><div class="product"><a href="https://www.amazon.com/dp/B077WSBLZ1?tag=eloabder-20&linkCode=osi&th=1&psc=1"><img src="https://m.media-amazon.com/images/I/51KPkXpLn1L._SL500_.jpg" alt="Product Image"></a><p>Shuttle Art Acrylic Paint Set, 30 x12ml Tubes Artist Quality Non Toxic Rich Pigments Colors Great for Kids Adults Professional Painting on Rocks Canvas Wood Clay Fabric Ceramic Crafts</p><p>$12.99 ($1.08 / Fl Oz)</p><a href="https://www.amazon.com/dp/B077WSBLZ1?tag=eloabder-20&linkCode=osi&th=1&psc=1">View Product</a></div><div class="product"><a href="https://www.amazon.com/dp/B00889Z5Y6?tag=eloabder-20&linkCode=osi&th=1&psc=1"><img src="https://m.media-amazon.com/images/I/41MQjsyDbSL._SL500_.jpg" alt="Product Image"></a><p>Apple Barrel Acrylic Paint in Assorted Colors (2 oz), 20764, Apricot</p><p>$0.58 ($0.29 / Fl Oz)</p><a href="https://www.amazon.com/dp/B00889Z5Y6?tag=eloabder-20&linkCode=osi&th=1&psc=1">View Product</a></div><div class="product"><a href="https://www.amazon.com/dp/B09TWQD5ZL?tag=eloabder-20&linkCode=osi&th=1&psc=1"><img src="https://m.media-amazon.com/images/I/41B0L003QXL._SL500_.jpg" alt="Product Image"></a><p>Artkey Acrylic Paint Set - 24 colors 2 oz/59 ml Acrylic Paints Professional Artists Painting Kit for Canvases Fabric Rock Leather Easter Egg Wood Ceramic Glass Art Craft Painting</p><p>$19.99 ($0.42 / Fl Oz)</p><a href="https://www.amazon.com/dp/B09TWQD5ZL?tag=eloabder-20&linkCode=osi&th=1&psc=1">View Product</a></div><div class="product"><a href="https://www.amazon.com/dp/B07Z93LQDB?tag=eloabder-20&linkCode=osi&th=1&psc=1"><img src="https://m.media-amazon.com/images/I/51veoN6zK0L._SL500_.jpg" alt="Product Image"></a><p>Shuttle Art Acrylic Paint Set, 36 Colors Acrylic Paint with Brushes & Palette, 2oz Bottles, Rich Pigments Non-toxic Paint for Artists Kids & Adults, Art Supplies for Canvas Rock Ceramic Wood Painting</p><p>$27.99</p><a href="https://www.amazon.com/dp/B07Z93LQDB?tag=eloabder-20&linkCode=osi&th=1&psc=1">View Product</a></div><div class="product"><a href="https://www.amazon.com/dp/B002665SYY?tag=eloabder-20&linkCode=osi&th=1&psc=1"><img src="https://m.media-amazon.com/images/I/31sJJeWK6OS._SL500_.jpg" alt="Product Image"></a><p>Liquitex BASICS Acrylic Paint, 250ml (8.5-oz) Tube, Titanium White</p><p>$9.99 ($1.18 / Fl Oz)</p><a href="https://www.amazon.com/dp/B002665SYY?tag=eloabder-20&linkCode=osi&th=1&psc=1">View Product</a></div>
<div class="product"><a href="https://www.amazon.com/dp/B0CC98XLGL?tag=eloabder-20&linkCode=osi&th=1&psc=1"><img src="https://m.media-amazon.com/images/I/51ZLw+nThiL._SL500_.jpg" alt="Product Image"></a><p>HUIRUSO 4 Pack Double Sided Tape Roller, Scrapbook Supplies, Glue Tape Roller for Crafts, Double-Sided Adhesive Tape Runner for Scrapbooking, School Office Journaling Supplies (0.31 in X 26.25 ft)</p><p>$6.99 ($1.75 / Count)</p><a href="https://www.amazon.com/dp/B0CC98XLGL?tag=eloabder-20&linkCode=osi&th=1&psc=1">View Product</a></div><div class="product"><a href="https://www.amazon.com/dp/B007XAAE6K?tag=eloabder-20&linkCode=osi&th=1&psc=1"><img src="https://m.media-amazon.com/images/I/414qxYVR0wL._SL500_.jpg" alt="Product Image"></a><p>Scotch Double Sided Tape Runner, 1-Pack, 0.27 in x 26 ft., Perfect for Holiday Crafts, Gifts, and More</p><p>$4.47</p><a href="https://www.amazon.com/dp/B007XAAE6K?tag=eloabder-20&linkCode=osi&th=1&psc=1">View Product</a></div><div class="product"><a href="https://www.amazon.com/dp/B0BZVGPFSK?tag=eloabder-20&linkCode=osi&th=1&psc=1"><img src="https://m.media-amazon.com/images/I/51-ue9+7JkL._SL500_.jpg" alt="Product Image"></a><p>Birllaid Double Sided Tape for Walls, Picture Hanging Strips Removable Mounting Dots Adhesive Heavy Duty, Removable for Art Craft, Decoration, Party Supplies, Multipurpose</p><p>$11.99</p><a href="https://www.amazon.com/dp/B0BZVGPFSK?tag=eloabder-20&linkCode=osi&th=1&psc=1">View Product</a></div><div class="product"><a href="https://www.amazon.com/dp/B0CGVN9SL1?tag=eloabder-20&linkCode=osi&th=1&psc=1"><img src="https://m.media-amazon.com/images/I/41Hy+i4CnoL._SL500_.jpg" alt="Product Image"></a><p>30Ft x 1 Inch Hook and Loop Strips with Adhesive,Double Rolls of Heavy Duty Self Adhesive Tape with Backing, Nylon Self Adhesive Tape for Home Office School and Crafting,White</p><p>$9.99</p><a href="https://www.amazon.com/dp/B0CGVN9SL1?tag=eloabder-20&linkCode=osi&th=1&psc=1">View Product</a></div><div class="product"><a href="https://www.amazon.com/dp/B07Y3VDPLF?tag=eloabder-20&linkCode=osi&th=1&psc=1"><img src="https://m.media-amazon.com/images/I/41cyKQ2OMuL._SL500_.jpg" alt="Product Image"></a><p>Melsan 1x4 inch Hook and Loop Strips with Adhesive - 15 Sets, Strong Back Adhesive Fasten Mounting Tape for Home or Office Use - Instead of Holes and Screws, Black</p><p>$7.82</p><a href="https://www.amazon.com/dp/B07Y3VDPLF?tag=eloabder-20&linkCode=osi&th=1&psc=1">View Product</a></div><div class="product"><a href="https://www.amazon.com/dp/B07V57VJT5?tag=eloabder-20&linkCode=osi&th=1&psc=1"><img src="https://m.media-amazon.com/images/I/514JO3bvl3L._SL500_.jpg" alt="Product Image"></a><p>XFasten Adhesive Roller for Scrapbooking, 8mm x 30ft 4-Pack Double Sided Glue Tape Roller, Scrapbook Supplies for Adults, Photo Tape for Scrapbooking</p><p>$9.99 ($2.50 / Count)</p><a href="https://www.amazon.com/dp/B07V57VJT5?tag=eloabder-20&linkCode=osi&th=1&psc=1">View Product</a></div><div class="product"><a href="https://www.amazon.com/dp/B07JLTGQHX?tag=eloabder-20&linkCode=osi&th=1&psc=1"><img src="https://m.media-amazon.com/images/I/51Eqfo7kUZL._SL500_.jpg" alt="Product Image"></a><p>UPINS 120 Pack Double Sided Foam Tape Square Self-Adhesive Foam Tape Black Strong Tape Pads for DIY Art Crafts Supplies</p><p>$9.99 ($0.08 / Count)</p><a href="https://www.amazon.com/dp/B07JLTGQHX?tag=eloabder-20&linkCode=osi&th=1&psc=1">View Product</a></div><div class="product"><a href="https://www.amazon.com/dp/B005FM6XF4?tag=eloabder-20&linkCode=osi&th=1&psc=1"><img src="https://m.media-amazon.com/images/I/51-vp1WJ89L._SL500_.jpg" alt="Product Image"></a><p>AdTech 5603 Permanent Crafter's Tape, 0.31" x 315", Pack of 4</p><p>$7.84 ($0.07 / Foot)</p><a href="https://www.amazon.com/dp/B005FM6XF4?tag=eloabder-20&linkCode=osi&th=1&psc=1">View Product</a></div><div class="product"><a href="https://www.amazon.com/dp/B0CJF1FLFJ?tag=eloabder-20&linkCode=osi&th=1&psc=1"><img src="https://m.media-amazon.com/images/I/51dig1RqzdL._SL500_.jpg" alt="Product Image"></a><p>UPINS 150Pack Double Sided Foam Tape Strong Sticky Double Sided Foam Pads for Crafts Self-Adhesive Mounting Foam Tape Heavy Duty for Home Wall Decor 40 * 40 * 2mm</p><p>$8.99 ($0.06 / Count)</p><a href="https://www.amazon.com/dp/B0CJF1FLFJ?tag=eloabder-20&linkCode=osi&th=1&psc=1">View Product</a></div><div class="product"><a href="https://www.amazon.com/dp/B0D4YWRGCL?tag=eloabder-20&linkCode=osi&th=1&psc=1"><img src="https://m.media-amazon.com/images/I/41EqJ553-KL._SL500_.jpg" alt="Product Image"></a><p>Amanbo Glue Tape for Scrapbooking, 6 Pack Scrapbook Tape, Double Sided Tape Roller for Crafts, Total 120 Ft x 0.24 in Tape Runner, Craft Supplies for Scrapbooking, Gift Wrapping and Photo Tape</p><p>$6.99</p><a href="https://www.amazon.com/dp/B0D4YWRGCL?tag=eloabder-20&linkCode=osi&th=1&psc=1">View Product</a></div>
<div class="product"><a href="https://www.amazon.com/dp/B0CC5HPPTN?tag=eloabder-20&linkCode=osi&th=1&psc=1"><img src="https://m.media-amazon.com/images/I/519M81S201L._SL500_.jpg" alt="Product Image"></a><p>Airbrush Paint - 30 Colors with 3 Thinner, Ready to Spray Airbrush Paint Set, Water-Based Acrylic Air brush Paints for Metal, Plastic Models, Canvas, Wood, 20ml/Bottle</p><p>$32.99 ($1.48 / Fl Oz)</p><a href="https://www.amazon.com/dp/B0CC5HPPTN?tag=eloabder-20&linkCode=osi&th=1&psc=1">View Product</a></div>
<div class="product"><a href="https://www.amazon.com/dp/B0CXPSGK36?tag=eloabder-20&linkCode=osi&th=1&psc=1"><img src="https://m.media-amazon.com/images/I/51dd2dYOtrL._SL500_.jpg" alt="Product Image"></a><p>Letter Stickers 30 Sheets 1500 PCS Large Alphabet Sticker 2 Inch Vinyl Self Adhesive Stick on Stickers for Water Bottles Cup Mailbox Number Address Craft Scrapbooking Bulletin Board Decor Multicolor</p><p>$9.99</p><a href="https://www.amazon.com/dp/B0CXPSGK36?tag=eloabder-20&linkCode=osi&th=1&psc=1">View Product</a></div><div class="product"><a href="https://www.amazon.com/dp/B07NNYFMGY?tag=eloabder-20&linkCode=osi&th=1&psc=1"><img src="https://m.media-amazon.com/images/I/51yDnU+gEXL._SL500_.jpg" alt="Product Image"></a><p>20 Sheets Alphabet Letter Stickers 10 Colors Self Adhesive Sticker Colorful PU Material Convex Feeling (Colored Letter Stickers 1)</p><p>$6.99 ($0.35 / Count)</p><a href="https://www.amazon.com/dp/B07NNYFMGY?tag=eloabder-20&linkCode=osi&th=1&psc=1">View Product</a></div>

<div class="product"><a href="https://www.amazon.com/dp/B01DDN8854?tag=eloabder-20&linkCode=osi&th=1&psc=1"><img src="https://m.media-amazon.com/images/I/61dPubDZBSL._SL500_.jpg" alt="Product Image"></a><p>Hugs 'n Kisses HNKHABY13 Applique Paper (20 Pack)</p><p>$19.72 ($0.99 / Count)</p><a href="https://www.amazon.com/dp/B01DDN8854?tag=eloabder-20&linkCode=osi&th=1&psc=1">View Product</a></div>
<div class="product"><a href="https://www.amazon.com/dp/B09KPNFJW1?tag=eloabder-20&linkCode=osi&th=1&psc=1"><img src="https://m.media-amazon.com/images/I/41abn5fELmL._SL500_.jpg" alt="Product Image"></a><p>UniPleased Disposable Aprons (50 Count), Plastic apron for Painting Party, Cooking, Housework, Picnic etc.</p><p>$5.69</p><a href="https://www.amazon.com/dp/B09KPNFJW1?tag=eloabder-20&linkCode=osi&th=1&psc=1">View Product</a></div>
<div class="product"><a href="https://www.amazon.com/dp/B087M21MM2?tag=eloabder-20&linkCode=osi&th=1&psc=1"><img src="https://m.media-amazon.com/images/I/41Xf-jehhLL._SL500_.jpg" alt="Product Image"></a><p>GOTIDEAL Stretched Canvas, Multi Pack 4x4, 5x7, 8x10,9x12, 11x14 Set of 10, Primed White - 100% Cotton Artist Canvas Boards for Painting, Acrylic Pouring, Oil Paint Dry & Wet Art Media</p><p>$24.99</p><a href="https://www.amazon.com/dp/B087M21MM2?tag=eloabder-20&linkCode=osi&th=1&psc=1">View Product</a></div><div class="product"><a href="https://www.amazon.com/dp/B00OQJYISG?tag=eloabder-20&linkCode=osi&th=1&psc=1"><img src="https://m.media-amazon.com/images/I/31fEDLPkkcL._SL500_.jpg" alt="Product Image"></a><p>6 Count 12” x 16” Super Value Canvas by Artist's Loft Necessities - Acid Free Cotton Canvas for Paint, Acrylic, & Oils - 1 Pack</p><p>$19.99</p><a href="https://www.amazon.com/dp/B00OQJYISG?tag=eloabder-20&linkCode=osi&th=1&psc=1">View Product</a></div><div class="product"><a href="https://www.amazon.com/dp/B09CDKB9HY?tag=eloabder-20&linkCode=osi&th=1&psc=1"><img src="https://m.media-amazon.com/images/I/51+p5xnClGL._SL500_.jpg" alt="Product Image"></a><p>DPDIAN Canvas Boards for Painting 40 Pack, 8 inch x 10 inch Super Value Pack, Artist Canvas Panels for Oil & Acrylic Painting</p><p>$29.99</p><a href="https://www.amazon.com/dp/B09CDKB9HY?tag=eloabder-20&linkCode=osi&th=1&psc=1">View Product</a></div><div class="product"><a href="https://www.amazon.com/dp/B0CFBGP29G?tag=eloabder-20&linkCode=osi&th=1&psc=1"><img src="https://m.media-amazon.com/images/I/3147Az5plbL._SL500_.jpg" alt="Product Image"></a><p>ArtSkills Stretched Canvases for Painting, 12x16 Canvas Painting Supplies for Artists, Blank Canvas Pack, 2-Pack</p><p>$16.99</p><a href="https://www.amazon.com/dp/B0CFBGP29G?tag=eloabder-20&linkCode=osi&th=1&psc=1">View Product</a></div><div class="product"><a href="https://www.amazon.com/dp/B07BNGQ1SS?tag=eloabder-20&linkCode=osi&th=1&psc=1"><img src="https://m.media-amazon.com/images/I/410ZVtygUwS._SL500_.jpg" alt="Product Image"></a><p>PHOENIX Stretched Canvas for Painting 8x10 Inch/10 Value Pack, 8 Oz Triple Primed 5/8 Inch Profile 100% Cotton White Blank Canvas, Artist Framed Canvas for Oil Acrylic & Pouring Art</p><p>$22.99</p><a href="https://www.amazon.com/dp/B07BNGQ1SS?tag=eloabder-20&linkCode=osi&th=1&psc=1">View Product</a></div><div class="product"><a href="https://www.amazon.com/dp/B0922JP1H4?tag=eloabder-20&linkCode=osi&th=1&psc=1"><img src="https://m.media-amazon.com/images/I/41BmiEND1KL._SL500_.jpg" alt="Product Image"></a><p>GOTIDEAL Canvases for Painting, 18 Pack Canvas Boards Multipack 4x4, 5x7, 8x10, 9x12,11x14,Primed White Blank Artist Canvas Variety Pack for Acrylic Paint, Oil Paint, Watercolor, Gouache</p><p>$19.99</p><a href="https://www.amazon.com/dp/B0922JP1H4?tag=eloabder-20&linkCode=osi&th=1&psc=1">View Product</a></div>


<div class="product"><a href="https://www.amazon.com/dp/B0872VFHBH?tag=eloabder-20&linkCode=osi&th=1&psc=1"><img src="https://m.media-amazon.com/images/I/51k3bekQheS._SL500_.jpg" alt="Product Image"></a><p>Bachmore Drawing Pad 9X12 Inch (110lb/180g), 60 Sheets, Top Spiral Bound Multi-Media for Artist Pro & Amateurs | Acrylic Art, Ink, Paint, Oil Pastels,Watercolor Mixed Media Sketch</p><p>$11.99</p><a href="https://www.amazon.com/dp/B0872VFHBH?tag=eloabder-20&linkCode=osi&th=1&psc=1">View Product</a></div><div class="product"><a href="https://www.amazon.com/dp/B0027A75A4?tag=eloabder-20&linkCode=osi&th=1&psc=1"><img src="https://m.media-amazon.com/images/I/51dyOxxcgYL._SL500_.jpg" alt="Product Image"></a><p>Strathmore 200 Series Sketch Pad, 9x12 inch, 100 Sheets, Tape Bound - Artist Sketchbook for Drawing, Illustration, Art Class Students</p><p>$6.99 ($0.07 / Count)</p><a href="https://www.amazon.com/dp/B0027A75A4?tag=eloabder-20&linkCode=osi&th=1&psc=1">View Product</a></div><div class="product"><a href="https://www.amazon.com/dp/B0BV13YQKX?tag=eloabder-20&linkCode=osi&th=1&psc=1"><img src="https://m.media-amazon.com/images/I/41VYfMpvXUL._SL500_.jpg" alt="Product Image"></a><p>Canson Graduate Watercolor Pad, Foldover, 9x12 inch, 20 Sheets | Artist Paper for Adults and Students - Painting, Gouache, Mixed Media and Ink</p><p>$4.97 ($0.41 / Count)</p><a href="https://www.amazon.com/dp/B0BV13YQKX?tag=eloabder-20&linkCode=osi&th=1&psc=1">View Product</a></div><div class="product"><a href="https://www.amazon.com/dp/B0024KMQ6K?tag=eloabder-20&linkCode=osi&th=1&psc=1"><img src="https://m.media-amazon.com/images/I/51sYdvPPUCL._SL500_.jpg" alt="Product Image"></a><p>Strathmore 400 Series Pastel Pad, Assorted Colors, 9"x12" Glue Bound, 24 Sheets</p><p>$9.11</p><a href="https://www.amazon.com/dp/B0024KMQ6K?tag=eloabder-20&linkCode=osi&th=1&psc=1">View Product</a></div><div class="product"><a href="https://www.amazon.com/dp/B00246O6PI?tag=eloabder-20&linkCode=osi&th=1&psc=1"><img src="https://m.media-amazon.com/images/I/517TUmckOIL._SL500_.jpg" alt="Product Image"></a><p>Strathmore 300 Series Drawing Paper Pad, Top Wire Bound, 11x14 inches, 50 Sheets (70lb/114g) - Artist Paper for Adults and Students - Charcoal, Colored Pencil, Ink, Pastel, Marker</p><p>$13.33</p><a href="https://www.amazon.com/dp/B00246O6PI?tag=eloabder-20&linkCode=osi&th=1&psc=1">View Product</a></div>
<div class="product"><a href="https://www.amazon.com/dp/B08ZMH7LJY?tag=eloabder-20&linkCode=osi&th=1&psc=1"><img src="https://m.media-amazon.com/images/I/51mJIsLJA-S._SL500_.jpg" alt="Product Image"></a><p>PANDAFLY Professional Drawing Sketching Pencil Set - 12 Pieces Graphite Pencils(14B - 2H), Ideal for Drawing Art, Sketching, Shading, Artist Pencils for Beginners & Pro Artists</p><p>$5.11</p><a href="https://www.amazon.com/dp/B08ZMH7LJY?tag=eloabder-20&linkCode=osi&th=1&psc=1">View Product</a></div><div class="product"><a href="https://www.amazon.com/dp/B088K1G5NL?tag=eloabder-20&linkCode=osi&th=1&psc=1"><img src="https://m.media-amazon.com/images/I/51F2bOMZWnL._SL500_.jpg" alt="Product Image"></a><p>MARKART Professional Drawing Sketching Pencil Set - 14 Pieces,Graphite,(12B - 4H), Ideal for Drawing Art, Sketching, Shading, Artist Pencils for Beginners & Pro Artists</p><p>$5.24</p><a href="https://www.amazon.com/dp/B088K1G5NL?tag=eloabder-20&linkCode=osi&th=1&psc=1">View Product</a></div><div class="product"><a href="https://www.amazon.com/dp/B08FHMRW4L?tag=eloabder-20&linkCode=osi&th=1&psc=1"><img src="https://m.media-amazon.com/images/I/51Pmn5gjyzL._SL500_.jpg" alt="Product Image"></a><p>Mr. Pen- Sketch Pencils for Drawing, 14 Pack, Drawing Pencils, Art Pencils, Graphite Pencils, Graphite Pencils for Drawing, Art Pencils for Drawing and Shading</p><p>$5.95</p><a href="https://www.amazon.com/dp/B08FHMRW4L?tag=eloabder-20&linkCode=osi&th=1&psc=1">View Product</a></div><div class="product"><a href="https://www.amazon.com/dp/B0BNQ58DC4?tag=eloabder-20&linkCode=osi&th=1&psc=1"><img src="https://m.media-amazon.com/images/I/51e-gQtCcCL._SL500_.jpg" alt="Product Image"></a><p>MARTCOLOR Drawing Sketching Pencils Set, 12 Pack Graphite Pencils(14B - 2H), Ideal for Drawing Art, Sketching, Shading, Artist Pencils for Beginners & Pro Artists</p><p>$5.99</p><a href="https://www.amazon.com/dp/B0BNQ58DC4?tag=eloabder-20&linkCode=osi&th=1&psc=1">View Product</a></div>

<div class="product"><a href="https://www.amazon.com/dp/B0851M3749?tag=eloabder-20&linkCode=osi&th=1&psc=1"><img src="https://m.media-amazon.com/images/I/41KKSGSDl5L._SL500_.jpg" alt="Product Image"></a><p>N NOROCME 12 PCS Blending Stumps and Tortillions Paper Art Blenders with Sandpaper Pencil Sharpener Pointer for Student Artist Charcoal Sketch Drawing Tools</p><p>$4.99</p><a href="https://www.amazon.com/dp/B0851M3749?tag=eloabder-20&linkCode=osi&th=1&psc=1">View Product</a></div><div class="product"><a href="https://www.amazon.com/dp/B09J3HKN8F?tag=eloabder-20&linkCode=osi&th=1&psc=1"><img src="https://m.media-amazon.com/images/I/51Qvx81eQLL._SL500_.jpg" alt="Product Image"></a><p>Eraser Pencils Set for Artists, Wooden Sketch Eraser Pen for Charcoal Drawings, Professional Highlight Painting Eraser for Sketching, Revise Erasing Details for Students Limner</p><p>$6.99</p><a href="https://www.amazon.com/dp/B09J3HKN8F?tag=eloabder-20&linkCode=osi&th=1&psc=1">View Product</a></div>
<div class="product"><a href="https://www.amazon.com/dp/B09WCQ89T8?tag=eloabder-20&linkCode=osi&th=1&psc=1"><img src="https://m.media-amazon.com/images/I/41gZz0qgBFL._SL500_.jpg" alt="Product Image"></a><p>Bernat BABY BLANKET BB Blue Dreams Yarn - 1 Pack of 10.5oz/300g - Polyester - #6 Super Bulky - 220 Yards - Knitting/Crochet</p><p>$6.97</p><a href="https://www.amazon.com/dp/B09WCQ89T8?tag=eloabder-20&linkCode=osi&th=1&psc=1">View Product</a></div><div class="product"><a href="https://www.amazon.com/dp/B07V5JVNFD?tag=eloabder-20&linkCode=osi&th=1&psc=1"><img src="https://m.media-amazon.com/images/I/41IS+HdtiOL._SL500_.jpg" alt="Product Image"></a><p>Lion Brand Yarn Basic Stitch Anti-Pilling Knitting Yarn, Yarn for Crocheting, 1-Pack, Baby Blue</p><p>$8.40 ($0.02 / Foot)</p><a href="https://www.amazon.com/dp/B07V5JVNFD?tag=eloabder-20&linkCode=osi&th=1&psc=1">View Product</a></div><div class="product"><a href="https://www.amazon.com/dp/B01M0AJID2?tag=eloabder-20&linkCode=osi&th=1&psc=1"><img src="https://m.media-amazon.com/images/I/41yVau0AUpL._SL500_.jpg" alt="Product Image"></a><p>Lion Brand Yarn (1 Skein) Lion Brand Yarn Babysoft Baby Yarn Yarn, Little Boy Blue Multicolor</p><p>$7.19 ($0.01 / Foot)</p><a href="https://www.amazon.com/dp/B01M0AJID2?tag=eloabder-20&linkCode=osi&th=1&psc=1">View Product</a></div><div class="product"><a href="https://www.amazon.com/dp/B09W1KHF42?tag=eloabder-20&linkCode=osi&th=1&psc=1"><img src="https://m.media-amazon.com/images/I/41maDlrio5L._SL500_.jpg" alt="Product Image"></a><p>Red Heart Super Saver Light Blue Yarn - 3 Pack of 198g/7oz - Acrylic - 4 Medium (Worsted) - 364 Yards - Knitting/Crochet</p><p>$13.29 ($4.43 / Count)</p><a href="https://www.amazon.com/dp/B09W1KHF42?tag=eloabder-20&linkCode=osi&th=1&psc=1">View Product</a></div><div class="product"><a href="https://www.amazon.com/dp/B08LKVZ3CX?tag=eloabder-20&linkCode=osi&th=1&psc=1"><img src="https://m.media-amazon.com/images/I/41GLizNx8UL._SL500_.jpg" alt="Product Image"></a><p>Bernat Baby Blanket Baby Blue Yarn - 3 Pack of 100g/3.5oz - Polyester - 6 Super Bulky - 72 Yards - Knitting/Crochet</p><p>$21.81</p><a href="https://www.amazon.com/dp/B08LKVZ3CX?tag=eloabder-20&linkCode=osi&th=1&psc=1">View Product</a></div><div class="product"><a href="https://www.amazon.com/dp/B0CHJ95WHJ?tag=eloabder-20&linkCode=osi&th=1&psc=1"><img src="https://m.media-amazon.com/images/I/314E1EQdihL._SL500_.jpg" alt="Product Image"></a><p>NORCIA Soft Velvet Yarn Chenille Yarn for Crocheting Baby Blanket Yarn for Knitting Amigurumi Yarn Fancy Yarn for Crochet Weaving Craft (Baby Blue, 1 Skein)</p><p>$9.99</p><a href="https://www.amazon.com/dp/B0CHJ95WHJ?tag=eloabder-20&linkCode=osi&th=1&psc=1">View Product</a></div>
<div class="product"><a href="https://www.amazon.com/dp/B0779F2TXJ?tag=eloabder-20&linkCode=osi&th=1&psc=1"><img src="https://m.media-amazon.com/images/I/31kqZr8DJzL._SL500_.jpg" alt="Product Image"></a><p>OPENDGO Feather Ballpoint Pen ，Black Ink Vintage Feather Quill Refined Plated Rod Quill Ballpoint Pen For School Writing ▏Wedding Gift Signature Pen (Black)</p><p>$6.97</p><a href="https://www.amazon.com/dp/B0779F2TXJ?tag=eloabder-20&linkCode=osi&th=1&psc=1">View Product</a></div><div class="product"><a href="https://www.amazon.com/dp/B0CQF3BJ3S?tag=eloabder-20&linkCode=osi&th=1&psc=1"><img src="https://m.media-amazon.com/images/I/41gs6AOiP6L._SL500_.jpg" alt="Product Image"></a><p>3 in 1 Retractable Ballpoint Pen with Light and Stylus, Nice Pens for Journaling Writing in The Dark - White/Red Light Tip- 0.7mm Black Ink</p><p>$12.99</p><a href="https://www.amazon.com/dp/B0CQF3BJ3S?tag=eloabder-20&linkCode=osi&th=1&psc=1">View Product</a></div><div class="product"><a href="https://www.amazon.com/dp/B08BBZ3B8G?tag=eloabder-20&linkCode=osi&th=1&psc=1"><img src="https://m.media-amazon.com/images/I/41cMHyw60wL._SL500_.jpg" alt="Product Image"></a><p>Mr. Pen- Pens, Black Pens, 12 Pack, Fast Dry, No Smear Pens, Bible Pens, Pens for Journaling, Pens No Bleed Through, Pens Fine Point, Journal Pens, Fine Tip, Planner Pens, Ball Point Journal Pens</p><p>$9.99</p><a href="https://www.amazon.com/dp/B08BBZ3B8G?tag=eloabder-20&linkCode=osi&th=1&psc=1">View Product</a></div><div class="product"><a href="https://www.amazon.com/dp/B0D4YWWGX6?tag=eloabder-20&linkCode=osi&th=1&psc=1"><img src="https://m.media-amazon.com/images/I/31xHBCCzJqL._SL500_.jpg" alt="Product Image"></a><p>PATIKIL 21cm/8" Feather Ballpoint Pen, 1Pcs Ink Vintage Quill Pen Refined Plated Dip Pen for Calligraphy Writing Signature Wedding Gift, Yellow</p><p>$7.49</p><a href="https://www.amazon.com/dp/B0D4YWWGX6?tag=eloabder-20&linkCode=osi&th=1&psc=1">View Product</a></div>

<div class="product"><a href="https://www.amazon.com/dp/B001TLDEVQ?tag=eloabder-20&linkCode=osi&th=1&psc=1"><img src="https://m.media-amazon.com/images/I/41jYF39F6lL._SL500_.jpg" alt="Product Image"></a><p>Beadalon SuppleMax Illusion Beading Cord, 0.40 mm / 0.016 in, Clear Monofilament, 50 m / 164 ft</p><p>$4.74</p><a href="https://www.amazon.com/dp/B001TLDEVQ?tag=eloabder-20&linkCode=osi&th=1&psc=1">View Product</a></div><div class="product"><a href="https://www.amazon.com/dp/B0D2HVFZ7Q?tag=eloabder-20&linkCode=osi&th=1&psc=1"><img src="https://m.media-amazon.com/images/I/41R66LMYz7L._SL500_.jpg" alt="Product Image"></a><p>Zxiixz 116Yards 0.5mm Bracelet String, Waxed String Cord for Bracelet Making, Beading Thread for Bracelet Beads, Friendship Bracelet String for Bracelet Making, Waxed Polyester Cord for Jewelry Making</p><p>$6.99</p><a href="https://www.amazon.com/dp/B0D2HVFZ7Q?tag=eloabder-20&linkCode=osi&th=1&psc=1">View Product</a></div><div class="product"><a href="https://www.amazon.com/dp/B07BNF8KH5?tag=eloabder-20&linkCode=osi&th=1&psc=1"><img src="https://m.media-amazon.com/images/I/51jVByheyVL._SL500_.jpg" alt="Product Image"></a><p>PH PandaHall 100 Yards 1mm Waxed Cotton Cord Thread Beading String for Bracelet Necklace Making Crafting Beading Macrame Vase Decor, Burlywood</p><p>$7.19 ($0.02 / Foot)</p><a href="https://www.amazon.com/dp/B07BNF8KH5?tag=eloabder-20&linkCode=osi&th=1&psc=1">View Product</a></div><div class="product"><a href="https://www.amazon.com/dp/B07HBPGXJG?tag=eloabder-20&linkCode=osi&th=1&psc=1"><img src="https://m.media-amazon.com/images/I/41xi8gO6kDL._SL500_.jpg" alt="Product Image"></a><p>Paxcoo 0.8mm Elastic String, Stretchy Bracelet String Crystal String Bead Cord for Bracelet, Beading and Jewelry Making (120m)</p><p>$6.99 ($0.02 / Foot)</p><a href="https://www.amazon.com/dp/B07HBPGXJG?tag=eloabder-20&linkCode=osi&th=1&psc=1">View Product</a></div><div class="product"><a href="https://www.amazon.com/dp/B0CNPST7D9?tag=eloabder-20&linkCode=osi&th=1&psc=1"><img src="https://m.media-amazon.com/images/I/41A9VISFC4L._SL500_.jpg" alt="Product Image"></a><p>Kblick Black Nylon String Cord - 1MM 100 Yards Black Twine, Bracelet String for Bracelet Making, Braided Ornament Lanyard Sting, Jewelry Thread Clay Bead String for Crafts, Macrame Satin Cord</p><p>$5.99 ($0.02 / Foot)</p><a href="https://www.amazon.com/dp/B0CNPST7D9?tag=eloabder-20&linkCode=osi&th=1&psc=1">View Product</a></div><div class="product"><a href="https://www.amazon.com/dp/B08GC3JF9X?tag=eloabder-20&linkCode=osi&th=1&psc=1"><img src="https://m.media-amazon.com/images/I/41FQZYhvQpL._SL500_.jpg" alt="Product Image"></a><p>Cheriswelry 100M 0.8mm Nylon Beading Cord Black Chinese Knotting Rattail Macrame Thread String Roll for Jewelry Making Kumihimo Wrapping Supplies DIY Crafts</p><p>$6.99 ($0.02 / Fl Oz)</p><a href="https://www.amazon.com/dp/B08GC3JF9X?tag=eloabder-20&linkCode=osi&th=1&psc=1">View Product</a></div><div class="product"><a href="https://www.amazon.com/dp/B0B3V9RWQC?tag=eloabder-20&linkCode=osi&th=1&psc=1"><img src="https://m.media-amazon.com/images/I/41F-OP+yCxL._SL500_.jpg" alt="Product Image"></a><p>Griffin Silk Bead Cord Perlseide – Black Color – Size 3 (0.50mm) – 2 Meters per Card – Stainless Steel Needle Attached – for Knotting Pearls, Gemstones, Crystals and Beads</p><p>$4.99 ($0.76 / Foot)</p><a href="https://www.amazon.com/dp/B0B3V9RWQC?tag=eloabder-20&linkCode=osi&th=1&psc=1">View Product</a></div><div class="product"><a href="https://www.amazon.com/dp/B08F49YVQP?tag=eloabder-20&linkCode=osi&th=1&psc=1"><img src="https://m.media-amazon.com/images/I/41yCMIpj0rS._SL500_.jpg" alt="Product Image"></a><p>1mm Stretchy Bracelet String, Sturdy Rainbow Elastic String Elastic Cord for Jewelry Making, Necklaces, Beading and Crafts</p><p>$6.99 ($0.04 / Foot)</p><a href="https://www.amazon.com/dp/B08F49YVQP?tag=eloabder-20&linkCode=osi&th=1&psc=1">View Product</a></div>

<div class="product"><a href="https://www.amazon.com/dp/B001GMUBJ6?tag=eloabder-20&linkCode=osi&th=1&psc=1"><img src="https://m.media-amazon.com/images/I/41V5qzn3H5L._SL500_.jpg" alt="Product Image"></a><p>The Beadsmith Fireline by Berkley – Micro-Fused Braided Thread – 6lb. Test, 006”/.15mm Diameter, 50 Yard Spool, Crystal Color – Super Strong Stringing Material for Jewelry Making and Bead Weaving</p><p>$12.59</p><a href="https://www.amazon.com/dp/B001GMUBJ6?tag=eloabder-20&linkCode=osi&th=1&psc=1">View Product</a></div><div class="product"><a href="https://www.amazon.com/dp/B001UAKK0Y?tag=eloabder-20&linkCode=osi&th=1&psc=1"><img src="https://m.media-amazon.com/images/I/41rY1D0wfuL._SL500_.jpg" alt="Product Image"></a><p>Beadalon Wildfire, 0.006 in, 0.15 mm, Break Strength 10 lb / 4.5 kg, Frost, 50 yd / 45 m</p><p>$8.85 ($0.06 / Foot)</p><a href="https://www.amazon.com/dp/B001UAKK0Y?tag=eloabder-20&linkCode=osi&th=1&psc=1">View Product</a></div><div class="product"><a href="https://www.amazon.com/dp/B095WY58F4?tag=eloabder-20&linkCode=osi&th=1&psc=1"><img src="https://m.media-amazon.com/images/I/41mXRfJqcjL._SL500_.jpg" alt="Product Image"></a><p>PH PandaHall 0.1mm Nylon Seed Bead Thread 100 Yards Black White Bracelet Cord Beading Thread Invisible Sewing Thread Nylon Braided Thread String for Leather Stitching Beading Jewelry Bracelets Making</p><p>$9.99 ($0.03 / Foot)</p><a href="https://www.amazon.com/dp/B095WY58F4?tag=eloabder-20&linkCode=osi&th=1&psc=1">View Product</a></div><div class="product"><a href="https://www.amazon.com/dp/B08RN2R2SZ?tag=eloabder-20&linkCode=osi&th=1&psc=1"><img src="https://m.media-amazon.com/images/I/41Tg2MMC++L._SL500_.jpg" alt="Product Image"></a><p>KO Nylon Beading Thread, White Color, Japanese Pre-Waxed 100% Nylon, 330TEX, Tangle Resistant Knotting Cords, 50m /55 yds Spool, Use for Seed Bead Projects, Loom Work & Bead Weaving</p><p>$7.06 ($0.04 / Foot)</p><a href="https://www.amazon.com/dp/B08RN2R2SZ?tag=eloabder-20&linkCode=osi&th=1&psc=1">View Product</a></div><div class="product"><a href="https://www.amazon.com/dp/B09J89ST79?tag=eloabder-20&linkCode=osi&th=1&psc=1"><img src="https://m.media-amazon.com/images/I/41hLuuOZeXL._SL500_.jpg" alt="Product Image"></a><p>2 Roll Polyester Thread, Heavy Duty Thread, 1500Yard/Reel 210D/3 nylon thread for sewing, Sewing Thread for Upholstery, Outdoor Market, Drapery, Leather, Beading, Crafts</p><p>$7.99 ($0.00 / Foot)</p><a href="https://www.amazon.com/dp/B09J89ST79?tag=eloabder-20&linkCode=osi&th=1&psc=1">View Product</a></div><div class="product"><a href="https://www.amazon.com/dp/B0C6MSY7QQ?tag=eloabder-20&linkCode=osi&th=1&psc=1"><img src="https://m.media-amazon.com/images/I/31Bn-MyA62L._SL500_.jpg" alt="Product Image"></a><p>PH PandaHall 0.1mm Nylon String 100 Yards Beading Thread White Nylon Seed Bead Thread Bracelet Beading Thread Sewing String for Leather Stitching Beading Jewelry Bracelets Making</p><p>$7.99 ($0.03 / Foot)</p><a href="https://www.amazon.com/dp/B0C6MSY7QQ?tag=eloabder-20&linkCode=osi&th=1&psc=1">View Product</a></div>

<div class="product"><a href="https://www.amazon.com/dp/B07NMNDT1W?tag=eloabder-20&linkCode=osi&th=1&psc=1"><img src="https://m.media-amazon.com/images/I/41-zwQIcVcL._SL500_.jpg" alt="Product Image"></a><p>Howemon White Beeswax Pellets 2LB 100% Pure and Natural Triple Filtered for Skin, Face, Body and Hair Care DIY Creams, Lotions, Lip Balm and Soap Making Supplies</p><p>$13.99 ($0.44 / Fl Oz)</p><a href="https://www.amazon.com/dp/B07NMNDT1W?tag=eloabder-20&linkCode=osi&th=1&psc=1">View Product</a></div><div class="product"><a href="https://www.amazon.com/dp/B00B3U0FW4?tag=eloabder-20&linkCode=osi&th=1&psc=1"><img src="https://m.media-amazon.com/images/I/51rWFCST+TL._SL500_.jpg" alt="Product Image"></a><p>Beesworks Yellow Beeswax Pellets (1 lb) | 100% Pure, Cosmetic Grade, Triple-Filtered Beeswax for DIY Skin care, Lip Balm, Lotion, and Candle Making</p><p>$13.99 ($0.87 / Ounce)</p><a href="https://www.amazon.com/dp/B00B3U0FW4?tag=eloabder-20&linkCode=osi&th=1&psc=1">View Product</a></div><div class="product"><a href="https://www.amazon.com/dp/B01LWX2IO1?tag=eloabder-20&linkCode=osi&th=1&psc=1"><img src="https://m.media-amazon.com/images/I/41MlNqhDyCL._SL500_.jpg" alt="Product Image"></a><p>Beesworks Yellow Beeswax Bars (6 oz) | 100% Pure, Cosmetic Grade, Triple-Filtered Beeswax for DIY Skin Care, Lip Balm, Lotion and Candle Making (1 oz Bars - Pack of 6)</p><p>$6.99</p><a href="https://www.amazon.com/dp/B01LWX2IO1?tag=eloabder-20&linkCode=osi&th=1&psc=1">View Product</a></div><div class="product"><a href="https://www.amazon.com/dp/B0BV77F19N?tag=eloabder-20&linkCode=osi&th=1&psc=1"><img src="https://m.media-amazon.com/images/I/41xzHaO1-EL._SL500_.jpg" alt="Product Image"></a><p>Beeswax Pellets 10LB Cosmetic Beeswax Triple Filtered Beeswax Pastilles for Candle Making Great for DIY Projects Creams Lotions Lip Balm and Soap Making Supplies(10LB)</p><p>$32.99</p><a href="https://www.amazon.com/dp/B0BV77F19N?tag=eloabder-20&linkCode=osi&th=1&psc=1">View Product</a></div><div class="product"><a href="https://www.amazon.com/dp/B0C9QSG3CY?tag=eloabder-20&linkCode=osi&th=1&psc=1"><img src="https://m.media-amazon.com/images/I/414XQcU6SRL._SL500_.jpg" alt="Product Image"></a><p>YASNAY White Beeswax Pellets 2LB, 100% Organic Beeswax, Beeswax for Candle Making, Body, Skin Care DIY, Lip Balm and Soap Making Supplies</p><p>$11.99</p><a href="https://www.amazon.com/dp/B0C9QSG3CY?tag=eloabder-20&linkCode=osi&th=1&psc=1">View Product</a></div><div class="product"><a href="https://www.amazon.com/dp/B097HTC4WN?tag=eloabder-20&linkCode=osi&th=1&psc=1"><img src="https://m.media-amazon.com/images/I/51pwMM7C6-L._SL500_.jpg" alt="Product Image"></a><p>Eco Lux 8 Yellow Beeswax Blocks 100% Pure Natural Organic Bees Wax 6.5oz</p><p>$8.49 ($1.35 / Ounce)</p><a href="https://www.amazon.com/dp/B097HTC4WN?tag=eloabder-20&linkCode=osi&th=1&psc=1">View Product</a></div><div class="product"><a href="https://www.amazon.com/dp/B00HDHQQCE?tag=eloabder-20&linkCode=osi&th=1&psc=1"><img src="https://m.media-amazon.com/images/I/41vF-7MwNhL._SL500_.jpg" alt="Product Image"></a><p>Murray's 100% Pure Beeswax 4 oz</p><p>$5.98 ($1.50 / Ounce)</p><a href="https://www.amazon.com/dp/B00HDHQQCE?tag=eloabder-20&linkCode=osi&th=1&psc=1">View Product</a></div><div class="product"><a href="https://www.amazon.com/dp/B09YM8JTLM?tag=eloabder-20&linkCode=osi&th=1&psc=1"><img src="https://m.media-amazon.com/images/I/41cjNuBnFEL._SL500_.jpg" alt="Product Image"></a><p>TRINIDa Beeswax Pellets 2LB(32 oz), 100% Organic Yellow Bees Wax for DIY Candles, Beeswax for Candle Making, Skin, Body, Face, and Hair Care, Lotions, DIY Creams, Lip Balm and Soap Making Supplies</p><p>$11.99</p><a href="https://www.amazon.com/dp/B09YM8JTLM?tag=eloabder-20&linkCode=osi&th=1&psc=1">View Product</a></div><div class="product"><a href="https://www.amazon.com/dp/B00F3CNMV4?tag=eloabder-20&linkCode=osi&th=1&psc=1"><img src="https://m.media-amazon.com/images/I/31pjrRAEa4L._SL500_.jpg" alt="Product Image"></a><p>Stakich Yellow Beeswax Block - Natural, Triple Filtered - 1 Pound, Honey Scent</p><p>$13.95 ($0.87 / Ounce)</p><a href="https://www.amazon.com/dp/B00F3CNMV4?tag=eloabder-20&linkCode=osi&th=1&psc=1">View Product</a></div><div class="product"><a href="https://www.amazon.com/dp/B0BXFZBZS9?tag=eloabder-20&linkCode=osi&th=1&psc=1"><img src="https://m.media-amazon.com/images/I/4178i9IB9KL._SL500_.jpg" alt="Product Image"></a><p>5LB Beeswax Pellets Beeswax for Candle Making Organic Beeswax Pellets for Skin Beeswax Beads Beeswax Bulk Beeswax for Lotion Making Organic for DIY and Craft Project</p><p>$22.99</p><a href="https://www.amazon.com/dp/B0BXFZBZS9?tag=eloabder-20&linkCode=osi&th=1&psc=1">View Product</a></div>
<div class="product"><a href="https://www.amazon.com/dp/B0052F1BVK?tag=eloabder-20&linkCode=osi&th=1&psc=1"><img src="https://m.media-amazon.com/images/I/41zE9eiGoLL._SL500_.jpg" alt="Product Image"></a><p>ACC Staples Large Binder Clips, 2" Width, 1" Capacity, Black, 12/Pk</p><p>$6.30</p><a href="https://www.amazon.com/dp/B0052F1BVK?tag=eloabder-20&linkCode=osi&th=1&psc=1">View Product</a></div><div class="product"><a href="https://www.amazon.com/dp/B07MLFR771?tag=eloabder-20&linkCode=osi&th=1&psc=1"><img src="https://m.media-amazon.com/images/I/51N2wxA7N0L._SL500_.jpg" alt="Product Image"></a><p>CooBigo 50 Pack Binder Ring, Metal Book Ring Paper Ring Holder 5/8-Inch Loose Leaf Binder Ring Clip for Index Card, Flash Card Ring, Card Calendar, Keychain Key Ring - Bronze</p><p>$6.99</p><a href="https://www.amazon.com/dp/B07MLFR771?tag=eloabder-20&linkCode=osi&th=1&psc=1">View Product</a></div><div class="product"><a href="https://www.amazon.com/dp/B01563NHGY?tag=eloabder-20&linkCode=osi&th=1&psc=1"><img src="https://m.media-amazon.com/images/I/41gj+0ZftqL._SL500_.jpg" alt="Product Image"></a><p>vanki Pack of 40 Cute Lovely Smiling Face Spring-Loaded File Organizer Paper Holder Metal Binder Clips, Assorted Color</p><p>$8.99</p><a href="https://www.amazon.com/dp/B01563NHGY?tag=eloabder-20&linkCode=osi&th=1&psc=1">View Product</a></div><div class="product"><a href="https://www.amazon.com/dp/B000GOUDSO?tag=eloabder-20&linkCode=osi&th=1&psc=1"><img src="https://m.media-amazon.com/images/I/41ZANISHgML._SL500_.jpg" alt="Product Image"></a><p>Small Binder Clips .75" 8/Pkg-Assorted Colors</p><p>$4.46</p><a href="https://www.amazon.com/dp/B000GOUDSO?tag=eloabder-20&linkCode=osi&th=1&psc=1">View Product</a></div>
<div class="product"><a href="https://www.amazon.com/dp/B07PRPX4VR?tag=eloabder-20&linkCode=osi&th=1&psc=1"><img src="https://m.media-amazon.com/images/I/41IMH12fdPL._SL500_.jpg" alt="Product Image"></a><p>Durable Sheet Lifters, Durable Easy Flow, 11" x 3", Lifts Sheets Over Rings and Protects Sheets from Tearing, Fit Standard 3-Ring Binders, Black (20 Pack)</p><p>$14.99</p><a href="https://www.amazon.com/dp/B07PRPX4VR?tag=eloabder-20&linkCode=osi&th=1&psc=1">View Product</a></div><div class="product"><a href="https://www.amazon.com/dp/B0CM8QJHFW?tag=eloabder-20&linkCode=osi&th=1&psc=1"><img src="https://m.media-amazon.com/images/I/31cJGS74oCL._SL500_.jpg" alt="Product Image"></a><p>Wantane D-Shaped Tape Storage Ring Tape Storage Ring 4" D-Shaped Washi Tape Storage Ring for DIY Decoration and Storage（Nickel）-2PCS</p><p>$7.99</p><a href="https://www.amazon.com/dp/B0CM8QJHFW?tag=eloabder-20&linkCode=osi&th=1&psc=1">View Product</a></div>
<div class="product"><a href="https://www.amazon.com/dp/B00006IAS3?tag=eloabder-20&linkCode=osi&th=1&psc=1"><img src="https://m.media-amazon.com/images/I/317DvSXhT1L._SL500_.jpg" alt="Product Image"></a><p>GBC Binding System, Manual, Desktop Binding Punch, 6 Sheet Punch Capacity, ProClick P50 (2515650)</p><p>$123.89</p><a href="https://www.amazon.com/dp/B00006IAS3?tag=eloabder-20&linkCode=osi&th=1&psc=1">View Product</a></div><div class="product"><a href="https://www.amazon.com/dp/B004BP81KQ?tag=eloabder-20&linkCode=osi&th=1&psc=1"><img src="https://m.media-amazon.com/images/I/51SqfeZ12KL._SL500_.jpg" alt="Product Image"></a><p>We R Memory Keepers Cinch Book Binding Wire (1-Inch, Silver (2 Pack))</p><p>$5.99</p><a href="https://www.amazon.com/dp/B004BP81KQ?tag=eloabder-20&linkCode=osi&th=1&psc=1">View Product</a></div>

<div class="product"><a href="https://www.amazon.com/dp/B0007ZJ8TM?tag=eloabder-20&linkCode=osi&th=1&psc=1"><img src="https://m.media-amazon.com/images/I/41i49sz3UAL._SL500_.jpg" alt="Product Image"></a><p>Speedball Super Black India Ink, 2-Ounce</p><p>$9.99 ($9.99 / Count)</p><a href="https://www.amazon.com/dp/B0007ZJ8TM?tag=eloabder-20&linkCode=osi&th=1&psc=1">View Product</a></div><div class="product"><a href="https://www.amazon.com/dp/B0026I10AI?tag=eloabder-20&linkCode=osi&th=1&psc=1"><img src="https://m.media-amazon.com/images/I/31vklP4uBsL._SL500_.jpg" alt="Product Image"></a><p>Dr. Ph. Martin's Bombay India (7BY) Ink Bottle, 1.0 oz, Black</p><p>$6.99</p><a href="https://www.amazon.com/dp/B0026I10AI?tag=eloabder-20&linkCode=osi&th=1&psc=1">View Product</a></div><div class="product"><a href="https://www.amazon.com/dp/B000KNP96C?tag=eloabder-20&linkCode=osi&th=1&psc=1"><img src="https://m.media-amazon.com/images/I/51e9srYtG0L._SL500_.jpg" alt="Product Image"></a><p>Winsor & Newton Drawing Ink, 14ml Bottle, Black Indian</p><p>$10.99</p><a href="https://www.amazon.com/dp/B000KNP96C?tag=eloabder-20&linkCode=osi&th=1&psc=1">View Product</a></div><div class="product"><a href="https://www.amazon.com/dp/B07BQG5QF4?tag=eloabder-20&linkCode=osi&th=1&psc=1"><img src="https://m.media-amazon.com/images/I/41nEMDYZaiL._SL500_.jpg" alt="Product Image"></a><p>Speedball Super Black India Ink, 16-Ounce</p><p>$19.99</p><a href="https://www.amazon.com/dp/B07BQG5QF4?tag=eloabder-20&linkCode=osi&th=1&psc=1">View Product</a></div><div class="product"><a href="https://www.amazon.com/dp/B001038NLY?tag=eloabder-20&linkCode=osi&th=1&psc=1"><img src="https://m.media-amazon.com/images/I/418i4sxJJ0L._SL500_.jpg" alt="Product Image"></a><p>Speedball Fabric Screen Printing Ink, 8-Ounce, Black for T-Shirt and Silkscreen Printmaking</p><p>$12.99 ($1.62 / Fl Oz)</p><a href="https://www.amazon.com/dp/B001038NLY?tag=eloabder-20&linkCode=osi&th=1&psc=1">View Product</a></div><div class="product"><a href="https://www.amazon.com/dp/B00161OPSA?tag=eloabder-20&linkCode=osi&th=1&psc=1"><img src="https://m.media-amazon.com/images/I/41C32y3CJAL._SL500_.jpg" alt="Product Image"></a><p>Tsukineko VersaFine inkpad, Full-Size, Onyx Black</p><p>$4.99 ($4.99 / Count)</p><a href="https://www.amazon.com/dp/B00161OPSA?tag=eloabder-20&linkCode=osi&th=1&psc=1">View Product</a></div>
<div class="product"><a href="https://www.amazon.com/dp/B07Q4TJCDJ?tag=eloabder-20&linkCode=osi&th=1&psc=1"><img src="https://m.media-amazon.com/images/I/315HYvYg-BL._SL500_.jpg" alt="Product Image"></a><p>Primbeeks 300pcs Blank Business Cards, Premium Blank White Cards, 3.5" x 2.2" Small Blank Cards, Blank Cardstock Cards, Small Note Cards, white blank cards, white business cards, kraft paper cards</p><p>$7.99</p><a href="https://www.amazon.com/dp/B07Q4TJCDJ?tag=eloabder-20&linkCode=osi&th=1&psc=1">View Product</a></div><div class="product"><a href="https://www.amazon.com/dp/B0CRGHFLT8?tag=eloabder-20&linkCode=osi&th=1&psc=1"><img src="https://m.media-amazon.com/images/I/41S1NLpb8hL._SL500_.jpg" alt="Product Image"></a><p>Watercolor Cards and Envelopes Set - 50 Folded 5x7 Inch Blank Heavyweight Paper Cards (140lb/300gsm) with Matching Envelopes for DIY Greeting Cards, Festivals, and Events</p><p>$17.99 ($0.36 / Count)</p><a href="https://www.amazon.com/dp/B0CRGHFLT8?tag=eloabder-20&linkCode=osi&th=1&psc=1">View Product</a></div><div class="product"><a href="https://www.amazon.com/dp/B08MX4TZ3H?tag=eloabder-20&linkCode=osi&th=1&psc=1"><img src="https://m.media-amazon.com/images/I/41D2u4vdLQL._SL500_.jpg" alt="Product Image"></a><p>50 Pack Blank Kraft Cards Cardstock Thick Paper Brown Greeting Cards for DIY Gift Card Menus, Baby Shower and Wedding Invitations (Multicolored, 5x7IN)</p><p>$8.99</p><a href="https://www.amazon.com/dp/B08MX4TZ3H?tag=eloabder-20&linkCode=osi&th=1&psc=1">View Product</a></div><div class="product"><a href="https://www.amazon.com/dp/B08BDGGVMK?tag=eloabder-20&linkCode=osi&th=1&psc=1"><img src="https://m.media-amazon.com/images/I/41W-dTUoBqL._SL500_.jpg" alt="Product Image"></a><p>100pcs 3.54"x2" Blank Kraft Paper Business Card, Words Message Notes paper Tags, Mini Craft Cardboard Festival gifts - 6 colors</p><p>$5.98</p><a href="https://www.amazon.com/dp/B08BDGGVMK?tag=eloabder-20&linkCode=osi&th=1&psc=1">View Product</a></div><div class="product"><a href="https://www.amazon.com/dp/B08BFDJJ78?tag=eloabder-20&linkCode=osi&th=1&psc=1"><img src="https://m.media-amazon.com/images/I/61LZ1Csb+dL._SL500_.jpg" alt="Product Image"></a><p>Nettbe 100pcs 3.54"x2" Blank Kraft Paper Business Card, Words Message Notes paper Tags, Mini Craft Cardboard Festival gifts</p><p>$5.99</p><a href="https://www.amazon.com/dp/B08BFDJJ78?tag=eloabder-20&linkCode=osi&th=1&psc=1">View Product</a></div><div class="product"><a href="https://www.amazon.com/dp/B07Q8YBJM3?tag=eloabder-20&linkCode=osi&th=1&psc=1"><img src="https://m.media-amazon.com/images/I/31w6U4cCqEL._SL500_.jpg" alt="Product Image"></a><p>Primbeeks 228pcs Blank Business Cards, Premium Blank White Cards, 3.5" x 2.2" Small Blank Cards, Blank Cardstock Cards, Small Note Cards, white blank cards, white business cards, kraft paper cards</p><p>$5.99</p><a href="https://www.amazon.com/dp/B07Q8YBJM3?tag=eloabder-20&linkCode=osi&th=1&psc=1">View Product</a></div><div class="product"><a href="https://www.amazon.com/dp/B08X4Z9TGN?tag=eloabder-20&linkCode=osi&th=1&psc=1"><img src="https://m.media-amazon.com/images/I/41Jqhe35tDL._SL500_.jpg" alt="Product Image"></a><p>321Done Blank Rustic Cards, Made in USA - 4x6 Thick, Heavy Cardstock - Make Invites, Greeting, Note, Thank You Cards - Plain Kraft for Writing, Stamping, Printing, Art - No Envelopes - Set of 50</p><p>$14.99</p><a href="https://www.amazon.com/dp/B08X4Z9TGN?tag=eloabder-20&linkCode=osi&th=1&psc=1">View Product</a></div><div class="product"><a href="https://www.amazon.com/dp/B0D2KDWBNM?tag=eloabder-20&linkCode=osi&th=1&psc=1"><img src="https://m.media-amazon.com/images/I/31dAhnBJ7aL._SL500_.jpg" alt="Product Image"></a><p>4x6 Blank White Cardstock (Set of 100) - Card Stock for Printer Postcards, Photo Paper Invitations, Greeting, Note, Thank You, DIY Making, Index Cards - Plain for Writing, Stamping, Printing, Art</p><p>$8.99</p><a href="https://www.amazon.com/dp/B0D2KDWBNM?tag=eloabder-20&linkCode=osi&th=1&psc=1">View Product</a></div><div class="product"><a href="https://www.amazon.com/dp/B0BB858RYN?tag=eloabder-20&linkCode=osi&th=1&psc=1"><img src="https://m.media-amazon.com/images/I/317zmriPKNL._SL500_.jpg" alt="Product Image"></a><p>WANDERINGS Handmade White Deckle Edge Blank Greeting Cards- Folded to 5x7” - Pack of 25 - Writers, Artists, Crafters - Thank Yous, Invitations, Menus, Greeting Cards, Notes - Thick 150 GSM</p><p>$21.99 ($0.88 / Count)</p><a href="https://www.amazon.com/dp/B0BB858RYN?tag=eloabder-20&linkCode=osi&th=1&psc=1">View Product</a></div><div class="product"><a href="https://www.amazon.com/dp/B0BZPPXRZW?tag=eloabder-20&linkCode=osi&th=1&psc=1"><img src="https://m.media-amazon.com/images/I/21Da-WQhrpL._SL500_.jpg" alt="Product Image"></a><p>100 Pack Thick Paper Cardstock Blank Heavy Cards Stock for Invitations, Greeting Cards Making, Postcards, Photos, 250GSM Thick Paper (White, 2x3.5 inches)</p><p>$5.99</p><a href="https://www.amazon.com/dp/B0BZPPXRZW?tag=eloabder-20&linkCode=osi&th=1&psc=1">View Product</a></div>
<div class="product"><a href="https://www.amazon.com/dp/B0BZRDQKH6?tag=eloabder-20&linkCode=osi&th=1&psc=1"><img src="https://m.media-amazon.com/images/I/41GYYRiusgL._SL500_.jpg" alt="Product Image"></a><p>feela 8 Pack Unlined Kraft Paper Notebooks, Blank Journal Note Pad for Drawing Writing, Small Sketchbook Travel Journal Bulk for Women Kids Students Office School Supplies, A5, 60 Pages, 8.3” X 5.5”</p><p>$9.99</p><a href="https://www.amazon.com/dp/B0BZRDQKH6?tag=eloabder-20&linkCode=osi&th=1&psc=1">View Product</a></div><div class="product"><a href="https://www.amazon.com/dp/B0BXLB74KK?tag=eloabder-20&linkCode=osi&th=1&psc=1"><img src="https://m.media-amazon.com/images/I/313vYzg7HpL._SL500_.jpg" alt="Product Image"></a><p>ZZTX 4 Pack Blank Kraft Notebooks, Blank Paper Sketchbooks for Drawing Doodling Writing,Travel Journal Set, A5, 36 Pages, 8.3” X 5.5”</p><p>$5.99</p><a href="https://www.amazon.com/dp/B0BXLB74KK?tag=eloabder-20&linkCode=osi&th=1&psc=1">View Product</a></div><div class="product"><a href="https://www.amazon.com/dp/B0BW5TNPXJ?tag=eloabder-20&linkCode=osi&th=1&psc=1"><img src="https://m.media-amazon.com/images/I/31Wu8UP78iL._SL500_.jpg" alt="Product Image"></a><p>EOOUT Kraft Notebooks, Blank Page Journals in Bulk, 16pcs A5, 8.3 X 5.5 Inches, 60 Pages, 80gsm, Travel Journal Set, for Art Camp, Travelers, Students and Office Supplies Sketchbooks Bulk for Kids</p><p>$15.99</p><a href="https://www.amazon.com/dp/B0BW5TNPXJ?tag=eloabder-20&linkCode=osi&th=1&psc=1">View Product</a></div><div class="product"><a href="https://www.amazon.com/dp/B08P3F46SD?tag=eloabder-20&linkCode=osi&th=1&psc=1"><img src="https://m.media-amazon.com/images/I/41jeBDcZJ1L._SL500_.jpg" alt="Product Image"></a><p>Krafty Soft Cover Blank Notebook Journal, Spiral Sketchbook Pad, Drawing Book, 60 Sheets/140gsm (A4)/120 Pages</p><p>$7.99</p><a href="https://www.amazon.com/dp/B08P3F46SD?tag=eloabder-20&linkCode=osi&th=1&psc=1">View Product</a></div><div class="product"><a href="https://www.amazon.com/dp/B0CWNPMC4T?tag=eloabder-20&linkCode=osi&th=1&psc=1"><img src="https://m.media-amazon.com/images/I/31BZeVGe6TL._SL500_.jpg" alt="Product Image"></a><p>zmybcpack 5 Pack Blank Journal Notebooks, Blank Paper Sketchbook for Drawing Writing, Travel Journal Notebook Kraft Paper Notebook for Travelers, Students, Office, A5, 8.26” x 5.5”, 60 Pages/30 Sheets</p><p>$8.99</p><a href="https://www.amazon.com/dp/B0CWNPMC4T?tag=eloabder-20&linkCode=osi&th=1&psc=1">View Product</a></div><div class="product"><a href="https://www.amazon.com/dp/B07WHYP9WN?tag=eloabder-20&linkCode=osi&th=1&psc=1"><img src="https://m.media-amazon.com/images/I/41ZhyCux1yL._SL500_.jpg" alt="Product Image"></a><p>Thick Blank Journal Notebook with Unlined / Unruled / Plain Pages | Deluxe 120gsm Ink Resistant Paper for Writing, Sketch Book, 160 Pages | Hardcover Sketchbook with Pen Holder, Pocket, Ribbon (Black)</p><p>$14.99</p><a href="https://www.amazon.com/dp/B07WHYP9WN?tag=eloabder-20&linkCode=osi&th=1&psc=1">View Product</a></div>
<div class="product"><a href="https://www.amazon.com/dp/B07MT7HKZW?tag=eloabder-20&linkCode=osi&th=1&psc=1"><img src="https://m.media-amazon.com/images/I/413JwH5JREL._SL500_.jpg" alt="Product Image"></a><p>Spiral Sketch Book Large Notebook（Built-in Drawing Board） Kraft Cover Blank Sketch Pad Wirebound Sketching for Drawing Painting 8.5x11-Inch (2 Pack) 200 Sheets, 100 Sheets, 200Pages Each</p><p>$17.99 ($9.00 / Count)</p><a href="https://www.amazon.com/dp/B07MT7HKZW?tag=eloabder-20&linkCode=osi&th=1&psc=1">View Product</a></div><div class="product"><a href="https://www.amazon.com/dp/B0BDQ82WB9?tag=eloabder-20&linkCode=osi&th=1&psc=1"><img src="https://m.media-amazon.com/images/I/51FoWr3GPwL._SL500_.jpg" alt="Product Image"></a><p>feela 170 Pack Blank Kraft Notebooks, Unlined Sketchbook Mini Cute Note Pad for Drawing Writing, Journal Bulk For Kids Students Office School Supplies, A6, 48 Pages, 4.25” X 5.5”, Black and Brown</p><p>$51.99</p><a href="https://www.amazon.com/dp/B0BDQ82WB9?tag=eloabder-20&linkCode=osi&th=1&psc=1">View Product</a></div><div class="product"><a href="https://www.amazon.com/dp/B0B3WWHWT2?tag=eloabder-20&linkCode=osi&th=1&psc=1"><img src="https://m.media-amazon.com/images/I/31m0FzXtPxL._SL500_.jpg" alt="Product Image"></a><p>Tamaki 6 Pack Colorful Blank Books for kids to Write, Drawing, Cute Sketchbook for Kid, 6 Colors (4.25 x 5.5 Inches)</p><p>$6.99</p><a href="https://www.amazon.com/dp/B0B3WWHWT2?tag=eloabder-20&linkCode=osi&th=1&psc=1">View Product</a></div>
<div class="product"><a href="https://www.amazon.com/dp/B0BGH2P9M6?tag=eloabder-20&linkCode=osi&th=1&psc=1"><img src="https://m.media-amazon.com/images/I/41ozOaYoHEL._SL500_.jpg" alt="Product Image"></a><p>EOOUT 100pcs A5 Kraft Notebooks, Blank Page Journals in Bulk, Sketchbooks Bulk for Kids, 60 Pages, 80GSM, 8.3 X 5.5 Inch, Travel Journal Set, for Art Camp, Travelers, Students and Office Supplies</p><p>$51.99</p><a href="https://www.amazon.com/dp/B0BGH2P9M6?tag=eloabder-20&linkCode=osi&th=1&psc=1">View Product</a></div><div class="product"><a href="https://www.amazon.com/dp/B07MT99F94?tag=eloabder-20&linkCode=osi&th=1&psc=1"><img src="https://m.media-amazon.com/images/I/41Ug7gpSWDL._SL500_.jpg" alt="Product Image"></a><p>Spiral Sketch Book Large Notebook（Built-in Drawing Board） Kraft Cover Blank Sketch Pad Wirebound Sketching for Drawing Painting 8.5x11-Inch (1 Pack) 200 Pages, 100 Sheets</p><p>$9.99</p><a href="https://www.amazon.com/dp/B07MT99F94?tag=eloabder-20&linkCode=osi&th=1&psc=1">View Product</a></div><div class="product"><a href="https://www.amazon.com/dp/B07CM32KLM?tag=eloabder-20&linkCode=osi&th=1&psc=1"><img src="https://m.media-amazon.com/images/I/41ENhBLE9DL._SL500_.jpg" alt="Product Image"></a><p>Kraft Cover Drawing Notebook & Sketchbook – Set of 2 Blank Plain Sketch Books – 125g Thick Paper A5 Size, 150x210mm Paper Ideal for Drawing & Sketching- 128 sheets/256 pages – 180 Degree Opening, 2pcs</p><p>$20.99 ($0.08 / Count)</p><a href="https://www.amazon.com/dp/B07CM32KLM?tag=eloabder-20&linkCode=osi&th=1&psc=1">View Product</a></div><div class="product"><a href="https://www.amazon.com/dp/B08ZLMLF7C?tag=eloabder-20&linkCode=osi&th=1&psc=1"><img src="https://m.media-amazon.com/images/I/41X-5yj83vL._SL500_.jpg" alt="Product Image"></a><p>BEECHMORE BOOKS Sketch Book, A4 8.5 x 11.5 inch Blank Sketchbook for Drawing, Paint and Draw, 156 Pages Thick Paper 160gsm, Hardcover Leather Art Notebook, Boxed for Gifts (Chestnut Brown)</p><p>$21.20</p><a href="https://www.amazon.com/dp/B08ZLMLF7C?tag=eloabder-20&linkCode=osi&th=1&psc=1">View Product</a></div>
<div class="product"><a href="https://www.amazon.com/dp/B075M9MSFH?tag=eloabder-20&linkCode=osi&th=1&psc=1"><img src="https://m.media-amazon.com/images/I/51x+szTX6TL._SL500_.jpg" alt="Product Image"></a><p>Bianyo Bleedproof Marker Paper Pad, A4(8.27"X11.69"), 50 Sheets, 18 LB / 70 GSM, Glue-Bound, 100% Cotton, White, Ideal for Use with Markers and Ink Mediums</p><p>$9.99</p><a href="https://www.amazon.com/dp/B075M9MSFH?tag=eloabder-20&linkCode=osi&th=1&psc=1">View Product</a></div><div class="product"><a href="https://www.amazon.com/dp/B08FX5S2NL?tag=eloabder-20&linkCode=osi&th=1&psc=1"><img src="https://m.media-amazon.com/images/I/41CA0ZfazKL._SL500_.jpg" alt="Product Image"></a><p>Marker Paper Sketchbook, Bleedproof Art Marker Pad, (8.27 X 11.69) Inch, White, 40 Sheets</p><p>$6.99</p><a href="https://www.amazon.com/dp/B08FX5S2NL?tag=eloabder-20&linkCode=osi&th=1&psc=1">View Product</a></div><div class="product"><a href="https://www.amazon.com/dp/B0CJRBFSJ8?tag=eloabder-20&linkCode=osi&th=1&psc=1"><img src="https://m.media-amazon.com/images/I/51DLA8TpwEL._SL500_.jpg" alt="Product Image"></a><p>Shuttle Art Marker Pad, 8.3”x8.9” Portable Square Sketchbook, 80 Sheets Marker Drawing Paper, 120LB/200GSM Bleedproof Art Paper, Spiral-Bound, Great for Professional Artist to Draw, Paint & Sketch</p><p>$16.99</p><a href="https://www.amazon.com/dp/B0CJRBFSJ8?tag=eloabder-20&linkCode=osi&th=1&psc=1">View Product</a></div><div class="product"><a href="https://www.amazon.com/dp/B09N7VX5Z5?tag=eloabder-20&linkCode=osi&th=1&psc=1"><img src="https://m.media-amazon.com/images/I/51xCPs9HZyL._SL500_.jpg" alt="Product Image"></a><p>Marker Paper Sketchbook - Marker Sketchbook with Bleedproof Smooth Coated Art Paper, 120 GSM 80 LBS - Marker Pad for Alcohol Markers, Sketching, Drawing - 8.11 x 8.5 Inch | 50 Sheets, 2 Pack</p><p>$15.99 ($8.00 / Count)</p><a href="https://www.amazon.com/dp/B09N7VX5Z5?tag=eloabder-20&linkCode=osi&th=1&psc=1">View Product</a></div><div class="product"><a href="https://www.amazon.com/dp/B07CK94W9T?tag=eloabder-20&linkCode=osi&th=1&psc=1"><img src="https://m.media-amazon.com/images/I/41ocoSNDjdL._SL500_.jpg" alt="Product Image"></a><p>BOXUN Premium 50 Sheets Sketch Marker Paper Pad, Bleedproof Artist Drawing Paper, 8.27 x 11.69 Inch</p><p>$8.29 ($0.17 / Count)</p><a href="https://www.amazon.com/dp/B07CK94W9T?tag=eloabder-20&linkCode=osi&th=1&psc=1">View Product</a></div><div class="product"><a href="https://www.amazon.com/dp/B0CPXWD11W?tag=eloabder-20&linkCode=osi&th=1&psc=1"><img src="https://m.media-amazon.com/images/I/51ApKzpDVNL._SL500_.jpg" alt="Product Image"></a><p>FEITAKE Marker Paper Pad Sketchbook Bleedproof for Alcohol Markers 120lb/200gsm Double Sided Thick Art Drawing Papers 60pages (30Sheets) / A4(8.3"x11.7") Gift for Artists Students Kids</p><p>$13.99 ($0.47 / Count)</p><a href="https://www.amazon.com/dp/B0CPXWD11W?tag=eloabder-20&linkCode=osi&th=1&psc=1">View Product</a></div><div class="product"><a href="https://www.amazon.com/dp/B0025TWYW6?tag=eloabder-20&linkCode=osi&th=1&psc=1"><img src="https://m.media-amazon.com/images/I/51t6UkUHCvL._SL500_.jpg" alt="Product Image"></a><p>Bee Paper Bleedproof Marker Pack, 8-1/2-Inch by 11-Inch, 50 Sheets per Pack</p><p>$17.09 ($0.34 / Count)</p><a href="https://www.amazon.com/dp/B0025TWYW6?tag=eloabder-20&linkCode=osi&th=1&psc=1">View Product</a></div><div class="product"><a href="https://www.amazon.com/dp/B0CJRBYYQB?tag=eloabder-20&linkCode=osi&th=1&psc=1"><img src="https://m.media-amazon.com/images/I/41knBnjZ25L._SL500_.jpg" alt="Product Image"></a><p>Shuttle Art Marker Pad, 8.3”x7.67” Portable Square Sketchbook, 50 Sheets Marker Drawing Paper, 60LB/90GSM Smooth Surface Bleedproof Art Paper, Glue-Bound, Great for Beginners to Draw, Paint & Sketch</p><p>$8.99 ($0.18 / Count)</p><a href="https://www.amazon.com/dp/B0CJRBYYQB?tag=eloabder-20&linkCode=osi&th=1&psc=1">View Product</a></div>
<div class="product"><a href="https://www.amazon.com/dp/B00881IU8M?tag=eloabder-20&linkCode=osi&th=1&psc=1"><img src="https://m.media-amazon.com/images/I/41hbSgdLBtL._SL500_.jpg" alt="Product Image"></a><p>Speedball Fabric & Paper Block Printing Ink 6-Color Set, 1.25-Ounce x 6</p><p>$28.99 ($28.99 / Count)</p><a href="https://www.amazon.com/dp/B00881IU8M?tag=eloabder-20&linkCode=osi&th=1&psc=1">View Product</a></div><div class="product"><a href="https://www.amazon.com/dp/B000J09PFM?tag=eloabder-20&linkCode=osi&th=1&psc=1"><img src="https://m.media-amazon.com/images/I/51yPRc4nvoL._SL500_.jpg" alt="Product Image"></a><p>Speedball Water-Soluble Block Printing Ink Starter Set, 6 Bold Colors with Satin Finish, 1.25-Ounce Tubes</p><p>$29.99 ($4.00 / Fl Oz)</p><a href="https://www.amazon.com/dp/B000J09PFM?tag=eloabder-20&linkCode=osi&th=1&psc=1">View Product</a></div><div class="product"><a href="https://www.amazon.com/dp/B000BYT24U?tag=eloabder-20&linkCode=osi&th=1&psc=1"><img src="https://m.media-amazon.com/images/I/51pDlo+LlKL._SL500_.jpg" alt="Product Image"></a><p>Speedball Water-Soluble Block Printing Ink, 8-Ounce Jar, Black</p><p>$14.49</p><a href="https://www.amazon.com/dp/B000BYT24U?tag=eloabder-20&linkCode=osi&th=1&psc=1">View Product</a></div><div class="product"><a href="https://www.amazon.com/dp/B00C1JUJWW?tag=eloabder-20&linkCode=osi&th=1&psc=1"><img src="https://m.media-amazon.com/images/I/41zDtJ6f5hL._SL500_.jpg" alt="Product Image"></a><p>Speedball Fabric Block Printing Ink, 2.5-Ounce, Black</p><p>$9.99 ($4.00 / Fl Oz)</p><a href="https://www.amazon.com/dp/B00C1JUJWW?tag=eloabder-20&linkCode=osi&th=1&psc=1">View Product</a></div><div class="product"><a href="https://www.amazon.com/dp/B004PZ1ZJG?tag=eloabder-20&linkCode=osi&th=1&psc=1"><img src="https://m.media-amazon.com/images/I/41+GkhhpR5L._SL500_.jpg" alt="Product Image"></a><p>Speedball Water-Soluble Block Printing Ink Starter Set, 4-Color Set, 1.25-Ounce Tubes</p><p>$20.99</p><a href="https://www.amazon.com/dp/B004PZ1ZJG?tag=eloabder-20&linkCode=osi&th=1&psc=1">View Product</a></div><div class="product"><a href="https://www.amazon.com/dp/B0017CZF3C?tag=eloabder-20&linkCode=osi&th=1&psc=1"><img src="https://m.media-amazon.com/images/I/41S17SYPAZL._SL500_.jpg" alt="Product Image"></a><p>Speedball Water Soluble Block Printing Ink, Black, 2-1/2 Ounces - 380663</p><p>$9.99</p><a href="https://www.amazon.com/dp/B0017CZF3C?tag=eloabder-20&linkCode=osi&th=1&psc=1">View Product</a></div><div class="product"><a href="https://www.amazon.com/dp/B0BXNX8FSH?tag=eloabder-20&linkCode=osi&th=1&psc=1"><img src="https://m.media-amazon.com/images/I/51JGm1VxVOL._SL500_.jpg" alt="Product Image"></a><p>Falling in Art Water-Soluble Block Printing Ink, 6-Color Printmaking Ink Set for Linoleum Block, 3.5 floz</p><p>$28.99</p><a href="https://www.amazon.com/dp/B0BXNX8FSH?tag=eloabder-20&linkCode=osi&th=1&psc=1">View Product</a></div><div class="product"><a href="https://www.amazon.com/dp/B0027ACJBO?tag=eloabder-20&linkCode=osi&th=1&psc=1"><img src="https://m.media-amazon.com/images/I/41OzayB9ojL._SL500_.jpg" alt="Product Image"></a><p>Speedball 3476 Oil-Based Block Printing Ink Starter Set for Professional, Permanent Prints AP Certified – 1.25 FL OZ Tubes</p><p>$33.99</p><a href="https://www.amazon.com/dp/B0027ACJBO?tag=eloabder-20&linkCode=osi&th=1&psc=1">View Product</a></div>
<div class="product"><a href="https://www.amazon.com/dp/B0027AGDWK?tag=eloabder-20&linkCode=osi&th=1&psc=1"><img src="https://m.media-amazon.com/images/I/515LDer6GPL._SL500_.jpg" alt="Product Image"></a><p>Speedball Deluxe Block Printing Kit - Includes Inks, Brayer, Bench Hook, Lino Handle and Cutters, Speedy-Carve Block, Mounted Linoleum Block</p><p>$59.99</p><a href="https://www.amazon.com/dp/B0027AGDWK?tag=eloabder-20&linkCode=osi&th=1&psc=1">View Product</a></div><div class="product"><a href="https://www.amazon.com/dp/B07ZJBZN5S?tag=eloabder-20&linkCode=osi&th=1&psc=1"><img src="https://m.media-amazon.com/images/I/41UbN58y9uS._SL500_.jpg" alt="Product Image"></a><p>SGHUO 12pcs 4"x6" Pink Rubber Carving Blocks Linoleum Block Stamp Making Kit</p><p>$22.99 ($1.92 / Count)</p><a href="https://www.amazon.com/dp/B07ZJBZN5S?tag=eloabder-20&linkCode=osi&th=1&psc=1">View Product</a></div>
<div class="product"><a href="https://www.amazon.com/dp/B00L2DYUM8?tag=eloabder-20&linkCode=osi&th=1&psc=1"><img src="https://m.media-amazon.com/images/I/51l5FZ0+5AL._SL500_.jpg" alt="Product Image"></a><p>Strathmore 300 Series Printmaking Paper Pad, Glue Bound, 5x7 inches, 40 Sheets (120g) - Artist Paper for Adults and Students - Block Printing, Linocut, Screen Printing, White</p><p>$7.26</p><a href="https://www.amazon.com/dp/B00L2DYUM8?tag=eloabder-20&linkCode=osi&th=1&psc=1">View Product</a></div><div class="product"><a href="https://www.amazon.com/dp/B07BSYS5XC?tag=eloabder-20&linkCode=osi&th=1&psc=1"><img src="https://m.media-amazon.com/images/I/51Uwfq0jv+L._SL500_.jpg" alt="Product Image"></a><p>Ucreate Printmaking Paper, 9"x12", White, 100 Sheet, P9001</p><p>$9.79</p><a href="https://www.amazon.com/dp/B07BSYS5XC?tag=eloabder-20&linkCode=osi&th=1&psc=1">View Product</a></div><div class="product"><a href="https://www.amazon.com/dp/B00K5562WA?tag=eloabder-20&linkCode=osi&th=1&psc=1"><img src="https://m.media-amazon.com/images/I/51Dm+TeJGdL._SL500_.jpg" alt="Product Image"></a><p>Strathmore Printmaking Paper Pad 8"X10"-20 Sheets -62433800, White</p><p>$10.19</p><a href="https://www.amazon.com/dp/B00K5562WA?tag=eloabder-20&linkCode=osi&th=1&psc=1">View Product</a></div><div class="product"><a href="https://www.amazon.com/dp/B001DNH8I0?tag=eloabder-20&linkCode=osi&th=1&psc=1"><img src="https://m.media-amazon.com/images/I/51UzoKdUojL._SL500_.jpg" alt="Product Image"></a><p>Black Ink 9-Inch by 12-Inch Bleached Mulberry Block Printing Paper, 25-Pack</p><p>$19.35 ($0.77 / Count)</p><a href="https://www.amazon.com/dp/B001DNH8I0?tag=eloabder-20&linkCode=osi&th=1&psc=1">View Product</a></div><div class="product"><a href="https://www.amazon.com/dp/B00C6G6L5Y?tag=eloabder-20&linkCode=osi&th=1&psc=1"><img src="https://m.media-amazon.com/images/I/5103h0Rm8sL._SL500_.jpg" alt="Product Image"></a><p>Black Ink Thai Mulberry Block Printing Paper Packs small assorted colors</p><p>$21.99</p><a href="https://www.amazon.com/dp/B00C6G6L5Y?tag=eloabder-20&linkCode=osi&th=1&psc=1">View Product</a></div>
<div class="product"><a href="https://www.amazon.com/dp/B003IG27OK?tag=eloabder-20&linkCode=osi&th=1&psc=1"><img src="https://m.media-amazon.com/images/I/416NUaYo1DL._SL500_.jpg" alt="Product Image"></a><p>Speedball Block Printing Baren - Comfortable Wooden Handle, Made in the USA - 4 Inches</p><p>$29.49</p><a href="https://www.amazon.com/dp/B003IG27OK?tag=eloabder-20&linkCode=osi&th=1&psc=1">View Product</a></div>
<div class="product"><a href="https://www.amazon.com/dp/B0CMZYY8CJ?tag=eloabder-20&linkCode=osi&th=1&psc=1"><img src="https://m.media-amazon.com/images/I/41TifSIP7SL._SL500_.jpg" alt="Product Image"></a><p>Ecoofor Blotting Paper for Flower Press, 20 Sheets Highly Absorbent and Reusable Blotter Paper for Flower Press Paper Craft 9 x 9 inch</p><p>$9.99</p><a href="https://www.amazon.com/dp/B0CMZYY8CJ?tag=eloabder-20&linkCode=osi&th=1&psc=1">View Product</a></div><div class="product"><a href="https://www.amazon.com/dp/B0CYRT3RM4?tag=eloabder-20&linkCode=osi&th=1&psc=1"><img src="https://m.media-amazon.com/images/I/31+qvVq3giL._SL500_.jpg" alt="Product Image"></a><p>Hygge & Sage Premium Natural Fiber Blotting Paper for Flower Press Art; 20 Large Sheets for a Press up to 8x11 Inches; Absorbent, Versatile, and Acid-Free Reusable Blotter Paper for Flower Pressing</p><p>$9.50 ($0.48 / Count)</p><a href="https://www.amazon.com/dp/B0CYRT3RM4?tag=eloabder-20&linkCode=osi&th=1&psc=1">View Product</a></div><div class="product"><a href="https://www.amazon.com/dp/B0D41GDLHM?tag=eloabder-20&linkCode=osi&th=1&psc=1"><img src="https://m.media-amazon.com/images/I/41LIF5dHXaL._SL500_.jpg" alt="Product Image"></a><p>Aboofx 20 Sheets Blotting Paper for Flower Press, 15" x 10" Extra Large Highly Absorbent Blotter Paper for Flower Press Reusable Herbarium Paper Craft Blotter Paper Sheets</p><p>$19.99</p><a href="https://www.amazon.com/dp/B0D41GDLHM?tag=eloabder-20&linkCode=osi&th=1&psc=1">View Product</a></div><div class="product"><a href="https://www.amazon.com/dp/B0CQMMYSBR?tag=eloabder-20&linkCode=osi&th=1&psc=1"><img src="https://m.media-amazon.com/images/I/413SlUi6IDL._SL500_.jpg" alt="Product Image"></a><p>Wisreach Blotting Paper for Flower Press, 20 Sheets Flower Press Paper Highly Absorbent and Reusable Blotter Paper for Flower Art A4 Size 8.26 x 11.4 inch</p><p>$9.99</p><a href="https://www.amazon.com/dp/B0CQMMYSBR?tag=eloabder-20&linkCode=osi&th=1&psc=1">View Product</a></div><div class="product"><a href="https://www.amazon.com/dp/B093FQ22PG?tag=eloabder-20&linkCode=osi&th=1&psc=1"><img src="https://m.media-amazon.com/images/I/41B2jXhe+QL._SL500_.jpg" alt="Product Image"></a><p>Blotting Paper for Flower Press by Berstuk® • Large A4 Flower Press Paper • Highly Absorbent and Reusable Herbarium Paper • Pack of 10 Blotter Paper Sheets</p><p>$6.99 ($69.90 / 100 Sheets)</p><a href="https://www.amazon.com/dp/B093FQ22PG?tag=eloabder-20&linkCode=osi&th=1&psc=1">View Product</a></div><div class="product"><a href="https://www.amazon.com/dp/B0C6PW4VGB?tag=eloabder-20&linkCode=osi&th=1&psc=1"><img src="https://m.media-amazon.com/images/I/21C64VB3iVL._SL500_.jpg" alt="Product Image"></a><p>PATIKIL 16"x12" Flower Press Paper, 1 Set/30 Sheet Refill Lining Blotter Paper Absorbent Reusable Blotting Paper for DIY Art Handicraft Scrapbook</p><p>$11.19</p><a href="https://www.amazon.com/dp/B0C6PW4VGB?tag=eloabder-20&linkCode=osi&th=1&psc=1">View Product</a></div><div class="product"><a href="https://www.amazon.com/dp/B0C6PTK915?tag=eloabder-20&linkCode=osi&th=1&psc=1"><img src="https://m.media-amazon.com/images/I/21UviFCGjtL._SL500_.jpg" alt="Product Image"></a><p>PATIKIL 12"x8" Flower Press Paper, 2 Set/60 Sheet Refill Lining Blotter Paper Absorbent Reusable Blotting Paper for DIY Art Handicraft Scrapbook</p><p>$13.69</p><a href="https://www.amazon.com/dp/B0C6PTK915?tag=eloabder-20&linkCode=osi&th=1&psc=1">View Product</a></div><div class="product"><a href="https://www.amazon.com/dp/B0CDJZ4MD7?tag=eloabder-20&linkCode=osi&th=1&psc=1"><img src="https://m.media-amazon.com/images/I/41iwkW+QQOL._SL500_.jpg" alt="Product Image"></a><p>30 PCS Blotting Paper for Flower Press Large A4 Flower Press Paper Highly Absorbent and Reusable Blotter Paper Refill Lining Paper for Flower Press Art Craft Scrapbook Making, 11.8 x 7.9 Inches Blue</p><p>$9.99</p><a href="https://www.amazon.com/dp/B0CDJZ4MD7?tag=eloabder-20&linkCode=osi&th=1&psc=1">View Product</a></div>

<div class="product"><a href="https://www.amazon.com/dp/B0D2T4F1DZ?tag=eloabder-20&linkCode=osi&th=1&psc=1"><img src="https://m.media-amazon.com/images/I/41KNcatyBWL._SL500_.jpg" alt="Product Image"></a><p>10pcs Book Cloth,14”x10”,Fabric Surface and Paper Backed, book cloth for book binding,book binding fabric,5 Colors Bookbinding Cloth for DIY fabric book cover,bookbinding paper (Style B)</p><p>$9.99</p><a href="https://www.amazon.com/dp/B0D2T4F1DZ?tag=eloabder-20&linkCode=osi&th=1&psc=1">View Product</a></div><div class="product"><a href="https://www.amazon.com/dp/B0CMD2LWR8?tag=eloabder-20&linkCode=osi&th=1&psc=1"><img src="https://m.media-amazon.com/images/I/31QVUZVSB+L._SL500_.jpg" alt="Product Image"></a><p>Mozeat Lens 33 ft Bookbinding Tape Book Tape Repair Book Binding Tape Cloth Book Repair Kit 2 Inch Wide Book Spine Tape Cloth Bookbinding Repair Tape White Book Tape for Reinforcing Book Spine Tape</p><p>$7.99</p><a href="https://www.amazon.com/dp/B0CMD2LWR8?tag=eloabder-20&linkCode=osi&th=1&psc=1">View Product</a></div><div class="product"><a href="https://www.amazon.com/dp/B0D1KC168C?tag=eloabder-20&linkCode=osi&th=1&psc=1"><img src="https://m.media-amazon.com/images/I/31wWgk-1V4L._SL500_.jpg" alt="Product Image"></a><p>AKONEGE Book Cloth for Book Binding 35 x 16 Inch Fabric Surface and Paper Backed, Strong, Easy to Use, Fabric Materials Bookbinding Supplies Bookcloth for Scrapbooking Album DIY Crafts, Black</p><p>$9.99</p><a href="https://www.amazon.com/dp/B0D1KC168C?tag=eloabder-20&linkCode=osi&th=1&psc=1">View Product</a></div><div class="product"><a href="https://www.amazon.com/dp/B0BC48CCWW?tag=eloabder-20&linkCode=osi&th=1&psc=1"><img src="https://m.media-amazon.com/images/I/41vTc+L-XyL._SL500_.jpg" alt="Product Image"></a><p>Wooqu Book Cloth, Fabric Surface and Paper Backed, Easy to Use, Strong, 17x29”, for Book Binding, Dark Green</p><p>$13.99</p><a href="https://www.amazon.com/dp/B0BC48CCWW?tag=eloabder-20&linkCode=osi&th=1&psc=1">View Product</a></div><div class="product"><a href="https://www.amazon.com/dp/B00W3S7LU4?tag=eloabder-20&linkCode=osi&th=1&psc=1"><img src="https://m.media-amazon.com/images/I/41mUL1LmSHS._SL500_.jpg" alt="Product Image"></a><p>BookGuard 2 inch Premium Bookbinding Repair Cloth Tape, 15 Yard Roll Burgundy</p><p>$14.95</p><a href="https://www.amazon.com/dp/B00W3S7LU4?tag=eloabder-20&linkCode=osi&th=1&psc=1">View Product</a></div>

<div class="product"><a href="https://www.amazon.com/dp/B08217DGL7?tag=eloabder-20&linkCode=osi&th=1&psc=1"><img src="https://m.media-amazon.com/images/I/51Gy-qfph7L._SL500_.jpg" alt="Product Image"></a><p>24 Colors Waxed Thread, Leather Sewing Thread,Hand Stitching Thread for Hand Sewing Leather and Bookbinding, 13Yards Per Color</p><p>$11.99 ($0.01 / Foot)</p><a href="https://www.amazon.com/dp/B08217DGL7?tag=eloabder-20&linkCode=osi&th=1&psc=1">View Product</a></div><div class="product"><a href="https://www.amazon.com/dp/B08GCHJ3FP?tag=eloabder-20&linkCode=osi&th=1&psc=1"><img src="https://m.media-amazon.com/images/I/41TK-XNxTFL._SL500_.jpg" alt="Product Image"></a><p>FANDOL 100% Natural Linen Thread Waxed thread for Bookbingding, Leather Sewing, Beading or Macrame (Natural)</p><p>$14.98</p><a href="https://www.amazon.com/dp/B08GCHJ3FP?tag=eloabder-20&linkCode=osi&th=1&psc=1">View Product</a></div><div class="product"><a href="https://www.amazon.com/dp/B0025U108E?tag=eloabder-20&linkCode=osi&th=1&psc=1"><img src="https://m.media-amazon.com/images/I/4172yrURiVL._SL500_.jpg" alt="Product Image"></a><p>Books by Hand Linen Thread, Archival Quality Natural Unbleached and Unwaxed, 50 Yards 35/3 Gauge, Ideal for Bookbinding and Sewing Signatures</p><p>$9.47</p><a href="https://www.amazon.com/dp/B0025U108E?tag=eloabder-20&linkCode=osi&th=1&psc=1">View Product</a></div><div class="product"><a href="https://www.amazon.com/dp/B08S78KLRN?tag=eloabder-20&linkCode=osi&th=1&psc=1"><img src="https://m.media-amazon.com/images/I/413NGMtJdrL._SL500_.jpg" alt="Product Image"></a><p>Jupean Waxed Thread, 150m /164Yards Beige Leather Waxed Thread, Leather Sewing Thread, Hand Stitching Thread for Hand Sewing Leather, Bookbinding, and Beginners Leather Craft DIY</p><p>$6.49 ($0.01 / Foot)</p><a href="https://www.amazon.com/dp/B08S78KLRN?tag=eloabder-20&linkCode=osi&th=1&psc=1">View Product</a></div><div class="product"><a href="https://www.amazon.com/dp/B015D9E6UM?tag=eloabder-20&linkCode=osi&th=1&psc=1"><img src="https://m.media-amazon.com/images/I/51VnWPI+Q5L._SL500_.jpg" alt="Product Image"></a><p>Lineco, Natural Waxed Linen Thread 20 Yards, Books by Hand Natural, Black, Brown Color for Sewing, Bookbinding (3/Pkg)</p><p>$13.77</p><a href="https://www.amazon.com/dp/B015D9E6UM?tag=eloabder-20&linkCode=osi&th=1&psc=1">View Product</a></div>
<div class="product"><a href="https://www.amazon.com/dp/B0CMD53C1C?tag=eloabder-20&linkCode=osi&th=1&psc=1"><img src="https://m.media-amazon.com/images/I/31dU4wqS0rL._SL500_.jpg" alt="Product Image"></a><p>5-in-1 Bookbinding Kit,Book Cover Guide, Bookbinding Cover Tool, Stainless Steel Book Binding Kit, Bookbinding Ruler, Scrapbooking Tools for Making Book Cover Chipboard Covers Album Planner</p><p>$7.88</p><a href="https://www.amazon.com/dp/B0CMD53C1C?tag=eloabder-20&linkCode=osi&th=1&psc=1">View Product</a></div>
<div class="product"><a href="https://www.amazon.com/dp/B007TIEG6U?tag=eloabder-20&linkCode=osi&th=1&psc=1"><img src="https://m.media-amazon.com/images/I/31d6r6R5lGL._SL500_.jpg" alt="Product Image"></a><p>Handy Art Empty 2 ounce Marker Bottle, Dauber Tip and Cap, 12-Each (900-003) , White</p><p>$23.12 ($1.93 / Count)</p><a href="https://www.amazon.com/dp/B007TIEG6U?tag=eloabder-20&linkCode=osi&th=1&psc=1">View Product</a></div>
<div class="product"><a href="https://www.amazon.com/dp/B07YDNKSH6?tag=eloabder-20&linkCode=osi&th=1&psc=1"><img src="https://m.media-amazon.com/images/I/41JGrHa7mSL._SL500_.jpg" alt="Product Image"></a><p>4-Inch Rubber Brayer Roller for Printmaking, Great for Gluing Application Also. (Original Version)</p><p>$6.99</p><a href="https://www.amazon.com/dp/B07YDNKSH6?tag=eloabder-20&linkCode=osi&th=1&psc=1">View Product</a></div>
<div class="product"><a href="https://www.amazon.com/dp/B005U7BNPE?tag=eloabder-20&linkCode=osi&th=1&psc=1"><img src="https://m.media-amazon.com/images/I/418YfTClSxL._SL500_.jpg" alt="Product Image"></a><p>Apple Barrel Acrylic Paint in Assorted Colors (2 oz), 20513, Bright Yellow</p><p>$0.58 ($0.29 / Fl Oz)</p><a href="https://www.amazon.com/dp/B005U7BNPE?tag=eloabder-20&linkCode=osi&th=1&psc=1">View Product</a></div><div class="product"><a href="https://www.amazon.com/dp/B099DWCRZ5?tag=eloabder-20&linkCode=osi&th=1&psc=1"><img src="https://m.media-amazon.com/images/I/41rr5hT-8TL._SL500_.jpg" alt="Product Image"></a><p>milo Fluorescent Acrylic Paint Set of 6 Colors | 4 oz Bottles | Student Neon Colors Acrylics Painting Pack | Made in the USA | Non-Toxic Art & Craft Paints for Artists, Kids, & Hobby Painters</p><p>$22.90 ($0.95 / Fl Oz)</p><a href="https://www.amazon.com/dp/B099DWCRZ5?tag=eloabder-20&linkCode=osi&th=1&psc=1">View Product</a></div><div class="product"><a href="https://www.amazon.com/dp/B07ZPPPWPL?tag=eloabder-20&linkCode=osi&th=1&psc=1"><img src="https://m.media-amazon.com/images/I/51Vqk2rrZwL._SL500_.jpg" alt="Product Image"></a><p>Apple Barrel, Pastel Dreams & Vivid Wonders Collection Acrylic Craft Paint, PROMOTCK, 2 fl oz each, 18 assorted matte colors, 18 count</p><p>$22.66 ($0.63 / Fl Oz)</p><a href="https://www.amazon.com/dp/B07ZPPPWPL?tag=eloabder-20&linkCode=osi&th=1&psc=1">View Product</a></div><div class="product"><a href="https://www.amazon.com/dp/B0CKQR52XC?tag=eloabder-20&linkCode=osi&th=1&psc=1"><img src="https://m.media-amazon.com/images/I/51WTPlhN2WL._SL500_.jpg" alt="Product Image"></a><p>ARTME Glow in The Dark Paint, 10 Bright Colors 60ml/2oz Blacklight Paint Set, Neon Craft Paint, Acrylic Glow Fluorescent Paint Perfect for Art Painting, DIY projects, Halloween and Christmas</p><p>$23.99 ($1.20 / Fl Oz)</p><a href="https://www.amazon.com/dp/B0CKQR52XC?tag=eloabder-20&linkCode=osi&th=1&psc=1">View Product</a></div><div class="product"><a href="https://www.amazon.com/dp/B09XXHBL3Y?tag=eloabder-20&linkCode=osi&th=1&psc=1"><img src="https://m.media-amazon.com/images/I/51taBeDdeIL._SL500_.jpg" alt="Product Image"></a><p>Fantastory Glow in the Dark Acrylic Paint, 10 Extra Bright Colors, 30ml/1oz Waterproof Glow in Dark Paint,Indoor Outdoor Blacklight Paint for Kids,Adults, Rocks,Walls,Halloween,Craft &Fabric</p><p>$9.99 ($1.00 / Fl Oz)</p><a href="https://www.amazon.com/dp/B09XXHBL3Y?tag=eloabder-20&linkCode=osi&th=1&psc=1">View Product</a></div><div class="product"><a href="https://www.amazon.com/dp/B0BS3JM8ZR?tag=eloabder-20&linkCode=osi&th=1&psc=1"><img src="https://m.media-amazon.com/images/I/51S8FteGgPL._SL500_.jpg" alt="Product Image"></a><p>Acrylic Paint, Shuttle Art 24 Colors Acrylic Paint Bottle Set, 250ml/8.45oz Each, Rich Pigments, High Viscosity, Bulk Paint for Artists, Beginners and Kids Painting on Rocks Crafts Canvas Wood Ceramic</p><p>$49.99 ($0.25 / Fl Oz)</p><a href="https://www.amazon.com/dp/B0BS3JM8ZR?tag=eloabder-20&linkCode=osi&th=1&psc=1">View Product</a></div><div class="product"><a href="https://www.amazon.com/dp/B00CIW3EDI?tag=eloabder-20&linkCode=osi&th=1&psc=1"><img src="https://m.media-amazon.com/images/I/41PMnxyBo5L._SL500_.jpg" alt="Product Image"></a><p>FolkArt Multi-Surface Acrylic Paint in Assorted Colors (2 oz), 2896, Bright Pink</p><p>$1.47 ($0.74 / Fl Oz)</p><a href="https://www.amazon.com/dp/B00CIW3EDI?tag=eloabder-20&linkCode=osi&th=1&psc=1">View Product</a></div><div class="product"><a href="https://www.amazon.com/dp/B085ZB5ZK9?tag=eloabder-20&linkCode=osi&th=1&psc=1"><img src="https://m.media-amazon.com/images/I/51nmRq1eicL._SL500_.jpg" alt="Product Image"></a><p>FolkArt 4 Bottle Multi-Surface Acrylic Paint Set, 2oz, Neon Blacklight Colors</p><p>$8.12 ($1.02 / Fl Oz)</p><a href="https://www.amazon.com/dp/B085ZB5ZK9?tag=eloabder-20&linkCode=osi&th=1&psc=1">View Product</a></div><div class="product"><a href="https://www.amazon.com/dp/B08N585VN5?tag=eloabder-20&linkCode=osi&th=1&psc=1"><img src="https://m.media-amazon.com/images/I/51nwFBdxwVL._SL500_.jpg" alt="Product Image"></a><p>Acrylic Paint Set Value Pack of 12 Colors | Craft Painting Kit with 2 oz Squeeze Bottles for Beginners, Artists, Professionals | Non-Toxic Water Based Paints for Canvas, Paper, Wood | Bright Hues</p><p>$11.99 ($0.50 / Fl Oz)</p><a href="https://www.amazon.com/dp/B08N585VN5?tag=eloabder-20&linkCode=osi&th=1&psc=1">View Product</a></div>
<div class="product"><a href="https://www.amazon.com/dp/B0009RRT9Y?tag=eloabder-20&linkCode=osi&th=1&psc=1"><img src="https://m.media-amazon.com/images/I/51ZhyYPOB5L._SL500_.jpg" alt="Product Image"></a><p>General Pencil Company The Masters Brush Cleaner & Preserver 2.5 0z.</p><p>$12.00</p><a href="https://www.amazon.com/dp/B0009RRT9Y?tag=eloabder-20&linkCode=osi&th=1&psc=1">View Product</a></div><div class="product"><a href="https://www.amazon.com/dp/B00F38YVQS?tag=eloabder-20&linkCode=osi&th=1&psc=1"><img src="https://m.media-amazon.com/images/I/51yjmSTzzML._SL500_.jpg" alt="Product Image"></a><p>B & J Original Brush Cleaner - 2.5 Oz/12ct Display</p><p>$12.77</p><a href="https://www.amazon.com/dp/B00F38YVQS?tag=eloabder-20&linkCode=osi&th=1&psc=1">View Product</a></div><div class="product"><a href="https://www.amazon.com/dp/B004BN7QQ8?tag=eloabder-20&linkCode=osi&th=1&psc=1"><img src="https://m.media-amazon.com/images/I/31fEWB-h4VL._SL500_.jpg" alt="Product Image"></a><p>Winsor & Newton Brush Cleaner & Restorer, 16.0-oz Bottle</p><p>$21.87 ($1.37 / Fl Oz)</p><a href="https://www.amazon.com/dp/B004BN7QQ8?tag=eloabder-20&linkCode=osi&th=1&psc=1">View Product</a></div><div class="product"><a href="https://www.amazon.com/dp/B09NCHL2LM?tag=eloabder-20&linkCode=osi&th=1&psc=1"><img src="https://m.media-amazon.com/images/I/31UzwasdL6L._SL500_.jpg" alt="Product Image"></a><p>U.S. Art Supply Brush Cleaner and Restorer, 4 Ounce Bottle - Quickly Cleans Paint Brushes, Airbrushes, Art Tools - Cleaning Solution to Remove Dried On Acrylic, Oil and Water-Based Paint Colors</p><p>$8.99 ($2.25 / Fl Oz)</p><a href="https://www.amazon.com/dp/B09NCHL2LM?tag=eloabder-20&linkCode=osi&th=1&psc=1">View Product</a></div><div class="product"><a href="https://www.amazon.com/dp/B09J8L55SK?tag=eloabder-20&linkCode=osi&th=1&psc=1"><img src="https://m.media-amazon.com/images/I/41qgWS2nSsL._SL500_.jpg" alt="Product Image"></a><p>Green Piece® Paint Brush Cleaner and Restorer for Art Paint Brushes - 100% Natural - Non-Toxic - Wet or Dry Paint - No Chemicals - Oil or Acrylic Paints, Wood and Metal - Amazing Power - 18 Oz</p><p>$19.88</p><a href="https://www.amazon.com/dp/B09J8L55SK?tag=eloabder-20&linkCode=osi&th=1&psc=1">View Product</a></div><div class="product"><a href="https://www.amazon.com/dp/B0027A79I2?tag=eloabder-20&linkCode=osi&th=1&psc=1"><img src="https://m.media-amazon.com/images/I/31J6S+mCjuL._SL500_.jpg" alt="Product Image"></a><p>Pink Soap 12-Ounce Paint Brush Cleaner and Conditioner, Solution Cleans and Restores, Removes Dried Paint on Airbrushes and Other Artist Tools & Supplies</p><p>$15.49 ($1.29 / Fl Oz)</p><a href="https://www.amazon.com/dp/B0027A79I2?tag=eloabder-20&linkCode=osi&th=1&psc=1">View Product</a></div><div class="product"><a href="https://www.amazon.com/dp/B0027AEANE?tag=eloabder-20&linkCode=osi&th=1&psc=1"><img src="https://m.media-amazon.com/images/I/51bHOLU1pVL._SL500_.jpg" alt="Product Image"></a><p>General Pencil General 105-BP Pencil Masters Brush Cleaner & Preserver, 1 Pack, Clear</p><p>$9.99 ($4.00 / Ounce)</p><a href="https://www.amazon.com/dp/B0027AEANE?tag=eloabder-20&linkCode=osi&th=1&psc=1">View Product</a></div>

<div class="product"><a href="https://www.amazon.com/dp/B00N9UUWLA?tag=eloabder-20&linkCode=osi&th=1&psc=1"><img src="https://m.media-amazon.com/images/I/41be4n09wZL._SL500_.jpg" alt="Product Image"></a><p>Pentel Arts Portable Pocket Brush Pen (Medium Point), 1Pen & 2Refills</p><p>$7.00</p><a href="https://www.amazon.com/dp/B00N9UUWLA?tag=eloabder-20&linkCode=osi&th=1&psc=1">View Product</a></div><div class="product"><a href="https://www.amazon.com/dp/B07DQ4292Y?tag=eloabder-20&linkCode=osi&th=1&psc=1"><img src="https://m.media-amazon.com/images/I/41-kgHpaPvL._SL500_.jpg" alt="Product Image"></a><p>Tombow 62039 Fudenosuke Brush Pens, 3-Pack. Soft, Hard, and Twin Tip Markers for Calligraphy and Art Drawings</p><p>$7.59 ($2.53 / Count)</p><a href="https://www.amazon.com/dp/B07DQ4292Y?tag=eloabder-20&linkCode=osi&th=1&psc=1">View Product</a></div><div class="product"><a href="https://www.amazon.com/dp/B0995FNMKW?tag=eloabder-20&linkCode=osi&th=1&psc=1"><img src="https://m.media-amazon.com/images/I/51kpGsTNvlL._SL500_.jpg" alt="Product Image"></a><p>WRITECH Arts Sign Brush Pen Brush Tip Marker Felt Tip Water Based Ink Color Pens 12 Assorted Vintage Colors Great for Lettering Journaling Calligraphy (Vintage)</p><p>$13.99 ($1.17 / Count)</p><a href="https://www.amazon.com/dp/B0995FNMKW?tag=eloabder-20&linkCode=osi&th=1&psc=1">View Product</a></div><div class="product"><a href="https://www.amazon.com/dp/B07H89R749?tag=eloabder-20&linkCode=osi&th=1&psc=1"><img src="https://m.media-amazon.com/images/I/51nTGZ-eAsL._SL500_.jpg" alt="Product Image"></a><p>Tombow Fudenosuke Brush Pen - Hard - 10 Colors Set (WS-BH10C)</p><p>$11.73</p><a href="https://www.amazon.com/dp/B07H89R749?tag=eloabder-20&linkCode=osi&th=1&psc=1">View Product</a></div><div class="product"><a href="https://www.amazon.com/dp/B002PIFTRE?tag=eloabder-20&linkCode=osi&th=1&psc=1"><img src="https://m.media-amazon.com/images/I/41IVnNPD1hL._SL500_.jpg" alt="Product Image"></a><p>Pentel Color Brush Pen, Black (GFLBP101)</p><p>$7.89</p><a href="https://www.amazon.com/dp/B002PIFTRE?tag=eloabder-20&linkCode=osi&th=1&psc=1">View Product</a></div>
<div class="product"><a href="https://www.amazon.com/dp/B0CLLSY2BT?tag=eloabder-20&linkCode=osi&th=1&psc=1"><img src="https://m.media-amazon.com/images/I/51sQM3lrN9L._SL500_.jpg" alt="Product Image"></a><p>CUGEBANNA Paint Brush Washer,Airtight Stainless Steel Brush Cleaner for Oil Painting Acrylic,Brush Washer with Cleaning Beads and Wringer</p><p>$22.99</p><a href="https://www.amazon.com/dp/B0CLLSY2BT?tag=eloabder-20&linkCode=osi&th=1&psc=1">View Product</a></div><div class="product"><a href="https://www.amazon.com/dp/B013PB35N4?tag=eloabder-20&linkCode=osi&th=1&psc=1"><img src="https://m.media-amazon.com/images/I/419miJHrhtL._SL500_.jpg" alt="Product Image"></a><p>US Art Supply Deluxe Brush Cleaner-Brush Washer with Wash Tank</p><p>$18.99</p><a href="https://www.amazon.com/dp/B013PB35N4?tag=eloabder-20&linkCode=osi&th=1&psc=1">View Product</a></div>
<div class="product"><a href="https://www.amazon.com/dp/B07GH7WGC3?tag=eloabder-20&linkCode=osi&th=1&psc=1"><img src="https://m.media-amazon.com/images/I/51vzX1OZI6L._SL500_.jpg" alt="Product Image"></a><p>BOSOBO Paint Brushes Set, 2 Pack 20 Pcs Round-Pointed Tip Paintbrushes Nylon Hair Artist Acrylic Paint Brushes for Acrylic Oil Watercolor, Face Nail Art, Miniature Detailing & Rock Painting, Blue</p><p>$7.49 ($0.37 / Count)</p><a href="https://www.amazon.com/dp/B07GH7WGC3?tag=eloabder-20&linkCode=osi&th=1&psc=1">View Product</a></div><div class="product"><a href="https://www.amazon.com/dp/B078XJ2DCJ?tag=eloabder-20&linkCode=osi&th=1&psc=1"><img src="https://m.media-amazon.com/images/I/616oHEXPN1S._SL500_.jpg" alt="Product Image"></a><p>Pro Grade - Chip Paint Brushes - 36-Pack - 2 Inch Chip Brush for Paints, Stains, Varnishes, Glues, & Gesso</p><p>$17.99</p><a href="https://www.amazon.com/dp/B078XJ2DCJ?tag=eloabder-20&linkCode=osi&th=1&psc=1">View Product</a></div>

<div class="product"><a href="https://www.amazon.com/dp/B000YQJVFA?tag=eloabder-20&linkCode=osi&th=1&psc=1"><img src="https://m.media-amazon.com/images/I/51so-OSRt+L._SL500_.jpg" alt="Product Image"></a><p>Winsor & Newton Calligraphy Ink, 30ml (1-oz) Bottle, Black</p><p>$10.07 ($10.07 / Count)</p><a href="https://www.amazon.com/dp/B000YQJVFA?tag=eloabder-20&linkCode=osi&th=1&psc=1">View Product</a></div><div class="product"><a href="https://www.amazon.com/dp/B0026SBYUE?tag=eloabder-20&linkCode=osi&th=1&psc=1"><img src="https://m.media-amazon.com/images/I/412Ga9k1q8L._SL500_.jpg" alt="Product Image"></a><p>Higgins Black Calligraphy Ink, 2.5 Ounce Bottle (44314)</p><p>$5.99</p><a href="https://www.amazon.com/dp/B0026SBYUE?tag=eloabder-20&linkCode=osi&th=1&psc=1">View Product</a></div><div class="product"><a href="https://www.amazon.com/dp/B0CXDBD77N?tag=eloabder-20&linkCode=osi&th=1&psc=1"><img src="https://m.media-amazon.com/images/I/41x1EZv3P3L._SL500_.jpg" alt="Product Image"></a><p>SEAMEW 250 ML/8.8 OZ Calligraphy and Sumi Liquid Ink - Versatile Elegance for Chinese Traditional Art Works and Japanese Brush Art</p><p>$11.49</p><a href="https://www.amazon.com/dp/B0CXDBD77N?tag=eloabder-20&linkCode=osi&th=1&psc=1">View Product</a></div><div class="product"><a href="https://www.amazon.com/dp/B0CR3ML8VS?tag=eloabder-20&linkCode=osi&th=1&psc=1"><img src="https://m.media-amazon.com/images/I/41fLIKySQZL._SL500_.jpg" alt="Product Image"></a><p>Hmayart Prepared Super Thick Liquid Black Ink for Japanese Brush Calligraphy & Chinese Traditional Artworks (MZ010 250g)</p><p>$11.99</p><a href="https://www.amazon.com/dp/B0CR3ML8VS?tag=eloabder-20&linkCode=osi&th=1&psc=1">View Product</a></div><div class="product"><a href="https://www.amazon.com/dp/B0039OQ0J4?tag=eloabder-20&linkCode=osi&th=1&psc=1"><img src="https://m.media-amazon.com/images/I/41RRlR55P9L._SL500_.jpg" alt="Product Image"></a><p>Daiso Sumi Calligraphy Liquid Ink in a 180ml Bottle (Japan Import)</p><p>$8.99</p><a href="https://www.amazon.com/dp/B0039OQ0J4?tag=eloabder-20&linkCode=osi&th=1&psc=1">View Product</a></div><div class="product"><a href="https://www.amazon.com/dp/B074KJ289G?tag=eloabder-20&linkCode=osi&th=1&psc=1"><img src="https://m.media-amazon.com/images/I/41FZT3aCChL._SL500_.jpg" alt="Product Image"></a><p>Easyou Redstar Liquid Ink for Professioanl Traditional Calligraphy and Brush Painting Chinese Ink Liquid (Black&1pcs*180ML)</p><p>$10.99</p><a href="https://www.amazon.com/dp/B074KJ289G?tag=eloabder-20&linkCode=osi&th=1&psc=1">View Product</a></div><div class="product"><a href="https://www.amazon.com/dp/B07JYJ6C1W?tag=eloabder-20&linkCode=osi&th=1&psc=1"><img src="https://m.media-amazon.com/images/I/51IAnrWkw6L._SL500_.jpg" alt="Product Image"></a><p>MZ001 HmayartBlack Sumi Liquid Ink for Japanese Brush Calligraphy & Chinese Traditional Artworks 250ml (black)</p><p>$13.99</p><a href="https://www.amazon.com/dp/B07JYJ6C1W?tag=eloabder-20&linkCode=osi&th=1&psc=1">View Product</a></div><div class="product"><a href="https://www.amazon.com/dp/B0894L9M2C?tag=eloabder-20&linkCode=osi&th=1&psc=1"><img src="https://m.media-amazon.com/images/I/51H5LBUAZcL._SL500_.jpg" alt="Product Image"></a><p>24 Colors Calligraphy Ink Set, Calligraphy Fountain Glass Dip Pen Color Ink Caligrapher Pen Ink Bottle Set, Gold Powder Drawing Writing Art Ink with Gift Box - 24 x 7ml</p><p>$21.98</p><a href="https://www.amazon.com/dp/B0894L9M2C?tag=eloabder-20&linkCode=osi&th=1&psc=1">View Product</a></div><div class="product"><a href="https://www.amazon.com/dp/B0C49WVM7L?tag=eloabder-20&linkCode=osi&th=1&psc=1"><img src="https://m.media-amazon.com/images/I/41zxtjGWS1L._SL500_.jpg" alt="Product Image"></a><p>AOKUY 24 Colors Calligraphy Ink Set,Calligraphy Inks,Colorful Dip Pen Ink Set,Gold Powder Drawing Writing Art Ink with Gift Box</p><p>$16.99</p><a href="https://www.amazon.com/dp/B0C49WVM7L?tag=eloabder-20&linkCode=osi&th=1&psc=1">View Product</a></div>
<div class="product"><a href="https://www.amazon.com/dp/B0007ZJ8QU?tag=eloabder-20&linkCode=osi&th=1&psc=1"><img src="https://m.media-amazon.com/images/I/41vTwN7L9NL._SL500_.jpg" alt="Product Image"></a><p>Speedball C-Series Lettering Pen Set - 1 Penholder w/ 6 Nibs</p><p>$11.99</p><a href="https://www.amazon.com/dp/B0007ZJ8QU?tag=eloabder-20&linkCode=osi&th=1&psc=1">View Product</a></div><div class="product"><a href="https://www.amazon.com/dp/B003IGNH30?tag=eloabder-20&linkCode=osi&th=1&psc=1"><img src="https://m.media-amazon.com/images/I/412WGB9WzGL._SL500_.jpg" alt="Product Image"></a><p>Speedball 30710 10 Pen Nib Assorted Set</p><p>$21.99</p><a href="https://www.amazon.com/dp/B003IGNH30?tag=eloabder-20&linkCode=osi&th=1&psc=1">View Product</a></div><div class="product"><a href="https://www.amazon.com/dp/B0CQTCZRYC?tag=eloabder-20&linkCode=osi&th=1&psc=1"><img src="https://m.media-amazon.com/images/I/41+d7oXaTvL._SL500_.jpg" alt="Product Image"></a><p>10PCS Oblique Calligraphy Dip Pen Set Comic Pen Nib Set Fluid Writer Pen, 2-in-1 Drawing Pen Holder with 8 Pieces Stainless Steel Pen Replacement Nibs Nib for Writing, Painting, Signing, Sketch</p><p>$6.49</p><a href="https://www.amazon.com/dp/B0CQTCZRYC?tag=eloabder-20&linkCode=osi&th=1&psc=1">View Product</a></div><div class="product"><a href="https://www.amazon.com/dp/B000BYQLT4?tag=eloabder-20&linkCode=osi&th=1&psc=1"><img src="https://m.media-amazon.com/images/I/41Tmn+y1-xL._SL500_.jpg" alt="Product Image"></a><p>Speedball Calligraphy Pen Set - 1 Penholder w/ 4 Nibs, 2 Pen Tips</p><p>$13.99</p><a href="https://www.amazon.com/dp/B000BYQLT4?tag=eloabder-20&linkCode=osi&th=1&psc=1">View Product</a></div><div class="product"><a href="https://www.amazon.com/dp/B0B3CVPWMF?tag=eloabder-20&linkCode=osi&th=1&psc=1"><img src="https://m.media-amazon.com/images/I/41Zw4tqW+HL._SL500_.jpg" alt="Product Image"></a><p>Mewutal 2Pcs/Set Comic Pen Nib Set Pen Nibs Replacements for Calligraphy Manga Writing Painting(Pumpkin Head Nib)</p><p>$7.99</p><a href="https://www.amazon.com/dp/B0B3CVPWMF?tag=eloabder-20&linkCode=osi&th=1&psc=1">View Product</a></div><div class="product"><a href="https://www.amazon.com/dp/B0BVR4M5X4?tag=eloabder-20&linkCode=osi&th=1&psc=1"><img src="https://m.media-amazon.com/images/I/515TyiGpQKL._SL500_.jpg" alt="Product Image"></a><p>Wonwood_direct Calligraphy set, 7 Calligraphy Pens with Different Nibs and 40 Ink Cartridges in 13 Colors for Beginner Writing Drawing for Greeting Card Signature Calligraphy (Type 1)</p><p>$15.99</p><a href="https://www.amazon.com/dp/B0BVR4M5X4?tag=eloabder-20&linkCode=osi&th=1&psc=1">View Product</a></div><div class="product"><a href="https://www.amazon.com/dp/B0BGRM97MF?tag=eloabder-20&linkCode=osi&th=1&psc=1"><img src="https://m.media-amazon.com/images/I/41vB7fs3VbL._SL500_.jpg" alt="Product Image"></a><p>Gullor A Bunch of Nibs for Comic Dip Pen, Assorted Calligraphy Dip Pen Nibs, Various Sizes and Shapes, 33 Nibs in Box</p><p>$9.99</p><a href="https://www.amazon.com/dp/B0BGRM97MF?tag=eloabder-20&linkCode=osi&th=1&psc=1">View Product</a></div>
<div class="product"><a href="https://www.amazon.com/dp/B000KNNVX0?tag=eloabder-20&linkCode=osi&th=1&psc=1"><img src="https://m.media-amazon.com/images/I/51RAGoN6UsL._SL500_.jpg" alt="Product Image"></a><p>Strathmore STR- 50 Sheet Tape Bound Calligraphy Pad, 8.5 by 11", White</p><p>$7.83</p><a href="https://www.amazon.com/dp/B000KNNVX0?tag=eloabder-20&linkCode=osi&th=1&psc=1">View Product</a></div><div class="product"><a href="https://www.amazon.com/dp/B00PGBVNM2?tag=eloabder-20&linkCode=osi&th=1&psc=1"><img src="https://m.media-amazon.com/images/I/51VvCXPD-QL._SL500_.jpg" alt="Product Image"></a><p>U.S. Art Supply (Pack of 2 Pads) - 9" x 12" Premium Calligraphic Practice Paper Pad, 19 Pound Bond (70gsm), Pad of 50-Sheets, Calligraphy Paper with Printed Practice Rule and Slanted Grid</p><p>$12.99</p><a href="https://www.amazon.com/dp/B00PGBVNM2?tag=eloabder-20&linkCode=osi&th=1&psc=1">View Product</a></div><div class="product"><a href="https://www.amazon.com/dp/B0CQ1VTM1R?tag=eloabder-20&linkCode=osi&th=1&psc=1"><img src="https://m.media-amazon.com/images/I/31pMzPI5pdL._SL500_.jpg" alt="Product Image"></a><p>50 Sheets Watercolor Paper 8 x 6inch Deckled Edge Paper 190 GSM Rough/Textured Handmade Paper Cotton Paper White Textured Paper for Watercolor, Writing Calligraphy, Invitations, Letters</p><p>$12.99 ($0.26 / Count)</p><a href="https://www.amazon.com/dp/B0CQ1VTM1R?tag=eloabder-20&linkCode=osi&th=1&psc=1">View Product</a></div><div class="product"><a href="https://www.amazon.com/dp/B0CGHVSX6W?tag=eloabder-20&linkCode=osi&th=1&psc=1"><img src="https://m.media-amazon.com/images/I/41pAexcoWlL._SL500_.jpg" alt="Product Image"></a><p>KYMY Chinese/Japanese Calligraphy Paper 100PCS, Sumi/Rice Paper for Writing Painting Drawing Practice, Chinese Brush Ink Xuan Paper, Half Sheng Shu (Half Raw Ripe) (34 x 34 cm (13.38 x 13.38 Inch))</p><p>$10.99 ($0.11 / Count)</p><a href="https://www.amazon.com/dp/B0CGHVSX6W?tag=eloabder-20&linkCode=osi&th=1&psc=1">View Product</a></div>
<div class="product"><a href="https://www.amazon.com/dp/B08FCZC2R3?tag=eloabder-20&linkCode=osi&th=1&psc=1"><img src="https://m.media-amazon.com/images/I/51TWqPlqpfL._SL500_.jpg" alt="Product Image"></a><p>Craft 'n' Beyond Calligraphy Brush Pens Pack of 3 Small, Medium and Large Markers for Hand Lettering, Art Drawing, Sketching, Scrapbooking, Journaling - Beginner Kit with Fadeproof Black Ink</p><p>$5.49</p><a href="https://www.amazon.com/dp/B08FCZC2R3?tag=eloabder-20&linkCode=osi&th=1&psc=1">View Product</a></div><div class="product"><a href="https://www.amazon.com/dp/B0B67TWWDG?tag=eloabder-20&linkCode=osi&th=1&psc=1"><img src="https://m.media-amazon.com/images/I/5188ARIL9sL._SL500_.jpg" alt="Product Image"></a><p>Brusarth Calligraphy Pens, 8 Size Calligraphy Pens for Writing, Brush Pens Calligraphy Set for Beginners, Hand Lettering Pens, Brush Markers Set, Black Ink Drawing Pens</p><p>$8.95</p><a href="https://www.amazon.com/dp/B0B67TWWDG?tag=eloabder-20&linkCode=osi&th=1&psc=1">View Product</a></div><div class="product"><a href="https://www.amazon.com/dp/B000SHQFEA?tag=eloabder-20&linkCode=osi&th=1&psc=1"><img src="https://m.media-amazon.com/images/I/41sx3qStImL._SL500_.jpg" alt="Product Image"></a><p>edding 1255 calligraphy pen - black - 3 pens - calligraphy nib 2 - 5 mm - fibre pens for paper, wood, terracotta, canvas - hand lettering, bullet journals, thank you cards, calligraphy books</p><p>$6.50</p><a href="https://www.amazon.com/dp/B000SHQFEA?tag=eloabder-20&linkCode=osi&th=1&psc=1">View Product</a></div><div class="product"><a href="https://www.amazon.com/dp/B001DKJLEC?tag=eloabder-20&linkCode=osi&th=1&psc=1"><img src="https://m.media-amazon.com/images/I/41x7A8wo7YL._SL500_.jpg" alt="Product Image"></a><p>Speedball Elegant Writer Calligraphy 4 Marker Set, Black, 2.0 mm, 2.5 mm & 3.0 mm Chisel Nib Tip Pens for Drawing, Journaling, and Scrapbooking</p><p>$9.99 ($2.50 / Count)</p><a href="https://www.amazon.com/dp/B001DKJLEC?tag=eloabder-20&linkCode=osi&th=1&psc=1">View Product</a></div><div class="product"><a href="https://www.amazon.com/dp/B08RYWH185?tag=eloabder-20&linkCode=osi&th=1&psc=1"><img src="https://m.media-amazon.com/images/I/51GFkyfC3iL._SL500_.jpg" alt="Product Image"></a><p>Piochoo Calligraphy Pens,8 Size Calligraphy Pens for Writing,Brush Pens Calligraphy Set for Beginners, Hand Lettering Pens</p><p>$12.99</p><a href="https://www.amazon.com/dp/B08RYWH185?tag=eloabder-20&linkCode=osi&th=1&psc=1">View Product</a></div>
<div class="product"><a href="https://www.amazon.com/dp/B0C66K9NHR?tag=eloabder-20&linkCode=osi&th=1&psc=1"><img src="https://m.media-amazon.com/images/I/51As2T+7gzL._SL500_.jpg" alt="Product Image"></a><p>Calligraphy Kit for Beginners - Calligraphy Pen Set with Calligraphy Workbook</p><p>$26.89</p><a href="https://www.amazon.com/dp/B0C66K9NHR?tag=eloabder-20&linkCode=osi&th=1&psc=1">View Product</a></div><div class="product"><a href="https://www.amazon.com/dp/B081J6QLZN?tag=eloabder-20&linkCode=osi&th=1&psc=1"><img src="https://m.media-amazon.com/images/I/41lK2Gw0JZL._SL500_.jpg" alt="Product Image"></a><p>Trustela Calligraphy Set for Beginners, Dip Pen Set with 19 Nibs, Oblique Pen Holder, Wooden Pen Set</p><p>$21.99</p><a href="https://www.amazon.com/dp/B081J6QLZN?tag=eloabder-20&linkCode=osi&th=1&psc=1">View Product</a></div><div class="product"><a href="https://www.amazon.com/dp/B0BCVDNPRJ?tag=eloabder-20&linkCode=osi&th=1&psc=1"><img src="https://m.media-amazon.com/images/I/51J-hFN4AeL._SL500_.jpg" alt="Product Image"></a><p>GC QUILL Calligraphy Pens Set 64pcs - Calligraphy Fountain Pen Set with 3 Fountain Pens, 7 Varied Nibs, 54 Ink Cartridges(10 Colors) - Writing, Drawing and Calligraphy Practice for beginner GC-F354</p><p>$23.99</p><a href="https://www.amazon.com/dp/B0BCVDNPRJ?tag=eloabder-20&linkCode=osi&th=1&psc=1">View Product</a></div>
<div class="product"><a href="https://www.amazon.com/dp/B092Q8BQC1?tag=eloabder-20&linkCode=osi&th=1&psc=1"><img src="https://m.media-amazon.com/images/I/51gdXkGIguS._SL500_.jpg" alt="Product Image"></a><p>AIYNC Feather Calligraphy Pen Ink Set, Includes Quill Pen and Wooden Dip Pen, Ink,17 Replacement Nib, Pen Base, 3 Wax Seal Sticks, Stamp, White Wax, Spoon, Envelope Letter Paper, Envelope Tool(Green)</p><p>$22.99</p><a href="https://www.amazon.com/dp/B092Q8BQC1?tag=eloabder-20&linkCode=osi&th=1&psc=1">View Product</a></div>
<div class="product"><a href="https://www.amazon.com/dp/B09J228BSF?tag=eloabder-20&linkCode=osi&th=1&psc=1"><img src="https://m.media-amazon.com/images/I/61MByvIyHGL._SL500_.jpg" alt="Product Image"></a><p>Candle dye - 18 Colors Liquid Oil-Based dye for Candle Wax, Vivid Candle Color for DIY Candle Making, Highly Concentrate Natural Candle Color</p><p>$15.59 ($2.47 / Fl Oz)</p><a href="https://www.amazon.com/dp/B09J228BSF?tag=eloabder-20&linkCode=osi&th=1&psc=1">View Product</a></div><div class="product"><a href="https://www.amazon.com/dp/B06Y3T5RV4?tag=eloabder-20&linkCode=osi&th=1&psc=1"><img src="https://m.media-amazon.com/images/I/61yZyP8eZTL._SL500_.jpg" alt="Product Image"></a><p>Candle Dyes for Soy Candle Making - Wax Сolor Dye Color Chips for Soy Wax - 16 Popular Colors Wax Dye Flakes</p><p>$16.99 ($10.62 / Ounce)</p><a href="https://www.amazon.com/dp/B06Y3T5RV4?tag=eloabder-20&linkCode=osi&th=1&psc=1">View Product</a></div><div class="product"><a href="https://www.amazon.com/dp/B0CMCPGLQZ?tag=eloabder-20&linkCode=osi&th=1&psc=1"><img src="https://m.media-amazon.com/images/I/51G9e-Epa0L._SL500_.jpg" alt="Product Image"></a><p>Candle Dye - 12 Colors Wax Melt Dye for Candle Making, Oil-Based Dye for Wax, Highly Concentrate Liquid Candle Color Dye</p><p>$8.99</p><a href="https://www.amazon.com/dp/B0CMCPGLQZ?tag=eloabder-20&linkCode=osi&th=1&psc=1">View Product</a></div><div class="product"><a href="https://www.amazon.com/dp/B09GLMZ5PS?tag=eloabder-20&linkCode=osi&th=1&psc=1"><img src="https://m.media-amazon.com/images/I/51SCG6n6Y4L._SL500_.jpg" alt="Product Image"></a><p>OSBANG Oil-Based Candle Color Dye Non-Toxic Non-Irritating 20 Colors for DIY Candle Making Supplies - Vibrant Concentrated Candle Coloring for Soy Wax Dyes, Beeswax, Gel Wax, Candle Making Kit</p><p>$14.99 ($2.22 / Fl Oz)</p><a href="https://www.amazon.com/dp/B09GLMZ5PS?tag=eloabder-20&linkCode=osi&th=1&psc=1">View Product</a></div><div class="product"><a href="https://www.amazon.com/dp/B0C8D2X4F1?tag=eloabder-20&linkCode=osi&th=1&psc=1"><img src="https://m.media-amazon.com/images/I/51e0mqPDEJL._SL500_.jpg" alt="Product Image"></a><p>Candle Dye - 14 Colors Highly Concentrate Oil-Based Liquid Candle Dye Kit, Candle Dyes for Candle Making, Beeswax, Gel Wax, Paraffin Wax - Each 0.35 fl oz</p><p>$9.99</p><a href="https://www.amazon.com/dp/B0C8D2X4F1?tag=eloabder-20&linkCode=osi&th=1&psc=1">View Product</a></div>

<div class="product"><a href="https://www.amazon.com/dp/B0C6FHSQR7?tag=eloabder-20&linkCode=osi&th=1&psc=1"><img src="https://m.media-amazon.com/images/I/41hBOCPELBL._SL500_.jpg" alt="Product Image"></a><p>Mold Release, Silicone Mold Release Spray (16.9 fl oz / 500ml) Mold Release for Epoxy Resin and Candle Mold Release Spray (1 Pack Mega Size)</p><p>$9.99 ($0.59 / Fl Oz)</p><a href="https://www.amazon.com/dp/B0C6FHSQR7?tag=eloabder-20&linkCode=osi&th=1&psc=1">View Product</a></div>
<div class="product"><a href="https://www.amazon.com/dp/B015W8DWUO?tag=eloabder-20&linkCode=osi&th=1&psc=1"><img src="https://m.media-amazon.com/images/I/41umHqV4zhL._SL500_.jpg" alt="Product Image"></a><p>EricX Light 100 Piece Cotton Candle Wick 6" Pre-Waxed for Candle Making,Candle DIY</p><p>$5.35</p><a href="https://www.amazon.com/dp/B015W8DWUO?tag=eloabder-20&linkCode=osi&th=1&psc=1">View Product</a></div><div class="product"><a href="https://www.amazon.com/dp/B08XZB43NZ?tag=eloabder-20&linkCode=osi&th=1&psc=1"><img src="https://m.media-amazon.com/images/I/51cyFvwhpJL._SL500_.jpg" alt="Product Image"></a><p>Candle Wicks 100 Pcs 6 inch with 30Pcs Candle Wick Stickers and 10 Pcs Wooden Candle Wick Centering Device for Soy Beeswax Candle Making and Candle DIY</p><p>$4.99</p><a href="https://www.amazon.com/dp/B08XZB43NZ?tag=eloabder-20&linkCode=osi&th=1&psc=1">View Product</a></div><div class="product"><a href="https://www.amazon.com/dp/B084ZSZQ4T?tag=eloabder-20&linkCode=osi&th=1&psc=1"><img src="https://m.media-amazon.com/images/I/41vLRbXIHhL._SL500_.jpg" alt="Product Image"></a><p>Candle Wick,100 Piece Candle Wicks for Candle Making DIY, 6 Inch Pre-Waxed Cotton Wick with Tabs</p><p>$4.79</p><a href="https://www.amazon.com/dp/B084ZSZQ4T?tag=eloabder-20&linkCode=osi&th=1&psc=1">View Product</a></div><div class="product"><a href="https://www.amazon.com/dp/B097D7S6KB?tag=eloabder-20&linkCode=osi&th=1&psc=1"><img src="https://m.media-amazon.com/images/I/41jpnnrDAjL._SL500_.jpg" alt="Product Image"></a><p>CandMak Candle Wick Kit, 60 Cotton Candle Wicks with Candle Making Tools for Candle Making (Thick 4"+6"+8")</p><p>$5.99</p><a href="https://www.amazon.com/dp/B097D7S6KB?tag=eloabder-20&linkCode=osi&th=1&psc=1">View Product</a></div><div class="product"><a href="https://www.amazon.com/dp/B08DLSG8NW?tag=eloabder-20&linkCode=osi&th=1&psc=1"><img src="https://m.media-amazon.com/images/I/41QkciWLWjL._SL500_.jpg" alt="Product Image"></a><p>Bulk 6inch Candle Wicks 100 Pcs with 60Pcs Candle Wick Stickers and 10 Pcs Wooden Candle Wick Centering Device for Soy Beeswax Candle Making (6inch)</p><p>$5.45</p><a href="https://www.amazon.com/dp/B08DLSG8NW?tag=eloabder-20&linkCode=osi&th=1&psc=1">View Product</a></div><div class="product"><a href="https://www.amazon.com/dp/B08Z334W66?tag=eloabder-20&linkCode=osi&th=1&psc=1"><img src="https://m.media-amazon.com/images/I/51nsfCzAwwL._SL500_.jpg" alt="Product Image"></a><p>DINGPAI 100pcs Cotton Candle Wicks, 6 inches Low Smoke Pre-Waxed Candle Wicks for Candle Making, Candle DIY</p><p>$4.99</p><a href="https://www.amazon.com/dp/B08Z334W66?tag=eloabder-20&linkCode=osi&th=1&psc=1">View Product</a></div><div class="product"><a href="https://www.amazon.com/dp/B0BV1NCQ28?tag=eloabder-20&linkCode=osi&th=1&psc=1"><img src="https://m.media-amazon.com/images/I/41lmQ4K9ccL._SL500_.jpg" alt="Product Image"></a><p>Ziosxin 100pcs Smokeless Cherry Wood Candle Wicks, Long Lasting Flame, Easily Burn, Natural Candle Cores with Stand and Glue Dot, Warning Label for DIY Candle Making</p><p>$9.99</p><a href="https://www.amazon.com/dp/B0BV1NCQ28?tag=eloabder-20&linkCode=osi&th=1&psc=1">View Product</a></div><div class="product"><a href="https://www.amazon.com/dp/B08LPKTVZW?tag=eloabder-20&linkCode=osi&th=1&psc=1"><img src="https://m.media-amazon.com/images/I/41AtaynrIqL._SL500_.jpg" alt="Product Image"></a><p>BEADNOVA Candle Cotton Wicks 4 Inch 150pcs Short Candle Making Wicks Cotton Wicks for Candle Making DIY</p><p>$4.99</p><a href="https://www.amazon.com/dp/B08LPKTVZW?tag=eloabder-20&linkCode=osi&th=1&psc=1">View Product</a></div><div class="product"><a href="https://www.amazon.com/dp/B0925G2VBY?tag=eloabder-20&linkCode=osi&th=1&psc=1"><img src="https://m.media-amazon.com/images/I/51EzgDRsxoL._SL500_.jpg" alt="Product Image"></a><p>CHEFBEE 200 FT Organic Hemp Wick, Hemp Wick Well Coated Natural Beeswax for Hemp Wick Lighter or Candle Making, Slow Burn, No Dripping, Standard Size(1.1mm)</p><p>$6.99</p><a href="https://www.amazon.com/dp/B0925G2VBY?tag=eloabder-20&linkCode=osi&th=1&psc=1">View Product</a></div>
<div class="product"><a href="https://www.amazon.com/dp/B0BJZYCQV3?tag=eloabder-20&linkCode=osi&th=1&psc=1"><img src="https://m.media-amazon.com/images/I/41dS7xm9bKL._SL500_.jpg" alt="Product Image"></a><p>Simetufy Canvas Boards for Painting 12 Pack,8 x 10 Inch Painting Canvas Panels, Blank Canvas for Painting- Gesso Primed Acid-Free 100% Cotton for Acrylics Oil Watercolor Tempera Paints</p><p>$12.99</p><a href="https://www.amazon.com/dp/B0BJZYCQV3?tag=eloabder-20&linkCode=osi&th=1&psc=1">View Product</a></div><div class="product"><a href="https://www.amazon.com/dp/B085F4JH1H?tag=eloabder-20&linkCode=osi&th=1&psc=1"><img src="https://m.media-amazon.com/images/I/41l7Efp7ILL._SL500_.jpg" alt="Product Image"></a><p>KEFF Canvas Boards for Painting - 24 Pack - Art Supplies Paint Canvas 5x7, 8x10, 9x12, 11x14 Canvas Panels, 100% Cotton Pre-Primed Large Canvas for Painting Supplies, Acrylic, Oil, Watercolor, Tempera</p><p>$24.99</p><a href="https://www.amazon.com/dp/B085F4JH1H?tag=eloabder-20&linkCode=osi&th=1&psc=1">View Product</a></div><div class="product"><a href="https://www.amazon.com/dp/B0CMXFTNDC?tag=eloabder-20&linkCode=osi&th=1&psc=1"><img src="https://m.media-amazon.com/images/I/41WZD2Y6GfL._SL500_.jpg" alt="Product Image"></a><p>ESRICH Canvas Boards for Painting, 5 Pack Canvases for Painting 8x10 Cotton Primed Acid Free Blank Canvas Panels for Oil Paint, Watercolor, Acrylic Paint, Gouache and Tempera.</p><p>$5.99</p><a href="https://www.amazon.com/dp/B0CMXFTNDC?tag=eloabder-20&linkCode=osi&th=1&psc=1">View Product</a></div><div class="product"><a href="https://www.amazon.com/dp/B0C6LMPMPJ?tag=eloabder-20&linkCode=osi&th=1&psc=1"><img src="https://m.media-amazon.com/images/I/51QF5c5qRiL._SL500_.jpg" alt="Product Image"></a><p>Simetufy Canvas Boards for Painting 32 Pack, Paint Canvas Panels Set - 5x7, 8x10, 9x12, 11x14 Inches, Pre-Primed 100% Cotton Blank Canvases for Oil Acrylic Watercolor Pouring Paint for Kids & Artists</p><p>$24.99</p><a href="https://www.amazon.com/dp/B0C6LMPMPJ?tag=eloabder-20&linkCode=osi&th=1&psc=1">View Product</a></div><div class="product"><a href="https://www.amazon.com/dp/B0CSD8VYYM?tag=eloabder-20&linkCode=osi&th=1&psc=1"><img src="https://m.media-amazon.com/images/I/41PeXd8MwvL._SL500_.jpg" alt="Product Image"></a><p>4 Pack 11x14 Inch Canvas Boards for Painting, Blank Canvases for Painting,Triple Primed for Oil & Acrylic Paints,100% Cotton Canvas Panels for Acrylics Oil Watercolor Tempera Paints,3mm Thickness</p><p>$8.49</p><a href="https://www.amazon.com/dp/B0CSD8VYYM?tag=eloabder-20&linkCode=osi&th=1&psc=1">View Product</a></div><div class="product"><a href="https://www.amazon.com/dp/B0D59RDVM5?tag=eloabder-20&linkCode=osi&th=1&psc=1"><img src="https://m.media-amazon.com/images/I/519TRFsibfL._SL500_.jpg" alt="Product Image"></a><p>Paroto Canvas Boards for Painting 12 Pack, Multi-Size Painting Canvas Set 5x7, 8x10, 10x12, 12x16 Inches, 100% Cotton Blank Canvas Oil Acrylic Watercolor Pouring Paint for Kids, Beginners, Artists</p><p>$23.99</p><a href="https://www.amazon.com/dp/B0D59RDVM5?tag=eloabder-20&linkCode=osi&th=1&psc=1">View Product</a></div><div class="product"><a href="https://www.amazon.com/dp/B0CSD8YM4L?tag=eloabder-20&linkCode=osi&th=1&psc=1"><img src="https://m.media-amazon.com/images/I/41ZgWqkIMFL._SL500_.jpg" alt="Product Image"></a><p>4 Pack 8x10 Inch Canvas Boards for Painting, Blank Canvases for Painting,Triple Primed for Oil & Acrylic Paints, 100% Cotton Canvas Panels, 3mm Thickness</p><p>$3.99</p><a href="https://www.amazon.com/dp/B0CSD8YM4L?tag=eloabder-20&linkCode=osi&th=1&psc=1">View Product</a></div><div class="product"><a href="https://www.amazon.com/dp/B0CQFTW7MH?tag=eloabder-20&linkCode=osi&th=1&psc=1"><img src="https://m.media-amazon.com/images/I/41PiitKvQTL._SL500_.jpg" alt="Product Image"></a><p>Simetufy 4 Pack Canvas Boards for Painting 12x16 inch, Canvases for Painting, Gesso Primed Acid-Free 100% Cotton Large Canvas Panels for Acrylics Oil Watercolor Tempera Paints</p><p>$11.99</p><a href="https://www.amazon.com/dp/B0CQFTW7MH?tag=eloabder-20&linkCode=osi&th=1&psc=1">View Product</a></div>
<div class="product"><a href="https://www.amazon.com/dp/B07D6V7H85?tag=eloabder-20&linkCode=osi&th=1&psc=1"><img src="https://m.media-amazon.com/images/I/41EEPf6prIL._SL500_.jpg" alt="Product Image"></a><p>U.S. Art Supply 36" Wide x 6 Yards (18 Feet) Long Unstretched Canvas Roll - 100% Cotton, 12-Ounce Triple Primed Gesso, Acid-Free - Pro Artist Quality, Oil & Acrylic Painting, Murals Backdrop, Cut Size</p><p>$49.99</p><a href="https://www.amazon.com/dp/B07D6V7H85?tag=eloabder-20&linkCode=osi&th=1&psc=1">View Product</a></div><div class="product"><a href="https://www.amazon.com/dp/B0C98L44GG?tag=eloabder-20&linkCode=osi&th=1&psc=1"><img src="https://m.media-amazon.com/images/I/31gEyNH9+sL._SL500_.jpg" alt="Product Image"></a><p>Kinlop Double Primed Cotton Canvas White Canvas Roll for Oil and Acrylic Paint (20 Feet x 48 Inch)</p><p>$38.99</p><a href="https://www.amazon.com/dp/B0C98L44GG?tag=eloabder-20&linkCode=osi&th=1&psc=1">View Product</a></div><div class="product"><a href="https://www.amazon.com/dp/B0CLSXCD1W?tag=eloabder-20&linkCode=osi&th=1&psc=1"><img src="https://m.media-amazon.com/images/I/414jbnjcrQL._SL500_.jpg" alt="Product Image"></a><p>U.S. Art Supply 10-Ounce Unprimed 63" Wide x 2 Yards (6 Feet) Long Heavyweight Unstretched Canvas Roll - 100% Cotton, Woven - Oil & Acrylic Painting, Murals, Backdrop - Cut To Stretcher Bar Frame Size</p><p>$24.99</p><a href="https://www.amazon.com/dp/B0CLSXCD1W?tag=eloabder-20&linkCode=osi&th=1&psc=1">View Product</a></div><div class="product"><a href="https://www.amazon.com/dp/B09MCHDSPR?tag=eloabder-20&linkCode=osi&th=1&psc=1"><img src="https://m.media-amazon.com/images/I/41S+37Lx2wL._SL500_.jpg" alt="Product Image"></a><p>100% Natural Cotton 7 oz Canvas Fabric (Duck), 63 Inches Wide X 3 Yards Long</p><p>$29.95</p><a href="https://www.amazon.com/dp/B09MCHDSPR?tag=eloabder-20&linkCode=osi&th=1&psc=1">View Product</a></div><div class="product"><a href="https://www.amazon.com/dp/B07VX9TLM1?tag=eloabder-20&linkCode=osi&th=1&psc=1"><img src="https://m.media-amazon.com/images/I/41-bqGVrblL._SL500_.jpg" alt="Product Image"></a><p>Premium Polyster Matte Canvas Roll, Quick Dry, Wide Format Inkjet Printer Compatible, Perfect for Fine Art, Photography, Giclée Printing, Archival Quality Prints. (24"x60' 290gsm Polyester)</p><p>$69.99</p><a href="https://www.amazon.com/dp/B07VX9TLM1?tag=eloabder-20&linkCode=osi&th=1&psc=1">View Product</a></div><div class="product"><a href="https://www.amazon.com/dp/B079VP3F1B?tag=eloabder-20&linkCode=osi&th=1&psc=1"><img src="https://m.media-amazon.com/images/I/31eaUH1-cWL._SL500_.jpg" alt="Product Image"></a><p>VViViD Double Primed Cotton Canvas 12" Wide Roll Choose Your Size! (10ft x 12" Roll)</p><p>$16.88</p><a href="https://www.amazon.com/dp/B079VP3F1B?tag=eloabder-20&linkCode=osi&th=1&psc=1">View Product</a></div><div class="product"><a href="https://www.amazon.com/dp/B09954KKH3?tag=eloabder-20&linkCode=osi&th=1&psc=1"><img src="https://m.media-amazon.com/images/I/41SwQCPSmAL._SL500_.jpg" alt="Product Image"></a><p>Polyester Canvas Roll Professional Matte Canvas Roll Wide format Inkjet Printing For Printing Drawing Oil Acrylic Or Water-Based Painting (200GSM Polyester 36"x100ft)</p><p>$123.99</p><a href="https://www.amazon.com/dp/B09954KKH3?tag=eloabder-20&linkCode=osi&th=1&psc=1">View Product</a></div>
<div class="product"><a href="https://www.amazon.com/dp/B003A2I5T8?tag=eloabder-20&linkCode=osi&th=1&psc=1"><img src="https://m.media-amazon.com/images/I/41LvtrGFjVL._SL500_.jpg" alt="Product Image"></a><p>Astrobrights/Neenah Bright White Cardstock, 8.5" x 11", 65 lb/176 gsm, White, 75 Sheets (90905-02) - Packaging May Vary</p><p>$6.99</p><a href="https://www.amazon.com/dp/B003A2I5T8?tag=eloabder-20&linkCode=osi&th=1&psc=1">View Product</a></div><div class="product"><a href="https://www.amazon.com/dp/B00006IDRW?tag=eloabder-20&linkCode=osi&th=1&psc=1"><img src="https://m.media-amazon.com/images/I/412xLv5ae7L._SL500_.jpg" alt="Product Image"></a><p>Neenah Premium Cardstock, 8.5" x 11", 65 lb/176 gsm, Bright White, 250 Sheets (91904)</p><p>$14.29</p><a href="https://www.amazon.com/dp/B00006IDRW?tag=eloabder-20&linkCode=osi&th=1&psc=1">View Product</a></div><div class="product"><a href="https://www.amazon.com/dp/B07FX5LCXK?tag=eloabder-20&linkCode=osi&th=1&psc=1"><img src="https://m.media-amazon.com/images/I/41n9D1rlKgL._SL500_.jpg" alt="Product Image"></a><p>Printworks White Cardstock, 67 lb, 92 Bright, FSC Certified, Perfect for School and Craft Projects, 8.5 x 11 Inch, 100 Sheets (00540)</p><p>$11.49</p><a href="https://www.amazon.com/dp/B07FX5LCXK?tag=eloabder-20&linkCode=osi&th=1&psc=1">View Product</a></div><div class="product"><a href="https://www.amazon.com/dp/B07QQ3L753?tag=eloabder-20&linkCode=osi&th=1&psc=1"><img src="https://m.media-amazon.com/images/I/41n0Ue3DLbL._SL500_.jpg" alt="Product Image"></a><p>Neenah White Index Paper, Mediumweight, 300 Sheets, 199 gsm, 94 Brightness, 8.5" x 11" - MORE SHEETS! (91635)</p><p>$15.99</p><a href="https://www.amazon.com/dp/B07QQ3L753?tag=eloabder-20&linkCode=osi&th=1&psc=1">View Product</a></div><div class="product"><a href="https://www.amazon.com/dp/B07D4YF3K4?tag=eloabder-20&linkCode=osi&th=1&psc=1"><img src="https://m.media-amazon.com/images/I/41ffykOOE7L._SL500_.jpg" alt="Product Image"></a><p>Neenah Index Cardstock, 8.5" x 11", 90 lb/163 gsm, White, Lightweight, 94 Brightness, 300 Sheets (91437)</p><p>$19.24</p><a href="https://www.amazon.com/dp/B07D4YF3K4?tag=eloabder-20&linkCode=osi&th=1&psc=1">View Product</a></div><div class="product"><a href="https://www.amazon.com/dp/B08DCF5B4P?tag=eloabder-20&linkCode=osi&th=1&psc=1"><img src="https://m.media-amazon.com/images/I/41GRzmuulDL._SL500_.jpg" alt="Product Image"></a><p>Hammermill White Cardstock, 110 Lb, 8.5 x 11 Colored Cardstock, 1 Pack (200 Sheets) - Thick Card Stock, Made in the USA, 168380R</p><p>$13.32</p><a href="https://www.amazon.com/dp/B08DCF5B4P?tag=eloabder-20&linkCode=osi&th=1&psc=1">View Product</a></div><div class="product"><a href="https://www.amazon.com/dp/B0CYPPHFV9?tag=eloabder-20&linkCode=osi&th=1&psc=1"><img src="https://m.media-amazon.com/images/I/51IQR4E5R1L._SL500_.jpg" alt="Product Image"></a><p>96 Sheets Colored Cardstock 24 Colors, 8.5x11 Color Cardstock Bulk, 200gsm/75lb Assorted Colors Construction Paper for Printing, Card Making, Die Cutting, Crafts, Scrapbooking, Party Decorations</p><p>$12.99</p><a href="https://www.amazon.com/dp/B0CYPPHFV9?tag=eloabder-20&linkCode=osi&th=1&psc=1">View Product</a></div><div class="product"><a href="https://www.amazon.com/dp/B07QNMF4ZP?tag=eloabder-20&linkCode=osi&th=1&psc=1"><img src="https://m.media-amazon.com/images/I/41mVi2qUcyL._SL500_.jpg" alt="Product Image"></a><p>Printworks White Cardstock, Standard, 67 lb. Vellum, 92 Bright, 250 sheets, 8.5 x 11, For Office, Home & School Printing, Craft Projects (00564)</p><p>$12.92</p><a href="https://www.amazon.com/dp/B07QNMF4ZP?tag=eloabder-20&linkCode=osi&th=1&psc=1">View Product</a></div><div class="product"><a href="https://www.amazon.com/dp/B09Y681BML?tag=eloabder-20&linkCode=osi&th=1&psc=1"><img src="https://m.media-amazon.com/images/I/41whFoq6OEL._SL500_.jpg" alt="Product Image"></a><p>Astrobrights Mega Collection, Colored Cardstock, Punchy Pastel 5-Color Assortment, 320 Sheets, 65 lb./176 gsm, 8.5" x 11" - MORE SHEETS! (91780)</p><p>$19.87</p><a href="https://www.amazon.com/dp/B09Y681BML?tag=eloabder-20&linkCode=osi&th=1&psc=1">View Product</a></div>


<div class="product"><a href="https://www.amazon.com/dp/B0B7DZ4YPN?tag=eloabder-20&linkCode=osi&th=1&psc=1"><img src="https://m.media-amazon.com/images/I/51NIBuS801L._SL500_.jpg" alt="Product Image"></a><p>Epoxy Resin 64OZ - Crystal Clear Epoxy Resin Kit - No Yellowing No Bubble Art Resin Casting Resin for Art Crafts, Jewelry Making, Wood & Resin Molds(32OZ x 2)</p><p>$34.99 ($0.55 / Ounce)</p><a href="https://www.amazon.com/dp/B0B7DZ4YPN?tag=eloabder-20&linkCode=osi&th=1&psc=1">View Product</a></div><div class="product"><a href="https://www.amazon.com/dp/B0CPVCRD93?tag=eloabder-20&linkCode=osi&th=1&psc=1"><img src="https://m.media-amazon.com/images/I/51mBmD2NCqL._SL500_.jpg" alt="Product Image"></a><p>Puduo Epoxy Resin Kit 72OZ，Newly Formulated Crystal Clear Epoxy Resin，Strong, Bubble-Free, Anti-Yellowing Art Resin That，Suitable for Casting, DIY, Resin Art, Molds, Jewelry, Easy to Mix 1:1 Ratio</p><p>$36.99 ($0.51 / Ounce)</p><a href="https://www.amazon.com/dp/B0CPVCRD93?tag=eloabder-20&linkCode=osi&th=1&psc=1">View Product</a></div><div class="product"><a href="https://www.amazon.com/dp/B0BY2PFY62?tag=eloabder-20&linkCode=osi&th=1&psc=1"><img src="https://m.media-amazon.com/images/I/51jY4DbLEVL._SL500_.jpg" alt="Product Image"></a><p>LET'S RESIN Polyurethane Resin, 60oz 2 Part Casting Resin, Fast Cured Resin within 10 Minutes, Ultra Low Viscosity & Low Odor Pourable Liquid Plastic for Casting Models, Prototypes & Other Resin Craft</p><p>$40.99 ($0.68 / Ounce)</p><a href="https://www.amazon.com/dp/B0BY2PFY62?tag=eloabder-20&linkCode=osi&th=1&psc=1">View Product</a></div><div class="product"><a href="https://www.amazon.com/dp/B0CXLX1BF1?tag=eloabder-20&linkCode=osi&th=1&psc=1"><img src="https://m.media-amazon.com/images/I/51B03piFSWL._SL500_.jpg" alt="Product Image"></a><p>Epoxy Resin,1 Gallon Crystal Clear Epoxy Resin Kit, High-Gloss & Bubbles Free Resin and Hardener Kit, Art Resin Casting Resin for Art Crafts, Jewelry Making, Wood & Resin Molds…</p><p>$49.99</p><a href="https://www.amazon.com/dp/B0CXLX1BF1?tag=eloabder-20&linkCode=osi&th=1&psc=1">View Product</a></div><div class="product"><a href="https://www.amazon.com/dp/B0B79JKMTN?tag=eloabder-20&linkCode=osi&th=1&psc=1"><img src="https://m.media-amazon.com/images/I/51awzY+fOoL._SL500_.jpg" alt="Product Image"></a><p>Teexpert Crystal Clear Epoxy Resin Kit 1 Gallon Self-Leveling Coating and Casting Resin, High-Gloss & Bubbles Free Resin and Hardener Kit for DIY Art, Jewelry, Table Top, Molds, Wood 1:1 Ratio</p><p>$49.49 ($0.39 / Fl Oz)</p><a href="https://www.amazon.com/dp/B0B79JKMTN?tag=eloabder-20&linkCode=osi&th=1&psc=1">View Product</a></div><div class="product"><a href="https://www.amazon.com/dp/B0CZDCWRDS?tag=eloabder-20&linkCode=osi&th=1&psc=1"><img src="https://m.media-amazon.com/images/I/51NoC3Siy8L._SL500_.jpg" alt="Product Image"></a><p>Puduo Epoxy Resin Kit 1.1Gallon，Newly Formulated Crystal Clear Epoxy Resin，Strong, Bubble-Free, Anti-Yellowing Art Resin That，Suitable for Casting, DIY, Resin Art, Molds, Easy to Mix 1:1 Ratio</p><p>$48.99 ($0.35 / Ounce)</p><a href="https://www.amazon.com/dp/B0CZDCWRDS?tag=eloabder-20&linkCode=osi&th=1&psc=1">View Product</a></div><div class="product"><a href="https://www.amazon.com/dp/B0C786S8ZW?tag=eloabder-20&linkCode=osi&th=1&psc=1"><img src="https://m.media-amazon.com/images/I/51PD1cgR+-L._SL500_.jpg" alt="Product Image"></a><p>LET'S RESIN EPOXY RESIN 2 Gallon Casting Resin with Pumps, Bubble Free & High-Gloss Resin Epoxy Kit, Crystal Clear Epoxy Resin and Hardener for DIY Art, Molds Casting,Craft</p><p>$87.00 ($0.34 / Fl Oz)</p><a href="https://www.amazon.com/dp/B0C786S8ZW?tag=eloabder-20&linkCode=osi&th=1&psc=1">View Product</a></div><div class="product"><a href="https://www.amazon.com/dp/B0BYV7YX2K?tag=eloabder-20&linkCode=osi&th=1&psc=1"><img src="https://m.media-amazon.com/images/I/41dTpbgWB+L._SL500_.jpg" alt="Product Image"></a><p>TAKIMO 1 Gallon Crystal Clear Resin Kit,No Bubble & Not Yellowing Epoxy Resin for Coating, Casting, Table Top,DIY, Bar Top, River Tables, Resin Art, Wood with High Gloss Finish</p><p>$39.99</p><a href="https://www.amazon.com/dp/B0BYV7YX2K?tag=eloabder-20&linkCode=osi&th=1&psc=1">View Product</a></div>
<div class="product"><a href="https://www.amazon.com/dp/B093D6Q4V2?tag=eloabder-20&linkCode=osi&th=1&psc=1"><img src="https://m.media-amazon.com/images/I/51GS6ht5RsS._SL500_.jpg" alt="Product Image"></a><p>Brusarth Professional Charcoal Pencils Drawing Set - 6 Pieces Soft Medium and Hard Charcoal Pencils for Drawing, Sketching, Shading</p><p>$5.57</p><a href="https://www.amazon.com/dp/B093D6Q4V2?tag=eloabder-20&linkCode=osi&th=1&psc=1">View Product</a></div><div class="product"><a href="https://www.amazon.com/dp/B000VXONF4?tag=eloabder-20&linkCode=osi&th=1&psc=1"><img src="https://m.media-amazon.com/images/I/51DxvUPz4nL._SL500_.jpg" alt="Product Image"></a><p>General Pencil 957ABP Compressed Charcoal Sticks 4/Pkg-Black - Soft Assorted</p><p>$6.09 ($1.52 / Count)</p><a href="https://www.amazon.com/dp/B000VXONF4?tag=eloabder-20&linkCode=osi&th=1&psc=1">View Product</a></div><div class="product"><a href="https://www.amazon.com/dp/B0BZSZ2W1B?tag=eloabder-20&linkCode=osi&th=1&psc=1"><img src="https://m.media-amazon.com/images/I/41aJEjrQ16L._SL500_.jpg" alt="Product Image"></a><p>ANNECOSK Willow Charcoal Sticks, 10PCS Willow Charcoal Pencils for Artists Drawing, Sketching</p><p>$7.99</p><a href="https://www.amazon.com/dp/B0BZSZ2W1B?tag=eloabder-20&linkCode=osi&th=1&psc=1">View Product</a></div><div class="product"><a href="https://www.amazon.com/dp/B088K31QB7?tag=eloabder-20&linkCode=osi&th=1&psc=1"><img src="https://m.media-amazon.com/images/I/51giSzQeUzL._SL500_.jpg" alt="Product Image"></a><p>MARKART Professional Charcoal Pencils Drawing Set - 10 Pieces Soft Medium and Hard Charcoal Pencils for Drawing, Sketching, Shading</p><p>$5.99</p><a href="https://www.amazon.com/dp/B088K31QB7?tag=eloabder-20&linkCode=osi&th=1&psc=1">View Product</a></div><div class="product"><a href="https://www.amazon.com/dp/B0CHM9YB18?tag=eloabder-20&linkCode=osi&th=1&psc=1"><img src="https://m.media-amazon.com/images/I/51-cFJewi5L._SL500_.jpg" alt="Product Image"></a><p>PANDAFLY Willow Charcoal Sticks, Soft, Black Artist Vine Charcoal for Artists, Beginners, Students, Great for Sketching, Drawing, Shading and Fine Art, 7-9mm, 25 Pack</p><p>$7.99</p><a href="https://www.amazon.com/dp/B0CHM9YB18?tag=eloabder-20&linkCode=osi&th=1&psc=1">View Product</a></div><div class="product"><a href="https://www.amazon.com/dp/B004O7FFR8?tag=eloabder-20&linkCode=osi&th=1&psc=1"><img src="https://m.media-amazon.com/images/I/51JJnYm-n2L._SL500_.jpg" alt="Product Image"></a><p>Strathmore 300 Series Charcoal Paper Pad, Top Wire Bound, 9x12 inches, 32 Sheets (64lb/95g) - Artist Paper for Adults and Students - Charcoal and Pastel</p><p>$8.86</p><a href="https://www.amazon.com/dp/B004O7FFR8?tag=eloabder-20&linkCode=osi&th=1&psc=1">View Product</a></div><div class="product"><a href="https://www.amazon.com/dp/B09KY8MT2T?tag=eloabder-20&linkCode=osi&th=1&psc=1"><img src="https://m.media-amazon.com/images/I/31buTPEV5IL._SL500_.jpg" alt="Product Image"></a><p>Raven Powders Premium Charcoal Powder for Drawing and Art</p><p>$9.99</p><a href="https://www.amazon.com/dp/B09KY8MT2T?tag=eloabder-20&linkCode=osi&th=1&psc=1">View Product</a></div><div class="product"><a href="https://www.amazon.com/dp/B0021IK626?tag=eloabder-20&linkCode=osi&th=1&psc=1"><img src="https://m.media-amazon.com/images/I/317wgA0GITL._SL500_.jpg" alt="Product Image"></a><p>Winsor & Newton Artist Vine Charcoal Sticks, Soft, Box of 12 Sticks</p><p>$10.56</p><a href="https://www.amazon.com/dp/B0021IK626?tag=eloabder-20&linkCode=osi&th=1&psc=1">View Product</a></div>
<div class="product"><a href="https://www.amazon.com/dp/B0CHF9KZSW?tag=eloabder-20&linkCode=osi&th=1&psc=1"><img src="https://m.media-amazon.com/images/I/61lm2iV1gGL._SL500_.jpg" alt="Product Image"></a><p>KALOUR Professional Charcoal Pencils Drawing Set -12 Pieces Soft, Medium and Hard Charcoal Pencils for Drawing, Sketching, Shading, Artist Pencils for Beginners & Artists</p><p>$5.99</p><a href="https://www.amazon.com/dp/B0CHF9KZSW?tag=eloabder-20&linkCode=osi&th=1&psc=1">View Product</a></div><div class="product"><a href="https://www.amazon.com/dp/B0D41JG73W?tag=eloabder-20&linkCode=osi&th=1&psc=1"><img src="https://m.media-amazon.com/images/I/41K5KaeEE0L._SL500_.jpg" alt="Product Image"></a><p>Aenir White Charcoal Pencils, Pack of 12 Charcoal Drawing Pencils, Charcoal Pencils for Artists, Art Supplies for Drawing and Highlighting, Charcoal Pencils for Drawing, Sketching, Shading & Coloring.</p><p>$7.99</p><a href="https://www.amazon.com/dp/B0D41JG73W?tag=eloabder-20&linkCode=osi&th=1&psc=1">View Product</a></div><div class="product"><a href="https://www.amazon.com/dp/B004BPNUMA?tag=eloabder-20&linkCode=osi&th=1&psc=1"><img src="https://m.media-amazon.com/images/I/41EWfMXntlL._SL500_.jpg" alt="Product Image"></a><p>Peel & Sketch Charcoal Pencils 3/Pkg-</p><p>$6.96</p><a href="https://www.amazon.com/dp/B004BPNUMA?tag=eloabder-20&linkCode=osi&th=1&psc=1">View Product</a></div><div class="product"><a href="https://www.amazon.com/dp/B0C5V1QWPJ?tag=eloabder-20&linkCode=osi&th=1&psc=1"><img src="https://m.media-amazon.com/images/I/51bZBOoKtoL._SL500_.jpg" alt="Product Image"></a><p>Brusarth Charcoal Drawing Set -12 pc Black charcoal pencils, White Charcoal Pencils, Eraser Pencils, Blending Stumps for Drawing, Sketching, Shading, Artist Pencils for Beginners & Artists</p><p>$7.99</p><a href="https://www.amazon.com/dp/B0C5V1QWPJ?tag=eloabder-20&linkCode=osi&th=1&psc=1">View Product</a></div>

    </div>

    <!-- Bouton flottant -->
    <button class="floating-button" onclick="window.location.href='https://www.iasmarket.us'">HOME</button>
<div class="pagination">
                       <a href="https://iasmarket.github.io/ArtsAndCrafts/">0</a>
            <a href="https://iasmarket.github.io/ArtsAndCrafts/1">1</a>
            <a href="https://iasmarket.github.io/ArtsAndCrafts/2">2</a>
            <a href="https://iasmarket.github.io/ArtsAndCrafts/3">3</a>
                  <a href="https://iasmarket.github.io/ArtsAndCrafts/4">4</a>
            <a href="https://iasmarket.github.io/ArtsAndCrafts/5">5</a>
            <a href="https://iasmarket.github.io/ArtsAndCrafts/6">6</a>
            <a href="https://iasmarket.github.io/ArtsAndCrafts/7">7</a>
        <!-- Ajoutez plus de liens si nécessaire -->
    </div>
    <script>
        function updateTime() {
            const optionsDate = {
                timeZone: 'America/Los_Angeles',
                year: 'numeric',
                month: 'long',
                day: 'numeric',
                weekday: 'long'
            };
            const optionsTime = {
                timeZone: 'America/Los_Angeles',
                hour: '2-digit',
                minute: '2-digit',
                second: '2-digit'
            };

            const now = new Date();
            const formatterDate = new Intl.DateTimeFormat('en-US', optionsDate);
            const formatterTime = new Intl.DateTimeFormat('en-US', optionsTime);

            const formattedDate = formatterDate.format(now);
            const formattedTime = formatterTime.format(now);

            document.getElementById('comment').textContent = "As an AMAZON Associate, I earn from qualifying purchases.";
            document.getElementById('date').textContent = formattedDate;
            document.getElementById('time').textContent = formattedTime;
        }

        updateTime();
        setInterval(updateTime, 1000);
    </script>
</body>

</html>
