<!DOCTYPE html>
<html lang="en">

<head>
    <meta charset="UTF-8">
    <meta http-equiv="X-UA-Compatible" content="IE=edge">
    <meta name="viewport" content="width=device-width, initial-scale=1.0">
    <title>Amazon Product Page</title>
    <style>
        body {
            background-color: black;
            color: white;
        }

        .datetime {
            text-align: center;
            color: gray;
        }

        .date, .time {
            font-size: 48px;
        }

        .container {
            display: flex;
            flex-wrap: wrap;
            justify-content: center;
            align-items: center;
            min-height: calc(100vh - 7cm);
        }

        .product {
            width: calc(100% / 4);
            margin-bottom: 20px;
            text-align: center;
            border: 1px solid red;
            border-radius: 10px;
            overflow: hidden;
            padding: 10px;
            display: flex;
            flex-direction: column;
            background-color: black;
            color: white;
        }

        .product .content {
            height: 200px;
            overflow: hidden;
        }

        .product img {
            width: 100%;
            height: auto;
            display: block;
        }

        .product .description {
            margin-top: 10px;
        }

        .product .more-link {
            margin-top: 5px;
            cursor: pointer;
            color: blue;
        }
        .pagination {
            text-align: center;
            margin: 20px 0;
        }

        .pagination a {
            color: white;
            padding: 8px 16px;
            text-decoration: none;
            background-color: gray;
            margin: 0 4px;
            border-radius: 4px;
        }

        .pagination a:hover {
            background-color: #575757;
        }
        @media (min-width: 768px) and (max-width: 991px) {
            .product {
                width: calc(100% / 3);
            }
        }

        @media (max-width: 767px) {
            .product {
                width: 100%;
            }
        }

        /* Style pour le bouton flottant */
        .floating-button {
            position: fixed;
            bottom: 20px;
            right: 20px;
            background-color: red;
            color: white;
            border: none;
            border-radius: 50%;
            width: 60px;
            height: 60px;
            text-align: center;
            font-size: 18px;
            cursor: pointer;
            z-index: 1000;
            box-shadow: 0 4px 8px rgba(0, 0, 0, 0.2);
        }
    </style>
</head>

<body>
    <div class="datetime">
        <div class="date" id="comment"></div>
        <div class="date" id="date"></div>
        <div class="time" id="time"></div>
    </div>

    <div class="container">
      

<div class="product"><a href="https://www.amazon.com/dp/B0D3HPD7WP?tag=eloabder-20&linkCode=osi&th=1&psc=1"><img src="https://m.media-amazon.com/images/I/31KSmmAWUWL._SL500_.jpg" alt="Product Image"></a><p>50 Sheets Grey Cardstock Paper, Colored Printer Paper 8.5 x 11, Thick Construction Paper for Cards Making, Scrapbook，Office Printing, Invitations, Certificates，DIY Crafting 92 lb/250gsm</p><p>$9.99</p><a href="https://www.amazon.com/dp/B0D3HPD7WP?tag=eloabder-20&linkCode=osi&th=1&psc=1">View Product</a></div>

<div class="product"><a href="https://www.amazon.com/dp/B0D3HPD7WP?tag=eloabder-20&linkCode=osi&th=1&psc=1"><img src="https://m.media-amazon.com/images/I/31KSmmAWUWL._SL500_.jpg" alt="Product Image"></a><p>50 Sheets Grey Cardstock Paper, Colored Printer Paper 8.5 x 11, Thick Construction Paper for Cards Making, Scrapbook，Office Printing, Invitations, Certificates，DIY Crafting 92 lb/250gsm</p><p>$9.99</p><a href="https://www.amazon.com/dp/B0D3HPD7WP?tag=eloabder-20&linkCode=osi&th=1&psc=1">View Product</a></div>
<div class="product"><a href="https://www.amazon.com/dp/B076CP6F36?tag=eloabder-20&linkCode=osi&th=1&psc=1"><img src="https://m.media-amazon.com/images/I/51rfEIvgI+L._SL500_.jpg" alt="Product Image"></a><p>Apple Barrel, Vibrant Spectrum Collection Acrylic Craft Paint, PROMOABIII, 2 fl oz each, 16 assorted matte colors, 16 count</p><p>$15.97 ($0.50 / Fl Oz)</p><a href="https://www.amazon.com/dp/B076CP6F36?tag=eloabder-20&linkCode=osi&th=1&psc=1">View Product</a></div><div class="product"><a href="https://www.amazon.com/dp/B0BKFLSYQF?tag=eloabder-20&linkCode=osi&th=1&psc=1"><img src="https://m.media-amazon.com/images/I/51a0PmPRknL._SL500_.jpg" alt="Product Image"></a><p>72 Pack Acrylic Paint Set, Shuttle Art 60 Colors Acrylic Paint Including Extra White Black & 12 Brushes, 2oz/60ml, Rich Pigmented, Water Proof, Ideal for Artists, Beginners on Canvas Rock Wood Ceramic</p><p>$45.99 ($23.00 / Fl Oz)</p><a href="https://www.amazon.com/dp/B0BKFLSYQF?tag=eloabder-20&linkCode=osi&th=1&psc=1">View Product</a></div><div class="product"><a href="https://www.amazon.com/dp/B08CB3JH79?tag=eloabder-20&linkCode=osi&th=1&psc=1"><img src="https://m.media-amazon.com/images/I/51OUZsFdnTL._SL500_.jpg" alt="Product Image"></a><p>Acrylic Paint Set of 36 Colors 2fl oz 60ml Bottles,Non Toxic 36 Colors Acrylic Paint No Fading Rich Pigment for Kids Adults Artists Canvas Crafts Wood Painting</p><p>$32.99 ($0.46 / Fl Oz)</p><a href="https://www.amazon.com/dp/B08CB3JH79?tag=eloabder-20&linkCode=osi&th=1&psc=1">View Product</a></div><div class="product"><a href="https://www.amazon.com/dp/B0018NBVKQ?tag=eloabder-20&linkCode=osi&th=1&psc=1"><img src="https://m.media-amazon.com/images/I/31YlSvZMTCL._SL500_.jpg" alt="Product Image"></a><p>Apple Barrel Acrylic Paint in Assorted Colors (8 Ounce), 20403 White</p><p>$2.67 ($0.33 / Fl Oz)</p><a href="https://www.amazon.com/dp/B0018NBVKQ?tag=eloabder-20&linkCode=osi&th=1&psc=1">View Product</a></div><div class="product"><a href="https://www.amazon.com/dp/B077WSBLZ1?tag=eloabder-20&linkCode=osi&th=1&psc=1"><img src="https://m.media-amazon.com/images/I/51KPkXpLn1L._SL500_.jpg" alt="Product Image"></a><p>Shuttle Art Acrylic Paint Set, 30 x12ml Tubes Artist Quality Non Toxic Rich Pigments Colors Great for Kids Adults Professional Painting on Rocks Canvas Wood Clay Fabric Ceramic Crafts</p><p>$12.99 ($1.08 / Fl Oz)</p><a href="https://www.amazon.com/dp/B077WSBLZ1?tag=eloabder-20&linkCode=osi&th=1&psc=1">View Product</a></div><div class="product"><a href="https://www.amazon.com/dp/B00889Z5Y6?tag=eloabder-20&linkCode=osi&th=1&psc=1"><img src="https://m.media-amazon.com/images/I/41MQjsyDbSL._SL500_.jpg" alt="Product Image"></a><p>Apple Barrel Acrylic Paint in Assorted Colors (2 oz), 20764, Apricot</p><p>$0.58 ($0.29 / Fl Oz)</p><a href="https://www.amazon.com/dp/B00889Z5Y6?tag=eloabder-20&linkCode=osi&th=1&psc=1">View Product</a></div><div class="product"><a href="https://www.amazon.com/dp/B09TWQD5ZL?tag=eloabder-20&linkCode=osi&th=1&psc=1"><img src="https://m.media-amazon.com/images/I/41B0L003QXL._SL500_.jpg" alt="Product Image"></a><p>Artkey Acrylic Paint Set - 24 colors 2 oz/59 ml Acrylic Paints Professional Artists Painting Kit for Canvases Fabric Rock Leather Easter Egg Wood Ceramic Glass Art Craft Painting</p><p>$19.99 ($0.42 / Fl Oz)</p><a href="https://www.amazon.com/dp/B09TWQD5ZL?tag=eloabder-20&linkCode=osi&th=1&psc=1">View Product</a></div><div class="product"><a href="https://www.amazon.com/dp/B07Z93LQDB?tag=eloabder-20&linkCode=osi&th=1&psc=1"><img src="https://m.media-amazon.com/images/I/51veoN6zK0L._SL500_.jpg" alt="Product Image"></a><p>Shuttle Art Acrylic Paint Set, 36 Colors Acrylic Paint with Brushes & Palette, 2oz Bottles, Rich Pigments Non-toxic Paint for Artists Kids & Adults, Art Supplies for Canvas Rock Ceramic Wood Painting</p><p>$27.99</p><a href="https://www.amazon.com/dp/B07Z93LQDB?tag=eloabder-20&linkCode=osi&th=1&psc=1">View Product</a></div><div class="product"><a href="https://www.amazon.com/dp/B002665SYY?tag=eloabder-20&linkCode=osi&th=1&psc=1"><img src="https://m.media-amazon.com/images/I/31sJJeWK6OS._SL500_.jpg" alt="Product Image"></a><p>Liquitex BASICS Acrylic Paint, 250ml (8.5-oz) Tube, Titanium White</p><p>$9.99 ($1.18 / Fl Oz)</p><a href="https://www.amazon.com/dp/B002665SYY?tag=eloabder-20&linkCode=osi&th=1&psc=1">View Product</a></div>

<div class="product"><a href="https://www.amazon.com/dp/B0D3HPD7WP?tag=eloabder-20&linkCode=osi&th=1&psc=1"><img src="https://m.media-amazon.com/images/I/31KSmmAWUWL._SL500_.jpg" alt="Product Image"></a><p>50 Sheets Grey Cardstock Paper, Colored Printer Paper 8.5 x 11, Thick Construction Paper for Cards Making, Scrapbook，Office Printing, Invitations, Certificates，DIY Crafting 92 lb/250gsm</p><p>$9.99</p><a href="https://www.amazon.com/dp/B0D3HPD7WP?tag=eloabder-20&linkCode=osi&th=1&psc=1">View Product</a></div>
<div class="product"><a href="https://www.amazon.com/dp/B076CP6F36?tag=eloabder-20&linkCode=osi&th=1&psc=1"><img src="https://m.media-amazon.com/images/I/51rfEIvgI+L._SL500_.jpg" alt="Product Image"></a><p>Apple Barrel, Vibrant Spectrum Collection Acrylic Craft Paint, PROMOABIII, 2 fl oz each, 16 assorted matte colors, 16 count</p><p>$15.97 ($0.50 / Fl Oz)</p><a href="https://www.amazon.com/dp/B076CP6F36?tag=eloabder-20&linkCode=osi&th=1&psc=1">View Product</a></div><div class="product"><a href="https://www.amazon.com/dp/B0BKFLSYQF?tag=eloabder-20&linkCode=osi&th=1&psc=1"><img src="https://m.media-amazon.com/images/I/51a0PmPRknL._SL500_.jpg" alt="Product Image"></a><p>72 Pack Acrylic Paint Set, Shuttle Art 60 Colors Acrylic Paint Including Extra White Black & 12 Brushes, 2oz/60ml, Rich Pigmented, Water Proof, Ideal for Artists, Beginners on Canvas Rock Wood Ceramic</p><p>$45.99 ($23.00 / Fl Oz)</p><a href="https://www.amazon.com/dp/B0BKFLSYQF?tag=eloabder-20&linkCode=osi&th=1&psc=1">View Product</a></div><div class="product"><a href="https://www.amazon.com/dp/B08CB3JH79?tag=eloabder-20&linkCode=osi&th=1&psc=1"><img src="https://m.media-amazon.com/images/I/51OUZsFdnTL._SL500_.jpg" alt="Product Image"></a><p>Acrylic Paint Set of 36 Colors 2fl oz 60ml Bottles,Non Toxic 36 Colors Acrylic Paint No Fading Rich Pigment for Kids Adults Artists Canvas Crafts Wood Painting</p><p>$32.99 ($0.46 / Fl Oz)</p><a href="https://www.amazon.com/dp/B08CB3JH79?tag=eloabder-20&linkCode=osi&th=1&psc=1">View Product</a></div><div class="product"><a href="https://www.amazon.com/dp/B0018NBVKQ?tag=eloabder-20&linkCode=osi&th=1&psc=1"><img src="https://m.media-amazon.com/images/I/31YlSvZMTCL._SL500_.jpg" alt="Product Image"></a><p>Apple Barrel Acrylic Paint in Assorted Colors (8 Ounce), 20403 White</p><p>$2.67 ($0.33 / Fl Oz)</p><a href="https://www.amazon.com/dp/B0018NBVKQ?tag=eloabder-20&linkCode=osi&th=1&psc=1">View Product</a></div><div class="product"><a href="https://www.amazon.com/dp/B077WSBLZ1?tag=eloabder-20&linkCode=osi&th=1&psc=1"><img src="https://m.media-amazon.com/images/I/51KPkXpLn1L._SL500_.jpg" alt="Product Image"></a><p>Shuttle Art Acrylic Paint Set, 30 x12ml Tubes Artist Quality Non Toxic Rich Pigments Colors Great for Kids Adults Professional Painting on Rocks Canvas Wood Clay Fabric Ceramic Crafts</p><p>$12.99 ($1.08 / Fl Oz)</p><a href="https://www.amazon.com/dp/B077WSBLZ1?tag=eloabder-20&linkCode=osi&th=1&psc=1">View Product</a></div><div class="product"><a href="https://www.amazon.com/dp/B00889Z5Y6?tag=eloabder-20&linkCode=osi&th=1&psc=1"><img src="https://m.media-amazon.com/images/I/41MQjsyDbSL._SL500_.jpg" alt="Product Image"></a><p>Apple Barrel Acrylic Paint in Assorted Colors (2 oz), 20764, Apricot</p><p>$0.58 ($0.29 / Fl Oz)</p><a href="https://www.amazon.com/dp/B00889Z5Y6?tag=eloabder-20&linkCode=osi&th=1&psc=1">View Product</a></div><div class="product"><a href="https://www.amazon.com/dp/B09TWQD5ZL?tag=eloabder-20&linkCode=osi&th=1&psc=1"><img src="https://m.media-amazon.com/images/I/41B0L003QXL._SL500_.jpg" alt="Product Image"></a><p>Artkey Acrylic Paint Set - 24 colors 2 oz/59 ml Acrylic Paints Professional Artists Painting Kit for Canvases Fabric Rock Leather Easter Egg Wood Ceramic Glass Art Craft Painting</p><p>$19.99 ($0.42 / Fl Oz)</p><a href="https://www.amazon.com/dp/B09TWQD5ZL?tag=eloabder-20&linkCode=osi&th=1&psc=1">View Product</a></div><div class="product"><a href="https://www.amazon.com/dp/B07Z93LQDB?tag=eloabder-20&linkCode=osi&th=1&psc=1"><img src="https://m.media-amazon.com/images/I/51veoN6zK0L._SL500_.jpg" alt="Product Image"></a><p>Shuttle Art Acrylic Paint Set, 36 Colors Acrylic Paint with Brushes & Palette, 2oz Bottles, Rich Pigments Non-toxic Paint for Artists Kids & Adults, Art Supplies for Canvas Rock Ceramic Wood Painting</p><p>$27.99</p><a href="https://www.amazon.com/dp/B07Z93LQDB?tag=eloabder-20&linkCode=osi&th=1&psc=1">View Product</a></div><div class="product"><a href="https://www.amazon.com/dp/B002665SYY?tag=eloabder-20&linkCode=osi&th=1&psc=1"><img src="https://m.media-amazon.com/images/I/31sJJeWK6OS._SL500_.jpg" alt="Product Image"></a><p>Liquitex BASICS Acrylic Paint, 250ml (8.5-oz) Tube, Titanium White</p><p>$9.99 ($1.18 / Fl Oz)</p><a href="https://www.amazon.com/dp/B002665SYY?tag=eloabder-20&linkCode=osi&th=1&psc=1">View Product</a></div>
<div class="product"><a href="https://www.amazon.com/dp/B0CC98XLGL?tag=eloabder-20&linkCode=osi&th=1&psc=1"><img src="https://m.media-amazon.com/images/I/51ZLw+nThiL._SL500_.jpg" alt="Product Image"></a><p>HUIRUSO 4 Pack Double Sided Tape Roller, Scrapbook Supplies, Glue Tape Roller for Crafts, Double-Sided Adhesive Tape Runner for Scrapbooking, School Office Journaling Supplies (0.31 in X 26.25 ft)</p><p>$6.99 ($1.75 / Count)</p><a href="https://www.amazon.com/dp/B0CC98XLGL?tag=eloabder-20&linkCode=osi&th=1&psc=1">View Product</a></div><div class="product"><a href="https://www.amazon.com/dp/B007XAAE6K?tag=eloabder-20&linkCode=osi&th=1&psc=1"><img src="https://m.media-amazon.com/images/I/414qxYVR0wL._SL500_.jpg" alt="Product Image"></a><p>Scotch Double Sided Tape Runner, 1-Pack, 0.27 in x 26 ft., Perfect for Holiday Crafts, Gifts, and More</p><p>$4.47</p><a href="https://www.amazon.com/dp/B007XAAE6K?tag=eloabder-20&linkCode=osi&th=1&psc=1">View Product</a></div><div class="product"><a href="https://www.amazon.com/dp/B0BZVGPFSK?tag=eloabder-20&linkCode=osi&th=1&psc=1"><img src="https://m.media-amazon.com/images/I/51-ue9+7JkL._SL500_.jpg" alt="Product Image"></a><p>Birllaid Double Sided Tape for Walls, Picture Hanging Strips Removable Mounting Dots Adhesive Heavy Duty, Removable for Art Craft, Decoration, Party Supplies, Multipurpose</p><p>$11.99</p><a href="https://www.amazon.com/dp/B0BZVGPFSK?tag=eloabder-20&linkCode=osi&th=1&psc=1">View Product</a></div><div class="product"><a href="https://www.amazon.com/dp/B0CGVN9SL1?tag=eloabder-20&linkCode=osi&th=1&psc=1"><img src="https://m.media-amazon.com/images/I/41Hy+i4CnoL._SL500_.jpg" alt="Product Image"></a><p>30Ft x 1 Inch Hook and Loop Strips with Adhesive,Double Rolls of Heavy Duty Self Adhesive Tape with Backing, Nylon Self Adhesive Tape for Home Office School and Crafting,White</p><p>$9.99</p><a href="https://www.amazon.com/dp/B0CGVN9SL1?tag=eloabder-20&linkCode=osi&th=1&psc=1">View Product</a></div><div class="product"><a href="https://www.amazon.com/dp/B07Y3VDPLF?tag=eloabder-20&linkCode=osi&th=1&psc=1"><img src="https://m.media-amazon.com/images/I/41cyKQ2OMuL._SL500_.jpg" alt="Product Image"></a><p>Melsan 1x4 inch Hook and Loop Strips with Adhesive - 15 Sets, Strong Back Adhesive Fasten Mounting Tape for Home or Office Use - Instead of Holes and Screws, Black</p><p>$7.82</p><a href="https://www.amazon.com/dp/B07Y3VDPLF?tag=eloabder-20&linkCode=osi&th=1&psc=1">View Product</a></div><div class="product"><a href="https://www.amazon.com/dp/B07V57VJT5?tag=eloabder-20&linkCode=osi&th=1&psc=1"><img src="https://m.media-amazon.com/images/I/514JO3bvl3L._SL500_.jpg" alt="Product Image"></a><p>XFasten Adhesive Roller for Scrapbooking, 8mm x 30ft 4-Pack Double Sided Glue Tape Roller, Scrapbook Supplies for Adults, Photo Tape for Scrapbooking</p><p>$9.99 ($2.50 / Count)</p><a href="https://www.amazon.com/dp/B07V57VJT5?tag=eloabder-20&linkCode=osi&th=1&psc=1">View Product</a></div><div class="product"><a href="https://www.amazon.com/dp/B07JLTGQHX?tag=eloabder-20&linkCode=osi&th=1&psc=1"><img src="https://m.media-amazon.com/images/I/51Eqfo7kUZL._SL500_.jpg" alt="Product Image"></a><p>UPINS 120 Pack Double Sided Foam Tape Square Self-Adhesive Foam Tape Black Strong Tape Pads for DIY Art Crafts Supplies</p><p>$9.99 ($0.08 / Count)</p><a href="https://www.amazon.com/dp/B07JLTGQHX?tag=eloabder-20&linkCode=osi&th=1&psc=1">View Product</a></div><div class="product"><a href="https://www.amazon.com/dp/B005FM6XF4?tag=eloabder-20&linkCode=osi&th=1&psc=1"><img src="https://m.media-amazon.com/images/I/51-vp1WJ89L._SL500_.jpg" alt="Product Image"></a><p>AdTech 5603 Permanent Crafter's Tape, 0.31" x 315", Pack of 4</p><p>$7.84 ($0.07 / Foot)</p><a href="https://www.amazon.com/dp/B005FM6XF4?tag=eloabder-20&linkCode=osi&th=1&psc=1">View Product</a></div><div class="product"><a href="https://www.amazon.com/dp/B0CJF1FLFJ?tag=eloabder-20&linkCode=osi&th=1&psc=1"><img src="https://m.media-amazon.com/images/I/51dig1RqzdL._SL500_.jpg" alt="Product Image"></a><p>UPINS 150Pack Double Sided Foam Tape Strong Sticky Double Sided Foam Pads for Crafts Self-Adhesive Mounting Foam Tape Heavy Duty for Home Wall Decor 40 * 40 * 2mm</p><p>$8.99 ($0.06 / Count)</p><a href="https://www.amazon.com/dp/B0CJF1FLFJ?tag=eloabder-20&linkCode=osi&th=1&psc=1">View Product</a></div><div class="product"><a href="https://www.amazon.com/dp/B0D4YWRGCL?tag=eloabder-20&linkCode=osi&th=1&psc=1"><img src="https://m.media-amazon.com/images/I/41EqJ553-KL._SL500_.jpg" alt="Product Image"></a><p>Amanbo Glue Tape for Scrapbooking, 6 Pack Scrapbook Tape, Double Sided Tape Roller for Crafts, Total 120 Ft x 0.24 in Tape Runner, Craft Supplies for Scrapbooking, Gift Wrapping and Photo Tape</p><p>$6.99</p><a href="https://www.amazon.com/dp/B0D4YWRGCL?tag=eloabder-20&linkCode=osi&th=1&psc=1">View Product</a></div>

<div class="product"><a href="https://www.amazon.com/dp/B0D3HPD7WP?tag=eloabder-20&linkCode=osi&th=1&psc=1"><img src="https://m.media-amazon.com/images/I/31KSmmAWUWL._SL500_.jpg" alt="Product Image"></a><p>50 Sheets Grey Cardstock Paper, Colored Printer Paper 8.5 x 11, Thick Construction Paper for Cards Making, Scrapbook，Office Printing, Invitations, Certificates，DIY Crafting 92 lb/250gsm</p><p>$9.99</p><a href="https://www.amazon.com/dp/B0D3HPD7WP?tag=eloabder-20&linkCode=osi&th=1&psc=1">View Product</a></div>
<div class="product"><a href="https://www.amazon.com/dp/B076CP6F36?tag=eloabder-20&linkCode=osi&th=1&psc=1"><img src="https://m.media-amazon.com/images/I/51rfEIvgI+L._SL500_.jpg" alt="Product Image"></a><p>Apple Barrel, Vibrant Spectrum Collection Acrylic Craft Paint, PROMOABIII, 2 fl oz each, 16 assorted matte colors, 16 count</p><p>$15.97 ($0.50 / Fl Oz)</p><a href="https://www.amazon.com/dp/B076CP6F36?tag=eloabder-20&linkCode=osi&th=1&psc=1">View Product</a></div><div class="product"><a href="https://www.amazon.com/dp/B0BKFLSYQF?tag=eloabder-20&linkCode=osi&th=1&psc=1"><img src="https://m.media-amazon.com/images/I/51a0PmPRknL._SL500_.jpg" alt="Product Image"></a><p>72 Pack Acrylic Paint Set, Shuttle Art 60 Colors Acrylic Paint Including Extra White Black & 12 Brushes, 2oz/60ml, Rich Pigmented, Water Proof, Ideal for Artists, Beginners on Canvas Rock Wood Ceramic</p><p>$45.99 ($23.00 / Fl Oz)</p><a href="https://www.amazon.com/dp/B0BKFLSYQF?tag=eloabder-20&linkCode=osi&th=1&psc=1">View Product</a></div><div class="product"><a href="https://www.amazon.com/dp/B08CB3JH79?tag=eloabder-20&linkCode=osi&th=1&psc=1"><img src="https://m.media-amazon.com/images/I/51OUZsFdnTL._SL500_.jpg" alt="Product Image"></a><p>Acrylic Paint Set of 36 Colors 2fl oz 60ml Bottles,Non Toxic 36 Colors Acrylic Paint No Fading Rich Pigment for Kids Adults Artists Canvas Crafts Wood Painting</p><p>$32.99 ($0.46 / Fl Oz)</p><a href="https://www.amazon.com/dp/B08CB3JH79?tag=eloabder-20&linkCode=osi&th=1&psc=1">View Product</a></div><div class="product"><a href="https://www.amazon.com/dp/B0018NBVKQ?tag=eloabder-20&linkCode=osi&th=1&psc=1"><img src="https://m.media-amazon.com/images/I/31YlSvZMTCL._SL500_.jpg" alt="Product Image"></a><p>Apple Barrel Acrylic Paint in Assorted Colors (8 Ounce), 20403 White</p><p>$2.67 ($0.33 / Fl Oz)</p><a href="https://www.amazon.com/dp/B0018NBVKQ?tag=eloabder-20&linkCode=osi&th=1&psc=1">View Product</a></div><div class="product"><a href="https://www.amazon.com/dp/B077WSBLZ1?tag=eloabder-20&linkCode=osi&th=1&psc=1"><img src="https://m.media-amazon.com/images/I/51KPkXpLn1L._SL500_.jpg" alt="Product Image"></a><p>Shuttle Art Acrylic Paint Set, 30 x12ml Tubes Artist Quality Non Toxic Rich Pigments Colors Great for Kids Adults Professional Painting on Rocks Canvas Wood Clay Fabric Ceramic Crafts</p><p>$12.99 ($1.08 / Fl Oz)</p><a href="https://www.amazon.com/dp/B077WSBLZ1?tag=eloabder-20&linkCode=osi&th=1&psc=1">View Product</a></div><div class="product"><a href="https://www.amazon.com/dp/B00889Z5Y6?tag=eloabder-20&linkCode=osi&th=1&psc=1"><img src="https://m.media-amazon.com/images/I/41MQjsyDbSL._SL500_.jpg" alt="Product Image"></a><p>Apple Barrel Acrylic Paint in Assorted Colors (2 oz), 20764, Apricot</p><p>$0.58 ($0.29 / Fl Oz)</p><a href="https://www.amazon.com/dp/B00889Z5Y6?tag=eloabder-20&linkCode=osi&th=1&psc=1">View Product</a></div><div class="product"><a href="https://www.amazon.com/dp/B09TWQD5ZL?tag=eloabder-20&linkCode=osi&th=1&psc=1"><img src="https://m.media-amazon.com/images/I/41B0L003QXL._SL500_.jpg" alt="Product Image"></a><p>Artkey Acrylic Paint Set - 24 colors 2 oz/59 ml Acrylic Paints Professional Artists Painting Kit for Canvases Fabric Rock Leather Easter Egg Wood Ceramic Glass Art Craft Painting</p><p>$19.99 ($0.42 / Fl Oz)</p><a href="https://www.amazon.com/dp/B09TWQD5ZL?tag=eloabder-20&linkCode=osi&th=1&psc=1">View Product</a></div><div class="product"><a href="https://www.amazon.com/dp/B07Z93LQDB?tag=eloabder-20&linkCode=osi&th=1&psc=1"><img src="https://m.media-amazon.com/images/I/51veoN6zK0L._SL500_.jpg" alt="Product Image"></a><p>Shuttle Art Acrylic Paint Set, 36 Colors Acrylic Paint with Brushes & Palette, 2oz Bottles, Rich Pigments Non-toxic Paint for Artists Kids & Adults, Art Supplies for Canvas Rock Ceramic Wood Painting</p><p>$27.99</p><a href="https://www.amazon.com/dp/B07Z93LQDB?tag=eloabder-20&linkCode=osi&th=1&psc=1">View Product</a></div><div class="product"><a href="https://www.amazon.com/dp/B002665SYY?tag=eloabder-20&linkCode=osi&th=1&psc=1"><img src="https://m.media-amazon.com/images/I/31sJJeWK6OS._SL500_.jpg" alt="Product Image"></a><p>Liquitex BASICS Acrylic Paint, 250ml (8.5-oz) Tube, Titanium White</p><p>$9.99 ($1.18 / Fl Oz)</p><a href="https://www.amazon.com/dp/B002665SYY?tag=eloabder-20&linkCode=osi&th=1&psc=1">View Product</a></div>
<div class="product"><a href="https://www.amazon.com/dp/B0CC98XLGL?tag=eloabder-20&linkCode=osi&th=1&psc=1"><img src="https://m.media-amazon.com/images/I/51ZLw+nThiL._SL500_.jpg" alt="Product Image"></a><p>HUIRUSO 4 Pack Double Sided Tape Roller, Scrapbook Supplies, Glue Tape Roller for Crafts, Double-Sided Adhesive Tape Runner for Scrapbooking, School Office Journaling Supplies (0.31 in X 26.25 ft)</p><p>$6.99 ($1.75 / Count)</p><a href="https://www.amazon.com/dp/B0CC98XLGL?tag=eloabder-20&linkCode=osi&th=1&psc=1">View Product</a></div><div class="product"><a href="https://www.amazon.com/dp/B007XAAE6K?tag=eloabder-20&linkCode=osi&th=1&psc=1"><img src="https://m.media-amazon.com/images/I/414qxYVR0wL._SL500_.jpg" alt="Product Image"></a><p>Scotch Double Sided Tape Runner, 1-Pack, 0.27 in x 26 ft., Perfect for Holiday Crafts, Gifts, and More</p><p>$4.47</p><a href="https://www.amazon.com/dp/B007XAAE6K?tag=eloabder-20&linkCode=osi&th=1&psc=1">View Product</a></div><div class="product"><a href="https://www.amazon.com/dp/B0BZVGPFSK?tag=eloabder-20&linkCode=osi&th=1&psc=1"><img src="https://m.media-amazon.com/images/I/51-ue9+7JkL._SL500_.jpg" alt="Product Image"></a><p>Birllaid Double Sided Tape for Walls, Picture Hanging Strips Removable Mounting Dots Adhesive Heavy Duty, Removable for Art Craft, Decoration, Party Supplies, Multipurpose</p><p>$11.99</p><a href="https://www.amazon.com/dp/B0BZVGPFSK?tag=eloabder-20&linkCode=osi&th=1&psc=1">View Product</a></div><div class="product"><a href="https://www.amazon.com/dp/B0CGVN9SL1?tag=eloabder-20&linkCode=osi&th=1&psc=1"><img src="https://m.media-amazon.com/images/I/41Hy+i4CnoL._SL500_.jpg" alt="Product Image"></a><p>30Ft x 1 Inch Hook and Loop Strips with Adhesive,Double Rolls of Heavy Duty Self Adhesive Tape with Backing, Nylon Self Adhesive Tape for Home Office School and Crafting,White</p><p>$9.99</p><a href="https://www.amazon.com/dp/B0CGVN9SL1?tag=eloabder-20&linkCode=osi&th=1&psc=1">View Product</a></div><div class="product"><a href="https://www.amazon.com/dp/B07Y3VDPLF?tag=eloabder-20&linkCode=osi&th=1&psc=1"><img src="https://m.media-amazon.com/images/I/41cyKQ2OMuL._SL500_.jpg" alt="Product Image"></a><p>Melsan 1x4 inch Hook and Loop Strips with Adhesive - 15 Sets, Strong Back Adhesive Fasten Mounting Tape for Home or Office Use - Instead of Holes and Screws, Black</p><p>$7.82</p><a href="https://www.amazon.com/dp/B07Y3VDPLF?tag=eloabder-20&linkCode=osi&th=1&psc=1">View Product</a></div><div class="product"><a href="https://www.amazon.com/dp/B07V57VJT5?tag=eloabder-20&linkCode=osi&th=1&psc=1"><img src="https://m.media-amazon.com/images/I/514JO3bvl3L._SL500_.jpg" alt="Product Image"></a><p>XFasten Adhesive Roller for Scrapbooking, 8mm x 30ft 4-Pack Double Sided Glue Tape Roller, Scrapbook Supplies for Adults, Photo Tape for Scrapbooking</p><p>$9.99 ($2.50 / Count)</p><a href="https://www.amazon.com/dp/B07V57VJT5?tag=eloabder-20&linkCode=osi&th=1&psc=1">View Product</a></div><div class="product"><a href="https://www.amazon.com/dp/B07JLTGQHX?tag=eloabder-20&linkCode=osi&th=1&psc=1"><img src="https://m.media-amazon.com/images/I/51Eqfo7kUZL._SL500_.jpg" alt="Product Image"></a><p>UPINS 120 Pack Double Sided Foam Tape Square Self-Adhesive Foam Tape Black Strong Tape Pads for DIY Art Crafts Supplies</p><p>$9.99 ($0.08 / Count)</p><a href="https://www.amazon.com/dp/B07JLTGQHX?tag=eloabder-20&linkCode=osi&th=1&psc=1">View Product</a></div><div class="product"><a href="https://www.amazon.com/dp/B005FM6XF4?tag=eloabder-20&linkCode=osi&th=1&psc=1"><img src="https://m.media-amazon.com/images/I/51-vp1WJ89L._SL500_.jpg" alt="Product Image"></a><p>AdTech 5603 Permanent Crafter's Tape, 0.31" x 315", Pack of 4</p><p>$7.84 ($0.07 / Foot)</p><a href="https://www.amazon.com/dp/B005FM6XF4?tag=eloabder-20&linkCode=osi&th=1&psc=1">View Product</a></div><div class="product"><a href="https://www.amazon.com/dp/B0CJF1FLFJ?tag=eloabder-20&linkCode=osi&th=1&psc=1"><img src="https://m.media-amazon.com/images/I/51dig1RqzdL._SL500_.jpg" alt="Product Image"></a><p>UPINS 150Pack Double Sided Foam Tape Strong Sticky Double Sided Foam Pads for Crafts Self-Adhesive Mounting Foam Tape Heavy Duty for Home Wall Decor 40 * 40 * 2mm</p><p>$8.99 ($0.06 / Count)</p><a href="https://www.amazon.com/dp/B0CJF1FLFJ?tag=eloabder-20&linkCode=osi&th=1&psc=1">View Product</a></div><div class="product"><a href="https://www.amazon.com/dp/B0D4YWRGCL?tag=eloabder-20&linkCode=osi&th=1&psc=1"><img src="https://m.media-amazon.com/images/I/41EqJ553-KL._SL500_.jpg" alt="Product Image"></a><p>Amanbo Glue Tape for Scrapbooking, 6 Pack Scrapbook Tape, Double Sided Tape Roller for Crafts, Total 120 Ft x 0.24 in Tape Runner, Craft Supplies for Scrapbooking, Gift Wrapping and Photo Tape</p><p>$6.99</p><a href="https://www.amazon.com/dp/B0D4YWRGCL?tag=eloabder-20&linkCode=osi&th=1&psc=1">View Product</a></div>
<div class="product"><a href="https://www.amazon.com/dp/B0CC5HPPTN?tag=eloabder-20&linkCode=osi&th=1&psc=1"><img src="https://m.media-amazon.com/images/I/519M81S201L._SL500_.jpg" alt="Product Image"></a><p>Airbrush Paint - 30 Colors with 3 Thinner, Ready to Spray Airbrush Paint Set, Water-Based Acrylic Air brush Paints for Metal, Plastic Models, Canvas, Wood, 20ml/Bottle</p><p>$32.99 ($1.48 / Fl Oz)</p><a href="https://www.amazon.com/dp/B0CC5HPPTN?tag=eloabder-20&linkCode=osi&th=1&psc=1">View Product</a></div>

<div class="product"><a href="https://www.amazon.com/dp/B0D3HPD7WP?tag=eloabder-20&linkCode=osi&th=1&psc=1"><img src="https://m.media-amazon.com/images/I/31KSmmAWUWL._SL500_.jpg" alt="Product Image"></a><p>50 Sheets Grey Cardstock Paper, Colored Printer Paper 8.5 x 11, Thick Construction Paper for Cards Making, Scrapbook，Office Printing, Invitations, Certificates，DIY Crafting 92 lb/250gsm</p><p>$9.99</p><a href="https://www.amazon.com/dp/B0D3HPD7WP?tag=eloabder-20&linkCode=osi&th=1&psc=1">View Product</a></div>
<div class="product"><a href="https://www.amazon.com/dp/B076CP6F36?tag=eloabder-20&linkCode=osi&th=1&psc=1"><img src="https://m.media-amazon.com/images/I/51rfEIvgI+L._SL500_.jpg" alt="Product Image"></a><p>Apple Barrel, Vibrant Spectrum Collection Acrylic Craft Paint, PROMOABIII, 2 fl oz each, 16 assorted matte colors, 16 count</p><p>$15.97 ($0.50 / Fl Oz)</p><a href="https://www.amazon.com/dp/B076CP6F36?tag=eloabder-20&linkCode=osi&th=1&psc=1">View Product</a></div><div class="product"><a href="https://www.amazon.com/dp/B0BKFLSYQF?tag=eloabder-20&linkCode=osi&th=1&psc=1"><img src="https://m.media-amazon.com/images/I/51a0PmPRknL._SL500_.jpg" alt="Product Image"></a><p>72 Pack Acrylic Paint Set, Shuttle Art 60 Colors Acrylic Paint Including Extra White Black & 12 Brushes, 2oz/60ml, Rich Pigmented, Water Proof, Ideal for Artists, Beginners on Canvas Rock Wood Ceramic</p><p>$45.99 ($23.00 / Fl Oz)</p><a href="https://www.amazon.com/dp/B0BKFLSYQF?tag=eloabder-20&linkCode=osi&th=1&psc=1">View Product</a></div><div class="product"><a href="https://www.amazon.com/dp/B08CB3JH79?tag=eloabder-20&linkCode=osi&th=1&psc=1"><img src="https://m.media-amazon.com/images/I/51OUZsFdnTL._SL500_.jpg" alt="Product Image"></a><p>Acrylic Paint Set of 36 Colors 2fl oz 60ml Bottles,Non Toxic 36 Colors Acrylic Paint No Fading Rich Pigment for Kids Adults Artists Canvas Crafts Wood Painting</p><p>$32.99 ($0.46 / Fl Oz)</p><a href="https://www.amazon.com/dp/B08CB3JH79?tag=eloabder-20&linkCode=osi&th=1&psc=1">View Product</a></div><div class="product"><a href="https://www.amazon.com/dp/B0018NBVKQ?tag=eloabder-20&linkCode=osi&th=1&psc=1"><img src="https://m.media-amazon.com/images/I/31YlSvZMTCL._SL500_.jpg" alt="Product Image"></a><p>Apple Barrel Acrylic Paint in Assorted Colors (8 Ounce), 20403 White</p><p>$2.67 ($0.33 / Fl Oz)</p><a href="https://www.amazon.com/dp/B0018NBVKQ?tag=eloabder-20&linkCode=osi&th=1&psc=1">View Product</a></div><div class="product"><a href="https://www.amazon.com/dp/B077WSBLZ1?tag=eloabder-20&linkCode=osi&th=1&psc=1"><img src="https://m.media-amazon.com/images/I/51KPkXpLn1L._SL500_.jpg" alt="Product Image"></a><p>Shuttle Art Acrylic Paint Set, 30 x12ml Tubes Artist Quality Non Toxic Rich Pigments Colors Great for Kids Adults Professional Painting on Rocks Canvas Wood Clay Fabric Ceramic Crafts</p><p>$12.99 ($1.08 / Fl Oz)</p><a href="https://www.amazon.com/dp/B077WSBLZ1?tag=eloabder-20&linkCode=osi&th=1&psc=1">View Product</a></div><div class="product"><a href="https://www.amazon.com/dp/B00889Z5Y6?tag=eloabder-20&linkCode=osi&th=1&psc=1"><img src="https://m.media-amazon.com/images/I/41MQjsyDbSL._SL500_.jpg" alt="Product Image"></a><p>Apple Barrel Acrylic Paint in Assorted Colors (2 oz), 20764, Apricot</p><p>$0.58 ($0.29 / Fl Oz)</p><a href="https://www.amazon.com/dp/B00889Z5Y6?tag=eloabder-20&linkCode=osi&th=1&psc=1">View Product</a></div><div class="product"><a href="https://www.amazon.com/dp/B09TWQD5ZL?tag=eloabder-20&linkCode=osi&th=1&psc=1"><img src="https://m.media-amazon.com/images/I/41B0L003QXL._SL500_.jpg" alt="Product Image"></a><p>Artkey Acrylic Paint Set - 24 colors 2 oz/59 ml Acrylic Paints Professional Artists Painting Kit for Canvases Fabric Rock Leather Easter Egg Wood Ceramic Glass Art Craft Painting</p><p>$19.99 ($0.42 / Fl Oz)</p><a href="https://www.amazon.com/dp/B09TWQD5ZL?tag=eloabder-20&linkCode=osi&th=1&psc=1">View Product</a></div><div class="product"><a href="https://www.amazon.com/dp/B07Z93LQDB?tag=eloabder-20&linkCode=osi&th=1&psc=1"><img src="https://m.media-amazon.com/images/I/51veoN6zK0L._SL500_.jpg" alt="Product Image"></a><p>Shuttle Art Acrylic Paint Set, 36 Colors Acrylic Paint with Brushes & Palette, 2oz Bottles, Rich Pigments Non-toxic Paint for Artists Kids & Adults, Art Supplies for Canvas Rock Ceramic Wood Painting</p><p>$27.99</p><a href="https://www.amazon.com/dp/B07Z93LQDB?tag=eloabder-20&linkCode=osi&th=1&psc=1">View Product</a></div><div class="product"><a href="https://www.amazon.com/dp/B002665SYY?tag=eloabder-20&linkCode=osi&th=1&psc=1"><img src="https://m.media-amazon.com/images/I/31sJJeWK6OS._SL500_.jpg" alt="Product Image"></a><p>Liquitex BASICS Acrylic Paint, 250ml (8.5-oz) Tube, Titanium White</p><p>$9.99 ($1.18 / Fl Oz)</p><a href="https://www.amazon.com/dp/B002665SYY?tag=eloabder-20&linkCode=osi&th=1&psc=1">View Product</a></div>
<div class="product"><a href="https://www.amazon.com/dp/B0CC98XLGL?tag=eloabder-20&linkCode=osi&th=1&psc=1"><img src="https://m.media-amazon.com/images/I/51ZLw+nThiL._SL500_.jpg" alt="Product Image"></a><p>HUIRUSO 4 Pack Double Sided Tape Roller, Scrapbook Supplies, Glue Tape Roller for Crafts, Double-Sided Adhesive Tape Runner for Scrapbooking, School Office Journaling Supplies (0.31 in X 26.25 ft)</p><p>$6.99 ($1.75 / Count)</p><a href="https://www.amazon.com/dp/B0CC98XLGL?tag=eloabder-20&linkCode=osi&th=1&psc=1">View Product</a></div><div class="product"><a href="https://www.amazon.com/dp/B007XAAE6K?tag=eloabder-20&linkCode=osi&th=1&psc=1"><img src="https://m.media-amazon.com/images/I/414qxYVR0wL._SL500_.jpg" alt="Product Image"></a><p>Scotch Double Sided Tape Runner, 1-Pack, 0.27 in x 26 ft., Perfect for Holiday Crafts, Gifts, and More</p><p>$4.47</p><a href="https://www.amazon.com/dp/B007XAAE6K?tag=eloabder-20&linkCode=osi&th=1&psc=1">View Product</a></div><div class="product"><a href="https://www.amazon.com/dp/B0BZVGPFSK?tag=eloabder-20&linkCode=osi&th=1&psc=1"><img src="https://m.media-amazon.com/images/I/51-ue9+7JkL._SL500_.jpg" alt="Product Image"></a><p>Birllaid Double Sided Tape for Walls, Picture Hanging Strips Removable Mounting Dots Adhesive Heavy Duty, Removable for Art Craft, Decoration, Party Supplies, Multipurpose</p><p>$11.99</p><a href="https://www.amazon.com/dp/B0BZVGPFSK?tag=eloabder-20&linkCode=osi&th=1&psc=1">View Product</a></div><div class="product"><a href="https://www.amazon.com/dp/B0CGVN9SL1?tag=eloabder-20&linkCode=osi&th=1&psc=1"><img src="https://m.media-amazon.com/images/I/41Hy+i4CnoL._SL500_.jpg" alt="Product Image"></a><p>30Ft x 1 Inch Hook and Loop Strips with Adhesive,Double Rolls of Heavy Duty Self Adhesive Tape with Backing, Nylon Self Adhesive Tape for Home Office School and Crafting,White</p><p>$9.99</p><a href="https://www.amazon.com/dp/B0CGVN9SL1?tag=eloabder-20&linkCode=osi&th=1&psc=1">View Product</a></div><div class="product"><a href="https://www.amazon.com/dp/B07Y3VDPLF?tag=eloabder-20&linkCode=osi&th=1&psc=1"><img src="https://m.media-amazon.com/images/I/41cyKQ2OMuL._SL500_.jpg" alt="Product Image"></a><p>Melsan 1x4 inch Hook and Loop Strips with Adhesive - 15 Sets, Strong Back Adhesive Fasten Mounting Tape for Home or Office Use - Instead of Holes and Screws, Black</p><p>$7.82</p><a href="https://www.amazon.com/dp/B07Y3VDPLF?tag=eloabder-20&linkCode=osi&th=1&psc=1">View Product</a></div><div class="product"><a href="https://www.amazon.com/dp/B07V57VJT5?tag=eloabder-20&linkCode=osi&th=1&psc=1"><img src="https://m.media-amazon.com/images/I/514JO3bvl3L._SL500_.jpg" alt="Product Image"></a><p>XFasten Adhesive Roller for Scrapbooking, 8mm x 30ft 4-Pack Double Sided Glue Tape Roller, Scrapbook Supplies for Adults, Photo Tape for Scrapbooking</p><p>$9.99 ($2.50 / Count)</p><a href="https://www.amazon.com/dp/B07V57VJT5?tag=eloabder-20&linkCode=osi&th=1&psc=1">View Product</a></div><div class="product"><a href="https://www.amazon.com/dp/B07JLTGQHX?tag=eloabder-20&linkCode=osi&th=1&psc=1"><img src="https://m.media-amazon.com/images/I/51Eqfo7kUZL._SL500_.jpg" alt="Product Image"></a><p>UPINS 120 Pack Double Sided Foam Tape Square Self-Adhesive Foam Tape Black Strong Tape Pads for DIY Art Crafts Supplies</p><p>$9.99 ($0.08 / Count)</p><a href="https://www.amazon.com/dp/B07JLTGQHX?tag=eloabder-20&linkCode=osi&th=1&psc=1">View Product</a></div><div class="product"><a href="https://www.amazon.com/dp/B005FM6XF4?tag=eloabder-20&linkCode=osi&th=1&psc=1"><img src="https://m.media-amazon.com/images/I/51-vp1WJ89L._SL500_.jpg" alt="Product Image"></a><p>AdTech 5603 Permanent Crafter's Tape, 0.31" x 315", Pack of 4</p><p>$7.84 ($0.07 / Foot)</p><a href="https://www.amazon.com/dp/B005FM6XF4?tag=eloabder-20&linkCode=osi&th=1&psc=1">View Product</a></div><div class="product"><a href="https://www.amazon.com/dp/B0CJF1FLFJ?tag=eloabder-20&linkCode=osi&th=1&psc=1"><img src="https://m.media-amazon.com/images/I/51dig1RqzdL._SL500_.jpg" alt="Product Image"></a><p>UPINS 150Pack Double Sided Foam Tape Strong Sticky Double Sided Foam Pads for Crafts Self-Adhesive Mounting Foam Tape Heavy Duty for Home Wall Decor 40 * 40 * 2mm</p><p>$8.99 ($0.06 / Count)</p><a href="https://www.amazon.com/dp/B0CJF1FLFJ?tag=eloabder-20&linkCode=osi&th=1&psc=1">View Product</a></div><div class="product"><a href="https://www.amazon.com/dp/B0D4YWRGCL?tag=eloabder-20&linkCode=osi&th=1&psc=1"><img src="https://m.media-amazon.com/images/I/41EqJ553-KL._SL500_.jpg" alt="Product Image"></a><p>Amanbo Glue Tape for Scrapbooking, 6 Pack Scrapbook Tape, Double Sided Tape Roller for Crafts, Total 120 Ft x 0.24 in Tape Runner, Craft Supplies for Scrapbooking, Gift Wrapping and Photo Tape</p><p>$6.99</p><a href="https://www.amazon.com/dp/B0D4YWRGCL?tag=eloabder-20&linkCode=osi&th=1&psc=1">View Product</a></div>
<div class="product"><a href="https://www.amazon.com/dp/B0CC5HPPTN?tag=eloabder-20&linkCode=osi&th=1&psc=1"><img src="https://m.media-amazon.com/images/I/519M81S201L._SL500_.jpg" alt="Product Image"></a><p>Airbrush Paint - 30 Colors with 3 Thinner, Ready to Spray Airbrush Paint Set, Water-Based Acrylic Air brush Paints for Metal, Plastic Models, Canvas, Wood, 20ml/Bottle</p><p>$32.99 ($1.48 / Fl Oz)</p><a href="https://www.amazon.com/dp/B0CC5HPPTN?tag=eloabder-20&linkCode=osi&th=1&psc=1">View Product</a></div>
<div class="product"><a href="https://www.amazon.com/dp/B0CXPSGK36?tag=eloabder-20&linkCode=osi&th=1&psc=1"><img src="https://m.media-amazon.com/images/I/51dd2dYOtrL._SL500_.jpg" alt="Product Image"></a><p>Letter Stickers 30 Sheets 1500 PCS Large Alphabet Sticker 2 Inch Vinyl Self Adhesive Stick on Stickers for Water Bottles Cup Mailbox Number Address Craft Scrapbooking Bulletin Board Decor Multicolor</p><p>$9.99</p><a href="https://www.amazon.com/dp/B0CXPSGK36?tag=eloabder-20&linkCode=osi&th=1&psc=1">View Product</a></div><div class="product"><a href="https://www.amazon.com/dp/B07NNYFMGY?tag=eloabder-20&linkCode=osi&th=1&psc=1"><img src="https://m.media-amazon.com/images/I/51yDnU+gEXL._SL500_.jpg" alt="Product Image"></a><p>20 Sheets Alphabet Letter Stickers 10 Colors Self Adhesive Sticker Colorful PU Material Convex Feeling (Colored Letter Stickers 1)</p><p>$6.99 ($0.35 / Count)</p><a href="https://www.amazon.com/dp/B07NNYFMGY?tag=eloabder-20&linkCode=osi&th=1&psc=1">View Product</a></div>

<div class="product"><a href="https://www.amazon.com/dp/B0D3HPD7WP?tag=eloabder-20&linkCode=osi&th=1&psc=1"><img src="https://m.media-amazon.com/images/I/31KSmmAWUWL._SL500_.jpg" alt="Product Image"></a><p>50 Sheets Grey Cardstock Paper, Colored Printer Paper 8.5 x 11, Thick Construction Paper for Cards Making, Scrapbook，Office Printing, Invitations, Certificates，DIY Crafting 92 lb/250gsm</p><p>$9.99</p><a href="https://www.amazon.com/dp/B0D3HPD7WP?tag=eloabder-20&linkCode=osi&th=1&psc=1">View Product</a></div>
<div class="product"><a href="https://www.amazon.com/dp/B076CP6F36?tag=eloabder-20&linkCode=osi&th=1&psc=1"><img src="https://m.media-amazon.com/images/I/51rfEIvgI+L._SL500_.jpg" alt="Product Image"></a><p>Apple Barrel, Vibrant Spectrum Collection Acrylic Craft Paint, PROMOABIII, 2 fl oz each, 16 assorted matte colors, 16 count</p><p>$15.97 ($0.50 / Fl Oz)</p><a href="https://www.amazon.com/dp/B076CP6F36?tag=eloabder-20&linkCode=osi&th=1&psc=1">View Product</a></div><div class="product"><a href="https://www.amazon.com/dp/B0BKFLSYQF?tag=eloabder-20&linkCode=osi&th=1&psc=1"><img src="https://m.media-amazon.com/images/I/51a0PmPRknL._SL500_.jpg" alt="Product Image"></a><p>72 Pack Acrylic Paint Set, Shuttle Art 60 Colors Acrylic Paint Including Extra White Black & 12 Brushes, 2oz/60ml, Rich Pigmented, Water Proof, Ideal for Artists, Beginners on Canvas Rock Wood Ceramic</p><p>$45.99 ($23.00 / Fl Oz)</p><a href="https://www.amazon.com/dp/B0BKFLSYQF?tag=eloabder-20&linkCode=osi&th=1&psc=1">View Product</a></div><div class="product"><a href="https://www.amazon.com/dp/B08CB3JH79?tag=eloabder-20&linkCode=osi&th=1&psc=1"><img src="https://m.media-amazon.com/images/I/51OUZsFdnTL._SL500_.jpg" alt="Product Image"></a><p>Acrylic Paint Set of 36 Colors 2fl oz 60ml Bottles,Non Toxic 36 Colors Acrylic Paint No Fading Rich Pigment for Kids Adults Artists Canvas Crafts Wood Painting</p><p>$32.99 ($0.46 / Fl Oz)</p><a href="https://www.amazon.com/dp/B08CB3JH79?tag=eloabder-20&linkCode=osi&th=1&psc=1">View Product</a></div><div class="product"><a href="https://www.amazon.com/dp/B0018NBVKQ?tag=eloabder-20&linkCode=osi&th=1&psc=1"><img src="https://m.media-amazon.com/images/I/31YlSvZMTCL._SL500_.jpg" alt="Product Image"></a><p>Apple Barrel Acrylic Paint in Assorted Colors (8 Ounce), 20403 White</p><p>$2.67 ($0.33 / Fl Oz)</p><a href="https://www.amazon.com/dp/B0018NBVKQ?tag=eloabder-20&linkCode=osi&th=1&psc=1">View Product</a></div><div class="product"><a href="https://www.amazon.com/dp/B077WSBLZ1?tag=eloabder-20&linkCode=osi&th=1&psc=1"><img src="https://m.media-amazon.com/images/I/51KPkXpLn1L._SL500_.jpg" alt="Product Image"></a><p>Shuttle Art Acrylic Paint Set, 30 x12ml Tubes Artist Quality Non Toxic Rich Pigments Colors Great for Kids Adults Professional Painting on Rocks Canvas Wood Clay Fabric Ceramic Crafts</p><p>$12.99 ($1.08 / Fl Oz)</p><a href="https://www.amazon.com/dp/B077WSBLZ1?tag=eloabder-20&linkCode=osi&th=1&psc=1">View Product</a></div><div class="product"><a href="https://www.amazon.com/dp/B00889Z5Y6?tag=eloabder-20&linkCode=osi&th=1&psc=1"><img src="https://m.media-amazon.com/images/I/41MQjsyDbSL._SL500_.jpg" alt="Product Image"></a><p>Apple Barrel Acrylic Paint in Assorted Colors (2 oz), 20764, Apricot</p><p>$0.58 ($0.29 / Fl Oz)</p><a href="https://www.amazon.com/dp/B00889Z5Y6?tag=eloabder-20&linkCode=osi&th=1&psc=1">View Product</a></div><div class="product"><a href="https://www.amazon.com/dp/B09TWQD5ZL?tag=eloabder-20&linkCode=osi&th=1&psc=1"><img src="https://m.media-amazon.com/images/I/41B0L003QXL._SL500_.jpg" alt="Product Image"></a><p>Artkey Acrylic Paint Set - 24 colors 2 oz/59 ml Acrylic Paints Professional Artists Painting Kit for Canvases Fabric Rock Leather Easter Egg Wood Ceramic Glass Art Craft Painting</p><p>$19.99 ($0.42 / Fl Oz)</p><a href="https://www.amazon.com/dp/B09TWQD5ZL?tag=eloabder-20&linkCode=osi&th=1&psc=1">View Product</a></div><div class="product"><a href="https://www.amazon.com/dp/B07Z93LQDB?tag=eloabder-20&linkCode=osi&th=1&psc=1"><img src="https://m.media-amazon.com/images/I/51veoN6zK0L._SL500_.jpg" alt="Product Image"></a><p>Shuttle Art Acrylic Paint Set, 36 Colors Acrylic Paint with Brushes & Palette, 2oz Bottles, Rich Pigments Non-toxic Paint for Artists Kids & Adults, Art Supplies for Canvas Rock Ceramic Wood Painting</p><p>$27.99</p><a href="https://www.amazon.com/dp/B07Z93LQDB?tag=eloabder-20&linkCode=osi&th=1&psc=1">View Product</a></div><div class="product"><a href="https://www.amazon.com/dp/B002665SYY?tag=eloabder-20&linkCode=osi&th=1&psc=1"><img src="https://m.media-amazon.com/images/I/31sJJeWK6OS._SL500_.jpg" alt="Product Image"></a><p>Liquitex BASICS Acrylic Paint, 250ml (8.5-oz) Tube, Titanium White</p><p>$9.99 ($1.18 / Fl Oz)</p><a href="https://www.amazon.com/dp/B002665SYY?tag=eloabder-20&linkCode=osi&th=1&psc=1">View Product</a></div>
<div class="product"><a href="https://www.amazon.com/dp/B0CC98XLGL?tag=eloabder-20&linkCode=osi&th=1&psc=1"><img src="https://m.media-amazon.com/images/I/51ZLw+nThiL._SL500_.jpg" alt="Product Image"></a><p>HUIRUSO 4 Pack Double Sided Tape Roller, Scrapbook Supplies, Glue Tape Roller for Crafts, Double-Sided Adhesive Tape Runner for Scrapbooking, School Office Journaling Supplies (0.31 in X 26.25 ft)</p><p>$6.99 ($1.75 / Count)</p><a href="https://www.amazon.com/dp/B0CC98XLGL?tag=eloabder-20&linkCode=osi&th=1&psc=1">View Product</a></div><div class="product"><a href="https://www.amazon.com/dp/B007XAAE6K?tag=eloabder-20&linkCode=osi&th=1&psc=1"><img src="https://m.media-amazon.com/images/I/414qxYVR0wL._SL500_.jpg" alt="Product Image"></a><p>Scotch Double Sided Tape Runner, 1-Pack, 0.27 in x 26 ft., Perfect for Holiday Crafts, Gifts, and More</p><p>$4.47</p><a href="https://www.amazon.com/dp/B007XAAE6K?tag=eloabder-20&linkCode=osi&th=1&psc=1">View Product</a></div><div class="product"><a href="https://www.amazon.com/dp/B0BZVGPFSK?tag=eloabder-20&linkCode=osi&th=1&psc=1"><img src="https://m.media-amazon.com/images/I/51-ue9+7JkL._SL500_.jpg" alt="Product Image"></a><p>Birllaid Double Sided Tape for Walls, Picture Hanging Strips Removable Mounting Dots Adhesive Heavy Duty, Removable for Art Craft, Decoration, Party Supplies, Multipurpose</p><p>$11.99</p><a href="https://www.amazon.com/dp/B0BZVGPFSK?tag=eloabder-20&linkCode=osi&th=1&psc=1">View Product</a></div><div class="product"><a href="https://www.amazon.com/dp/B0CGVN9SL1?tag=eloabder-20&linkCode=osi&th=1&psc=1"><img src="https://m.media-amazon.com/images/I/41Hy+i4CnoL._SL500_.jpg" alt="Product Image"></a><p>30Ft x 1 Inch Hook and Loop Strips with Adhesive,Double Rolls of Heavy Duty Self Adhesive Tape with Backing, Nylon Self Adhesive Tape for Home Office School and Crafting,White</p><p>$9.99</p><a href="https://www.amazon.com/dp/B0CGVN9SL1?tag=eloabder-20&linkCode=osi&th=1&psc=1">View Product</a></div><div class="product"><a href="https://www.amazon.com/dp/B07Y3VDPLF?tag=eloabder-20&linkCode=osi&th=1&psc=1"><img src="https://m.media-amazon.com/images/I/41cyKQ2OMuL._SL500_.jpg" alt="Product Image"></a><p>Melsan 1x4 inch Hook and Loop Strips with Adhesive - 15 Sets, Strong Back Adhesive Fasten Mounting Tape for Home or Office Use - Instead of Holes and Screws, Black</p><p>$7.82</p><a href="https://www.amazon.com/dp/B07Y3VDPLF?tag=eloabder-20&linkCode=osi&th=1&psc=1">View Product</a></div><div class="product"><a href="https://www.amazon.com/dp/B07V57VJT5?tag=eloabder-20&linkCode=osi&th=1&psc=1"><img src="https://m.media-amazon.com/images/I/514JO3bvl3L._SL500_.jpg" alt="Product Image"></a><p>XFasten Adhesive Roller for Scrapbooking, 8mm x 30ft 4-Pack Double Sided Glue Tape Roller, Scrapbook Supplies for Adults, Photo Tape for Scrapbooking</p><p>$9.99 ($2.50 / Count)</p><a href="https://www.amazon.com/dp/B07V57VJT5?tag=eloabder-20&linkCode=osi&th=1&psc=1">View Product</a></div><div class="product"><a href="https://www.amazon.com/dp/B07JLTGQHX?tag=eloabder-20&linkCode=osi&th=1&psc=1"><img src="https://m.media-amazon.com/images/I/51Eqfo7kUZL._SL500_.jpg" alt="Product Image"></a><p>UPINS 120 Pack Double Sided Foam Tape Square Self-Adhesive Foam Tape Black Strong Tape Pads for DIY Art Crafts Supplies</p><p>$9.99 ($0.08 / Count)</p><a href="https://www.amazon.com/dp/B07JLTGQHX?tag=eloabder-20&linkCode=osi&th=1&psc=1">View Product</a></div><div class="product"><a href="https://www.amazon.com/dp/B005FM6XF4?tag=eloabder-20&linkCode=osi&th=1&psc=1"><img src="https://m.media-amazon.com/images/I/51-vp1WJ89L._SL500_.jpg" alt="Product Image"></a><p>AdTech 5603 Permanent Crafter's Tape, 0.31" x 315", Pack of 4</p><p>$7.84 ($0.07 / Foot)</p><a href="https://www.amazon.com/dp/B005FM6XF4?tag=eloabder-20&linkCode=osi&th=1&psc=1">View Product</a></div><div class="product"><a href="https://www.amazon.com/dp/B0CJF1FLFJ?tag=eloabder-20&linkCode=osi&th=1&psc=1"><img src="https://m.media-amazon.com/images/I/51dig1RqzdL._SL500_.jpg" alt="Product Image"></a><p>UPINS 150Pack Double Sided Foam Tape Strong Sticky Double Sided Foam Pads for Crafts Self-Adhesive Mounting Foam Tape Heavy Duty for Home Wall Decor 40 * 40 * 2mm</p><p>$8.99 ($0.06 / Count)</p><a href="https://www.amazon.com/dp/B0CJF1FLFJ?tag=eloabder-20&linkCode=osi&th=1&psc=1">View Product</a></div><div class="product"><a href="https://www.amazon.com/dp/B0D4YWRGCL?tag=eloabder-20&linkCode=osi&th=1&psc=1"><img src="https://m.media-amazon.com/images/I/41EqJ553-KL._SL500_.jpg" alt="Product Image"></a><p>Amanbo Glue Tape for Scrapbooking, 6 Pack Scrapbook Tape, Double Sided Tape Roller for Crafts, Total 120 Ft x 0.24 in Tape Runner, Craft Supplies for Scrapbooking, Gift Wrapping and Photo Tape</p><p>$6.99</p><a href="https://www.amazon.com/dp/B0D4YWRGCL?tag=eloabder-20&linkCode=osi&th=1&psc=1">View Product</a></div>
<div class="product"><a href="https://www.amazon.com/dp/B0CC5HPPTN?tag=eloabder-20&linkCode=osi&th=1&psc=1"><img src="https://m.media-amazon.com/images/I/519M81S201L._SL500_.jpg" alt="Product Image"></a><p>Airbrush Paint - 30 Colors with 3 Thinner, Ready to Spray Airbrush Paint Set, Water-Based Acrylic Air brush Paints for Metal, Plastic Models, Canvas, Wood, 20ml/Bottle</p><p>$32.99 ($1.48 / Fl Oz)</p><a href="https://www.amazon.com/dp/B0CC5HPPTN?tag=eloabder-20&linkCode=osi&th=1&psc=1">View Product</a></div>
<div class="product"><a href="https://www.amazon.com/dp/B0CXPSGK36?tag=eloabder-20&linkCode=osi&th=1&psc=1"><img src="https://m.media-amazon.com/images/I/51dd2dYOtrL._SL500_.jpg" alt="Product Image"></a><p>Letter Stickers 30 Sheets 1500 PCS Large Alphabet Sticker 2 Inch Vinyl Self Adhesive Stick on Stickers for Water Bottles Cup Mailbox Number Address Craft Scrapbooking Bulletin Board Decor Multicolor</p><p>$9.99</p><a href="https://www.amazon.com/dp/B0CXPSGK36?tag=eloabder-20&linkCode=osi&th=1&psc=1">View Product</a></div><div class="product"><a href="https://www.amazon.com/dp/B07NNYFMGY?tag=eloabder-20&linkCode=osi&th=1&psc=1"><img src="https://m.media-amazon.com/images/I/51yDnU+gEXL._SL500_.jpg" alt="Product Image"></a><p>20 Sheets Alphabet Letter Stickers 10 Colors Self Adhesive Sticker Colorful PU Material Convex Feeling (Colored Letter Stickers 1)</p><p>$6.99 ($0.35 / Count)</p><a href="https://www.amazon.com/dp/B07NNYFMGY?tag=eloabder-20&linkCode=osi&th=1&psc=1">View Product</a></div>


<div class="product"><a href="https://www.amazon.com/dp/B0D3HPD7WP?tag=eloabder-20&linkCode=osi&th=1&psc=1"><img src="https://m.media-amazon.com/images/I/31KSmmAWUWL._SL500_.jpg" alt="Product Image"></a><p>50 Sheets Grey Cardstock Paper, Colored Printer Paper 8.5 x 11, Thick Construction Paper for Cards Making, Scrapbook，Office Printing, Invitations, Certificates，DIY Crafting 92 lb/250gsm</p><p>$9.99</p><a href="https://www.amazon.com/dp/B0D3HPD7WP?tag=eloabder-20&linkCode=osi&th=1&psc=1">View Product</a></div>
<div class="product"><a href="https://www.amazon.com/dp/B076CP6F36?tag=eloabder-20&linkCode=osi&th=1&psc=1"><img src="https://m.media-amazon.com/images/I/51rfEIvgI+L._SL500_.jpg" alt="Product Image"></a><p>Apple Barrel, Vibrant Spectrum Collection Acrylic Craft Paint, PROMOABIII, 2 fl oz each, 16 assorted matte colors, 16 count</p><p>$15.97 ($0.50 / Fl Oz)</p><a href="https://www.amazon.com/dp/B076CP6F36?tag=eloabder-20&linkCode=osi&th=1&psc=1">View Product</a></div><div class="product"><a href="https://www.amazon.com/dp/B0BKFLSYQF?tag=eloabder-20&linkCode=osi&th=1&psc=1"><img src="https://m.media-amazon.com/images/I/51a0PmPRknL._SL500_.jpg" alt="Product Image"></a><p>72 Pack Acrylic Paint Set, Shuttle Art 60 Colors Acrylic Paint Including Extra White Black & 12 Brushes, 2oz/60ml, Rich Pigmented, Water Proof, Ideal for Artists, Beginners on Canvas Rock Wood Ceramic</p><p>$45.99 ($23.00 / Fl Oz)</p><a href="https://www.amazon.com/dp/B0BKFLSYQF?tag=eloabder-20&linkCode=osi&th=1&psc=1">View Product</a></div><div class="product"><a href="https://www.amazon.com/dp/B08CB3JH79?tag=eloabder-20&linkCode=osi&th=1&psc=1"><img src="https://m.media-amazon.com/images/I/51OUZsFdnTL._SL500_.jpg" alt="Product Image"></a><p>Acrylic Paint Set of 36 Colors 2fl oz 60ml Bottles,Non Toxic 36 Colors Acrylic Paint No Fading Rich Pigment for Kids Adults Artists Canvas Crafts Wood Painting</p><p>$32.99 ($0.46 / Fl Oz)</p><a href="https://www.amazon.com/dp/B08CB3JH79?tag=eloabder-20&linkCode=osi&th=1&psc=1">View Product</a></div><div class="product"><a href="https://www.amazon.com/dp/B0018NBVKQ?tag=eloabder-20&linkCode=osi&th=1&psc=1"><img src="https://m.media-amazon.com/images/I/31YlSvZMTCL._SL500_.jpg" alt="Product Image"></a><p>Apple Barrel Acrylic Paint in Assorted Colors (8 Ounce), 20403 White</p><p>$2.67 ($0.33 / Fl Oz)</p><a href="https://www.amazon.com/dp/B0018NBVKQ?tag=eloabder-20&linkCode=osi&th=1&psc=1">View Product</a></div><div class="product"><a href="https://www.amazon.com/dp/B077WSBLZ1?tag=eloabder-20&linkCode=osi&th=1&psc=1"><img src="https://m.media-amazon.com/images/I/51KPkXpLn1L._SL500_.jpg" alt="Product Image"></a><p>Shuttle Art Acrylic Paint Set, 30 x12ml Tubes Artist Quality Non Toxic Rich Pigments Colors Great for Kids Adults Professional Painting on Rocks Canvas Wood Clay Fabric Ceramic Crafts</p><p>$12.99 ($1.08 / Fl Oz)</p><a href="https://www.amazon.com/dp/B077WSBLZ1?tag=eloabder-20&linkCode=osi&th=1&psc=1">View Product</a></div><div class="product"><a href="https://www.amazon.com/dp/B00889Z5Y6?tag=eloabder-20&linkCode=osi&th=1&psc=1"><img src="https://m.media-amazon.com/images/I/41MQjsyDbSL._SL500_.jpg" alt="Product Image"></a><p>Apple Barrel Acrylic Paint in Assorted Colors (2 oz), 20764, Apricot</p><p>$0.58 ($0.29 / Fl Oz)</p><a href="https://www.amazon.com/dp/B00889Z5Y6?tag=eloabder-20&linkCode=osi&th=1&psc=1">View Product</a></div><div class="product"><a href="https://www.amazon.com/dp/B09TWQD5ZL?tag=eloabder-20&linkCode=osi&th=1&psc=1"><img src="https://m.media-amazon.com/images/I/41B0L003QXL._SL500_.jpg" alt="Product Image"></a><p>Artkey Acrylic Paint Set - 24 colors 2 oz/59 ml Acrylic Paints Professional Artists Painting Kit for Canvases Fabric Rock Leather Easter Egg Wood Ceramic Glass Art Craft Painting</p><p>$19.99 ($0.42 / Fl Oz)</p><a href="https://www.amazon.com/dp/B09TWQD5ZL?tag=eloabder-20&linkCode=osi&th=1&psc=1">View Product</a></div><div class="product"><a href="https://www.amazon.com/dp/B07Z93LQDB?tag=eloabder-20&linkCode=osi&th=1&psc=1"><img src="https://m.media-amazon.com/images/I/51veoN6zK0L._SL500_.jpg" alt="Product Image"></a><p>Shuttle Art Acrylic Paint Set, 36 Colors Acrylic Paint with Brushes & Palette, 2oz Bottles, Rich Pigments Non-toxic Paint for Artists Kids & Adults, Art Supplies for Canvas Rock Ceramic Wood Painting</p><p>$27.99</p><a href="https://www.amazon.com/dp/B07Z93LQDB?tag=eloabder-20&linkCode=osi&th=1&psc=1">View Product</a></div><div class="product"><a href="https://www.amazon.com/dp/B002665SYY?tag=eloabder-20&linkCode=osi&th=1&psc=1"><img src="https://m.media-amazon.com/images/I/31sJJeWK6OS._SL500_.jpg" alt="Product Image"></a><p>Liquitex BASICS Acrylic Paint, 250ml (8.5-oz) Tube, Titanium White</p><p>$9.99 ($1.18 / Fl Oz)</p><a href="https://www.amazon.com/dp/B002665SYY?tag=eloabder-20&linkCode=osi&th=1&psc=1">View Product</a></div>
<div class="product"><a href="https://www.amazon.com/dp/B0CC98XLGL?tag=eloabder-20&linkCode=osi&th=1&psc=1"><img src="https://m.media-amazon.com/images/I/51ZLw+nThiL._SL500_.jpg" alt="Product Image"></a><p>HUIRUSO 4 Pack Double Sided Tape Roller, Scrapbook Supplies, Glue Tape Roller for Crafts, Double-Sided Adhesive Tape Runner for Scrapbooking, School Office Journaling Supplies (0.31 in X 26.25 ft)</p><p>$6.99 ($1.75 / Count)</p><a href="https://www.amazon.com/dp/B0CC98XLGL?tag=eloabder-20&linkCode=osi&th=1&psc=1">View Product</a></div><div class="product"><a href="https://www.amazon.com/dp/B007XAAE6K?tag=eloabder-20&linkCode=osi&th=1&psc=1"><img src="https://m.media-amazon.com/images/I/414qxYVR0wL._SL500_.jpg" alt="Product Image"></a><p>Scotch Double Sided Tape Runner, 1-Pack, 0.27 in x 26 ft., Perfect for Holiday Crafts, Gifts, and More</p><p>$4.47</p><a href="https://www.amazon.com/dp/B007XAAE6K?tag=eloabder-20&linkCode=osi&th=1&psc=1">View Product</a></div><div class="product"><a href="https://www.amazon.com/dp/B0BZVGPFSK?tag=eloabder-20&linkCode=osi&th=1&psc=1"><img src="https://m.media-amazon.com/images/I/51-ue9+7JkL._SL500_.jpg" alt="Product Image"></a><p>Birllaid Double Sided Tape for Walls, Picture Hanging Strips Removable Mounting Dots Adhesive Heavy Duty, Removable for Art Craft, Decoration, Party Supplies, Multipurpose</p><p>$11.99</p><a href="https://www.amazon.com/dp/B0BZVGPFSK?tag=eloabder-20&linkCode=osi&th=1&psc=1">View Product</a></div><div class="product"><a href="https://www.amazon.com/dp/B0CGVN9SL1?tag=eloabder-20&linkCode=osi&th=1&psc=1"><img src="https://m.media-amazon.com/images/I/41Hy+i4CnoL._SL500_.jpg" alt="Product Image"></a><p>30Ft x 1 Inch Hook and Loop Strips with Adhesive,Double Rolls of Heavy Duty Self Adhesive Tape with Backing, Nylon Self Adhesive Tape for Home Office School and Crafting,White</p><p>$9.99</p><a href="https://www.amazon.com/dp/B0CGVN9SL1?tag=eloabder-20&linkCode=osi&th=1&psc=1">View Product</a></div><div class="product"><a href="https://www.amazon.com/dp/B07Y3VDPLF?tag=eloabder-20&linkCode=osi&th=1&psc=1"><img src="https://m.media-amazon.com/images/I/41cyKQ2OMuL._SL500_.jpg" alt="Product Image"></a><p>Melsan 1x4 inch Hook and Loop Strips with Adhesive - 15 Sets, Strong Back Adhesive Fasten Mounting Tape for Home or Office Use - Instead of Holes and Screws, Black</p><p>$7.82</p><a href="https://www.amazon.com/dp/B07Y3VDPLF?tag=eloabder-20&linkCode=osi&th=1&psc=1">View Product</a></div><div class="product"><a href="https://www.amazon.com/dp/B07V57VJT5?tag=eloabder-20&linkCode=osi&th=1&psc=1"><img src="https://m.media-amazon.com/images/I/514JO3bvl3L._SL500_.jpg" alt="Product Image"></a><p>XFasten Adhesive Roller for Scrapbooking, 8mm x 30ft 4-Pack Double Sided Glue Tape Roller, Scrapbook Supplies for Adults, Photo Tape for Scrapbooking</p><p>$9.99 ($2.50 / Count)</p><a href="https://www.amazon.com/dp/B07V57VJT5?tag=eloabder-20&linkCode=osi&th=1&psc=1">View Product</a></div><div class="product"><a href="https://www.amazon.com/dp/B07JLTGQHX?tag=eloabder-20&linkCode=osi&th=1&psc=1"><img src="https://m.media-amazon.com/images/I/51Eqfo7kUZL._SL500_.jpg" alt="Product Image"></a><p>UPINS 120 Pack Double Sided Foam Tape Square Self-Adhesive Foam Tape Black Strong Tape Pads for DIY Art Crafts Supplies</p><p>$9.99 ($0.08 / Count)</p><a href="https://www.amazon.com/dp/B07JLTGQHX?tag=eloabder-20&linkCode=osi&th=1&psc=1">View Product</a></div><div class="product"><a href="https://www.amazon.com/dp/B005FM6XF4?tag=eloabder-20&linkCode=osi&th=1&psc=1"><img src="https://m.media-amazon.com/images/I/51-vp1WJ89L._SL500_.jpg" alt="Product Image"></a><p>AdTech 5603 Permanent Crafter's Tape, 0.31" x 315", Pack of 4</p><p>$7.84 ($0.07 / Foot)</p><a href="https://www.amazon.com/dp/B005FM6XF4?tag=eloabder-20&linkCode=osi&th=1&psc=1">View Product</a></div><div class="product"><a href="https://www.amazon.com/dp/B0CJF1FLFJ?tag=eloabder-20&linkCode=osi&th=1&psc=1"><img src="https://m.media-amazon.com/images/I/51dig1RqzdL._SL500_.jpg" alt="Product Image"></a><p>UPINS 150Pack Double Sided Foam Tape Strong Sticky Double Sided Foam Pads for Crafts Self-Adhesive Mounting Foam Tape Heavy Duty for Home Wall Decor 40 * 40 * 2mm</p><p>$8.99 ($0.06 / Count)</p><a href="https://www.amazon.com/dp/B0CJF1FLFJ?tag=eloabder-20&linkCode=osi&th=1&psc=1">View Product</a></div><div class="product"><a href="https://www.amazon.com/dp/B0D4YWRGCL?tag=eloabder-20&linkCode=osi&th=1&psc=1"><img src="https://m.media-amazon.com/images/I/41EqJ553-KL._SL500_.jpg" alt="Product Image"></a><p>Amanbo Glue Tape for Scrapbooking, 6 Pack Scrapbook Tape, Double Sided Tape Roller for Crafts, Total 120 Ft x 0.24 in Tape Runner, Craft Supplies for Scrapbooking, Gift Wrapping and Photo Tape</p><p>$6.99</p><a href="https://www.amazon.com/dp/B0D4YWRGCL?tag=eloabder-20&linkCode=osi&th=1&psc=1">View Product</a></div>
<div class="product"><a href="https://www.amazon.com/dp/B0CC5HPPTN?tag=eloabder-20&linkCode=osi&th=1&psc=1"><img src="https://m.media-amazon.com/images/I/519M81S201L._SL500_.jpg" alt="Product Image"></a><p>Airbrush Paint - 30 Colors with 3 Thinner, Ready to Spray Airbrush Paint Set, Water-Based Acrylic Air brush Paints for Metal, Plastic Models, Canvas, Wood, 20ml/Bottle</p><p>$32.99 ($1.48 / Fl Oz)</p><a href="https://www.amazon.com/dp/B0CC5HPPTN?tag=eloabder-20&linkCode=osi&th=1&psc=1">View Product</a></div>
<div class="product"><a href="https://www.amazon.com/dp/B0CXPSGK36?tag=eloabder-20&linkCode=osi&th=1&psc=1"><img src="https://m.media-amazon.com/images/I/51dd2dYOtrL._SL500_.jpg" alt="Product Image"></a><p>Letter Stickers 30 Sheets 1500 PCS Large Alphabet Sticker 2 Inch Vinyl Self Adhesive Stick on Stickers for Water Bottles Cup Mailbox Number Address Craft Scrapbooking Bulletin Board Decor Multicolor</p><p>$9.99</p><a href="https://www.amazon.com/dp/B0CXPSGK36?tag=eloabder-20&linkCode=osi&th=1&psc=1">View Product</a></div><div class="product"><a href="https://www.amazon.com/dp/B07NNYFMGY?tag=eloabder-20&linkCode=osi&th=1&psc=1"><img src="https://m.media-amazon.com/images/I/51yDnU+gEXL._SL500_.jpg" alt="Product Image"></a><p>20 Sheets Alphabet Letter Stickers 10 Colors Self Adhesive Sticker Colorful PU Material Convex Feeling (Colored Letter Stickers 1)</p><p>$6.99 ($0.35 / Count)</p><a href="https://www.amazon.com/dp/B07NNYFMGY?tag=eloabder-20&linkCode=osi&th=1&psc=1">View Product</a></div>

<div class="product"><a href="https://www.amazon.com/dp/B01DDN8854?tag=eloabder-20&linkCode=osi&th=1&psc=1"><img src="https://m.media-amazon.com/images/I/61dPubDZBSL._SL500_.jpg" alt="Product Image"></a><p>Hugs 'n Kisses HNKHABY13 Applique Paper (20 Pack)</p><p>$19.72 ($0.99 / Count)</p><a href="https://www.amazon.com/dp/B01DDN8854?tag=eloabder-20&linkCode=osi&th=1&psc=1">View Product</a></div>

<div class="product"><a href="https://www.amazon.com/dp/B0D3HPD7WP?tag=eloabder-20&linkCode=osi&th=1&psc=1"><img src="https://m.media-amazon.com/images/I/31KSmmAWUWL._SL500_.jpg" alt="Product Image"></a><p>50 Sheets Grey Cardstock Paper, Colored Printer Paper 8.5 x 11, Thick Construction Paper for Cards Making, Scrapbook，Office Printing, Invitations, Certificates，DIY Crafting 92 lb/250gsm</p><p>$9.99</p><a href="https://www.amazon.com/dp/B0D3HPD7WP?tag=eloabder-20&linkCode=osi&th=1&psc=1">View Product</a></div>
<div class="product"><a href="https://www.amazon.com/dp/B076CP6F36?tag=eloabder-20&linkCode=osi&th=1&psc=1"><img src="https://m.media-amazon.com/images/I/51rfEIvgI+L._SL500_.jpg" alt="Product Image"></a><p>Apple Barrel, Vibrant Spectrum Collection Acrylic Craft Paint, PROMOABIII, 2 fl oz each, 16 assorted matte colors, 16 count</p><p>$15.97 ($0.50 / Fl Oz)</p><a href="https://www.amazon.com/dp/B076CP6F36?tag=eloabder-20&linkCode=osi&th=1&psc=1">View Product</a></div><div class="product"><a href="https://www.amazon.com/dp/B0BKFLSYQF?tag=eloabder-20&linkCode=osi&th=1&psc=1"><img src="https://m.media-amazon.com/images/I/51a0PmPRknL._SL500_.jpg" alt="Product Image"></a><p>72 Pack Acrylic Paint Set, Shuttle Art 60 Colors Acrylic Paint Including Extra White Black & 12 Brushes, 2oz/60ml, Rich Pigmented, Water Proof, Ideal for Artists, Beginners on Canvas Rock Wood Ceramic</p><p>$45.99 ($23.00 / Fl Oz)</p><a href="https://www.amazon.com/dp/B0BKFLSYQF?tag=eloabder-20&linkCode=osi&th=1&psc=1">View Product</a></div><div class="product"><a href="https://www.amazon.com/dp/B08CB3JH79?tag=eloabder-20&linkCode=osi&th=1&psc=1"><img src="https://m.media-amazon.com/images/I/51OUZsFdnTL._SL500_.jpg" alt="Product Image"></a><p>Acrylic Paint Set of 36 Colors 2fl oz 60ml Bottles,Non Toxic 36 Colors Acrylic Paint No Fading Rich Pigment for Kids Adults Artists Canvas Crafts Wood Painting</p><p>$32.99 ($0.46 / Fl Oz)</p><a href="https://www.amazon.com/dp/B08CB3JH79?tag=eloabder-20&linkCode=osi&th=1&psc=1">View Product</a></div><div class="product"><a href="https://www.amazon.com/dp/B0018NBVKQ?tag=eloabder-20&linkCode=osi&th=1&psc=1"><img src="https://m.media-amazon.com/images/I/31YlSvZMTCL._SL500_.jpg" alt="Product Image"></a><p>Apple Barrel Acrylic Paint in Assorted Colors (8 Ounce), 20403 White</p><p>$2.67 ($0.33 / Fl Oz)</p><a href="https://www.amazon.com/dp/B0018NBVKQ?tag=eloabder-20&linkCode=osi&th=1&psc=1">View Product</a></div><div class="product"><a href="https://www.amazon.com/dp/B077WSBLZ1?tag=eloabder-20&linkCode=osi&th=1&psc=1"><img src="https://m.media-amazon.com/images/I/51KPkXpLn1L._SL500_.jpg" alt="Product Image"></a><p>Shuttle Art Acrylic Paint Set, 30 x12ml Tubes Artist Quality Non Toxic Rich Pigments Colors Great for Kids Adults Professional Painting on Rocks Canvas Wood Clay Fabric Ceramic Crafts</p><p>$12.99 ($1.08 / Fl Oz)</p><a href="https://www.amazon.com/dp/B077WSBLZ1?tag=eloabder-20&linkCode=osi&th=1&psc=1">View Product</a></div><div class="product"><a href="https://www.amazon.com/dp/B00889Z5Y6?tag=eloabder-20&linkCode=osi&th=1&psc=1"><img src="https://m.media-amazon.com/images/I/41MQjsyDbSL._SL500_.jpg" alt="Product Image"></a><p>Apple Barrel Acrylic Paint in Assorted Colors (2 oz), 20764, Apricot</p><p>$0.58 ($0.29 / Fl Oz)</p><a href="https://www.amazon.com/dp/B00889Z5Y6?tag=eloabder-20&linkCode=osi&th=1&psc=1">View Product</a></div><div class="product"><a href="https://www.amazon.com/dp/B09TWQD5ZL?tag=eloabder-20&linkCode=osi&th=1&psc=1"><img src="https://m.media-amazon.com/images/I/41B0L003QXL._SL500_.jpg" alt="Product Image"></a><p>Artkey Acrylic Paint Set - 24 colors 2 oz/59 ml Acrylic Paints Professional Artists Painting Kit for Canvases Fabric Rock Leather Easter Egg Wood Ceramic Glass Art Craft Painting</p><p>$19.99 ($0.42 / Fl Oz)</p><a href="https://www.amazon.com/dp/B09TWQD5ZL?tag=eloabder-20&linkCode=osi&th=1&psc=1">View Product</a></div><div class="product"><a href="https://www.amazon.com/dp/B07Z93LQDB?tag=eloabder-20&linkCode=osi&th=1&psc=1"><img src="https://m.media-amazon.com/images/I/51veoN6zK0L._SL500_.jpg" alt="Product Image"></a><p>Shuttle Art Acrylic Paint Set, 36 Colors Acrylic Paint with Brushes & Palette, 2oz Bottles, Rich Pigments Non-toxic Paint for Artists Kids & Adults, Art Supplies for Canvas Rock Ceramic Wood Painting</p><p>$27.99</p><a href="https://www.amazon.com/dp/B07Z93LQDB?tag=eloabder-20&linkCode=osi&th=1&psc=1">View Product</a></div><div class="product"><a href="https://www.amazon.com/dp/B002665SYY?tag=eloabder-20&linkCode=osi&th=1&psc=1"><img src="https://m.media-amazon.com/images/I/31sJJeWK6OS._SL500_.jpg" alt="Product Image"></a><p>Liquitex BASICS Acrylic Paint, 250ml (8.5-oz) Tube, Titanium White</p><p>$9.99 ($1.18 / Fl Oz)</p><a href="https://www.amazon.com/dp/B002665SYY?tag=eloabder-20&linkCode=osi&th=1&psc=1">View Product</a></div>
<div class="product"><a href="https://www.amazon.com/dp/B0CC98XLGL?tag=eloabder-20&linkCode=osi&th=1&psc=1"><img src="https://m.media-amazon.com/images/I/51ZLw+nThiL._SL500_.jpg" alt="Product Image"></a><p>HUIRUSO 4 Pack Double Sided Tape Roller, Scrapbook Supplies, Glue Tape Roller for Crafts, Double-Sided Adhesive Tape Runner for Scrapbooking, School Office Journaling Supplies (0.31 in X 26.25 ft)</p><p>$6.99 ($1.75 / Count)</p><a href="https://www.amazon.com/dp/B0CC98XLGL?tag=eloabder-20&linkCode=osi&th=1&psc=1">View Product</a></div><div class="product"><a href="https://www.amazon.com/dp/B007XAAE6K?tag=eloabder-20&linkCode=osi&th=1&psc=1"><img src="https://m.media-amazon.com/images/I/414qxYVR0wL._SL500_.jpg" alt="Product Image"></a><p>Scotch Double Sided Tape Runner, 1-Pack, 0.27 in x 26 ft., Perfect for Holiday Crafts, Gifts, and More</p><p>$4.47</p><a href="https://www.amazon.com/dp/B007XAAE6K?tag=eloabder-20&linkCode=osi&th=1&psc=1">View Product</a></div><div class="product"><a href="https://www.amazon.com/dp/B0BZVGPFSK?tag=eloabder-20&linkCode=osi&th=1&psc=1"><img src="https://m.media-amazon.com/images/I/51-ue9+7JkL._SL500_.jpg" alt="Product Image"></a><p>Birllaid Double Sided Tape for Walls, Picture Hanging Strips Removable Mounting Dots Adhesive Heavy Duty, Removable for Art Craft, Decoration, Party Supplies, Multipurpose</p><p>$11.99</p><a href="https://www.amazon.com/dp/B0BZVGPFSK?tag=eloabder-20&linkCode=osi&th=1&psc=1">View Product</a></div><div class="product"><a href="https://www.amazon.com/dp/B0CGVN9SL1?tag=eloabder-20&linkCode=osi&th=1&psc=1"><img src="https://m.media-amazon.com/images/I/41Hy+i4CnoL._SL500_.jpg" alt="Product Image"></a><p>30Ft x 1 Inch Hook and Loop Strips with Adhesive,Double Rolls of Heavy Duty Self Adhesive Tape with Backing, Nylon Self Adhesive Tape for Home Office School and Crafting,White</p><p>$9.99</p><a href="https://www.amazon.com/dp/B0CGVN9SL1?tag=eloabder-20&linkCode=osi&th=1&psc=1">View Product</a></div><div class="product"><a href="https://www.amazon.com/dp/B07Y3VDPLF?tag=eloabder-20&linkCode=osi&th=1&psc=1"><img src="https://m.media-amazon.com/images/I/41cyKQ2OMuL._SL500_.jpg" alt="Product Image"></a><p>Melsan 1x4 inch Hook and Loop Strips with Adhesive - 15 Sets, Strong Back Adhesive Fasten Mounting Tape for Home or Office Use - Instead of Holes and Screws, Black</p><p>$7.82</p><a href="https://www.amazon.com/dp/B07Y3VDPLF?tag=eloabder-20&linkCode=osi&th=1&psc=1">View Product</a></div><div class="product"><a href="https://www.amazon.com/dp/B07V57VJT5?tag=eloabder-20&linkCode=osi&th=1&psc=1"><img src="https://m.media-amazon.com/images/I/514JO3bvl3L._SL500_.jpg" alt="Product Image"></a><p>XFasten Adhesive Roller for Scrapbooking, 8mm x 30ft 4-Pack Double Sided Glue Tape Roller, Scrapbook Supplies for Adults, Photo Tape for Scrapbooking</p><p>$9.99 ($2.50 / Count)</p><a href="https://www.amazon.com/dp/B07V57VJT5?tag=eloabder-20&linkCode=osi&th=1&psc=1">View Product</a></div><div class="product"><a href="https://www.amazon.com/dp/B07JLTGQHX?tag=eloabder-20&linkCode=osi&th=1&psc=1"><img src="https://m.media-amazon.com/images/I/51Eqfo7kUZL._SL500_.jpg" alt="Product Image"></a><p>UPINS 120 Pack Double Sided Foam Tape Square Self-Adhesive Foam Tape Black Strong Tape Pads for DIY Art Crafts Supplies</p><p>$9.99 ($0.08 / Count)</p><a href="https://www.amazon.com/dp/B07JLTGQHX?tag=eloabder-20&linkCode=osi&th=1&psc=1">View Product</a></div><div class="product"><a href="https://www.amazon.com/dp/B005FM6XF4?tag=eloabder-20&linkCode=osi&th=1&psc=1"><img src="https://m.media-amazon.com/images/I/51-vp1WJ89L._SL500_.jpg" alt="Product Image"></a><p>AdTech 5603 Permanent Crafter's Tape, 0.31" x 315", Pack of 4</p><p>$7.84 ($0.07 / Foot)</p><a href="https://www.amazon.com/dp/B005FM6XF4?tag=eloabder-20&linkCode=osi&th=1&psc=1">View Product</a></div><div class="product"><a href="https://www.amazon.com/dp/B0CJF1FLFJ?tag=eloabder-20&linkCode=osi&th=1&psc=1"><img src="https://m.media-amazon.com/images/I/51dig1RqzdL._SL500_.jpg" alt="Product Image"></a><p>UPINS 150Pack Double Sided Foam Tape Strong Sticky Double Sided Foam Pads for Crafts Self-Adhesive Mounting Foam Tape Heavy Duty for Home Wall Decor 40 * 40 * 2mm</p><p>$8.99 ($0.06 / Count)</p><a href="https://www.amazon.com/dp/B0CJF1FLFJ?tag=eloabder-20&linkCode=osi&th=1&psc=1">View Product</a></div><div class="product"><a href="https://www.amazon.com/dp/B0D4YWRGCL?tag=eloabder-20&linkCode=osi&th=1&psc=1"><img src="https://m.media-amazon.com/images/I/41EqJ553-KL._SL500_.jpg" alt="Product Image"></a><p>Amanbo Glue Tape for Scrapbooking, 6 Pack Scrapbook Tape, Double Sided Tape Roller for Crafts, Total 120 Ft x 0.24 in Tape Runner, Craft Supplies for Scrapbooking, Gift Wrapping and Photo Tape</p><p>$6.99</p><a href="https://www.amazon.com/dp/B0D4YWRGCL?tag=eloabder-20&linkCode=osi&th=1&psc=1">View Product</a></div>
<div class="product"><a href="https://www.amazon.com/dp/B0CC5HPPTN?tag=eloabder-20&linkCode=osi&th=1&psc=1"><img src="https://m.media-amazon.com/images/I/519M81S201L._SL500_.jpg" alt="Product Image"></a><p>Airbrush Paint - 30 Colors with 3 Thinner, Ready to Spray Airbrush Paint Set, Water-Based Acrylic Air brush Paints for Metal, Plastic Models, Canvas, Wood, 20ml/Bottle</p><p>$32.99 ($1.48 / Fl Oz)</p><a href="https://www.amazon.com/dp/B0CC5HPPTN?tag=eloabder-20&linkCode=osi&th=1&psc=1">View Product</a></div>
<div class="product"><a href="https://www.amazon.com/dp/B0CXPSGK36?tag=eloabder-20&linkCode=osi&th=1&psc=1"><img src="https://m.media-amazon.com/images/I/51dd2dYOtrL._SL500_.jpg" alt="Product Image"></a><p>Letter Stickers 30 Sheets 1500 PCS Large Alphabet Sticker 2 Inch Vinyl Self Adhesive Stick on Stickers for Water Bottles Cup Mailbox Number Address Craft Scrapbooking Bulletin Board Decor Multicolor</p><p>$9.99</p><a href="https://www.amazon.com/dp/B0CXPSGK36?tag=eloabder-20&linkCode=osi&th=1&psc=1">View Product</a></div><div class="product"><a href="https://www.amazon.com/dp/B07NNYFMGY?tag=eloabder-20&linkCode=osi&th=1&psc=1"><img src="https://m.media-amazon.com/images/I/51yDnU+gEXL._SL500_.jpg" alt="Product Image"></a><p>20 Sheets Alphabet Letter Stickers 10 Colors Self Adhesive Sticker Colorful PU Material Convex Feeling (Colored Letter Stickers 1)</p><p>$6.99 ($0.35 / Count)</p><a href="https://www.amazon.com/dp/B07NNYFMGY?tag=eloabder-20&linkCode=osi&th=1&psc=1">View Product</a></div>

<div class="product"><a href="https://www.amazon.com/dp/B01DDN8854?tag=eloabder-20&linkCode=osi&th=1&psc=1"><img src="https://m.media-amazon.com/images/I/61dPubDZBSL._SL500_.jpg" alt="Product Image"></a><p>Hugs 'n Kisses HNKHABY13 Applique Paper (20 Pack)</p><p>$19.72 ($0.99 / Count)</p><a href="https://www.amazon.com/dp/B01DDN8854?tag=eloabder-20&linkCode=osi&th=1&psc=1">View Product</a></div>
<div class="product"><a href="https://www.amazon.com/dp/B09KPNFJW1?tag=eloabder-20&linkCode=osi&th=1&psc=1"><img src="https://m.media-amazon.com/images/I/41abn5fELmL._SL500_.jpg" alt="Product Image"></a><p>UniPleased Disposable Aprons (50 Count), Plastic apron for Painting Party, Cooking, Housework, Picnic etc.</p><p>$5.69</p><a href="https://www.amazon.com/dp/B09KPNFJW1?tag=eloabder-20&linkCode=osi&th=1&psc=1">View Product</a></div>

<div class="product"><a href="https://www.amazon.com/dp/B0D3HPD7WP?tag=eloabder-20&linkCode=osi&th=1&psc=1"><img src="https://m.media-amazon.com/images/I/31KSmmAWUWL._SL500_.jpg" alt="Product Image"></a><p>50 Sheets Grey Cardstock Paper, Colored Printer Paper 8.5 x 11, Thick Construction Paper for Cards Making, Scrapbook，Office Printing, Invitations, Certificates，DIY Crafting 92 lb/250gsm</p><p>$9.99</p><a href="https://www.amazon.com/dp/B0D3HPD7WP?tag=eloabder-20&linkCode=osi&th=1&psc=1">View Product</a></div>
<div class="product"><a href="https://www.amazon.com/dp/B076CP6F36?tag=eloabder-20&linkCode=osi&th=1&psc=1"><img src="https://m.media-amazon.com/images/I/51rfEIvgI+L._SL500_.jpg" alt="Product Image"></a><p>Apple Barrel, Vibrant Spectrum Collection Acrylic Craft Paint, PROMOABIII, 2 fl oz each, 16 assorted matte colors, 16 count</p><p>$15.97 ($0.50 / Fl Oz)</p><a href="https://www.amazon.com/dp/B076CP6F36?tag=eloabder-20&linkCode=osi&th=1&psc=1">View Product</a></div><div class="product"><a href="https://www.amazon.com/dp/B0BKFLSYQF?tag=eloabder-20&linkCode=osi&th=1&psc=1"><img src="https://m.media-amazon.com/images/I/51a0PmPRknL._SL500_.jpg" alt="Product Image"></a><p>72 Pack Acrylic Paint Set, Shuttle Art 60 Colors Acrylic Paint Including Extra White Black & 12 Brushes, 2oz/60ml, Rich Pigmented, Water Proof, Ideal for Artists, Beginners on Canvas Rock Wood Ceramic</p><p>$45.99 ($23.00 / Fl Oz)</p><a href="https://www.amazon.com/dp/B0BKFLSYQF?tag=eloabder-20&linkCode=osi&th=1&psc=1">View Product</a></div><div class="product"><a href="https://www.amazon.com/dp/B08CB3JH79?tag=eloabder-20&linkCode=osi&th=1&psc=1"><img src="https://m.media-amazon.com/images/I/51OUZsFdnTL._SL500_.jpg" alt="Product Image"></a><p>Acrylic Paint Set of 36 Colors 2fl oz 60ml Bottles,Non Toxic 36 Colors Acrylic Paint No Fading Rich Pigment for Kids Adults Artists Canvas Crafts Wood Painting</p><p>$32.99 ($0.46 / Fl Oz)</p><a href="https://www.amazon.com/dp/B08CB3JH79?tag=eloabder-20&linkCode=osi&th=1&psc=1">View Product</a></div><div class="product"><a href="https://www.amazon.com/dp/B0018NBVKQ?tag=eloabder-20&linkCode=osi&th=1&psc=1"><img src="https://m.media-amazon.com/images/I/31YlSvZMTCL._SL500_.jpg" alt="Product Image"></a><p>Apple Barrel Acrylic Paint in Assorted Colors (8 Ounce), 20403 White</p><p>$2.67 ($0.33 / Fl Oz)</p><a href="https://www.amazon.com/dp/B0018NBVKQ?tag=eloabder-20&linkCode=osi&th=1&psc=1">View Product</a></div><div class="product"><a href="https://www.amazon.com/dp/B077WSBLZ1?tag=eloabder-20&linkCode=osi&th=1&psc=1"><img src="https://m.media-amazon.com/images/I/51KPkXpLn1L._SL500_.jpg" alt="Product Image"></a><p>Shuttle Art Acrylic Paint Set, 30 x12ml Tubes Artist Quality Non Toxic Rich Pigments Colors Great for Kids Adults Professional Painting on Rocks Canvas Wood Clay Fabric Ceramic Crafts</p><p>$12.99 ($1.08 / Fl Oz)</p><a href="https://www.amazon.com/dp/B077WSBLZ1?tag=eloabder-20&linkCode=osi&th=1&psc=1">View Product</a></div><div class="product"><a href="https://www.amazon.com/dp/B00889Z5Y6?tag=eloabder-20&linkCode=osi&th=1&psc=1"><img src="https://m.media-amazon.com/images/I/41MQjsyDbSL._SL500_.jpg" alt="Product Image"></a><p>Apple Barrel Acrylic Paint in Assorted Colors (2 oz), 20764, Apricot</p><p>$0.58 ($0.29 / Fl Oz)</p><a href="https://www.amazon.com/dp/B00889Z5Y6?tag=eloabder-20&linkCode=osi&th=1&psc=1">View Product</a></div><div class="product"><a href="https://www.amazon.com/dp/B09TWQD5ZL?tag=eloabder-20&linkCode=osi&th=1&psc=1"><img src="https://m.media-amazon.com/images/I/41B0L003QXL._SL500_.jpg" alt="Product Image"></a><p>Artkey Acrylic Paint Set - 24 colors 2 oz/59 ml Acrylic Paints Professional Artists Painting Kit for Canvases Fabric Rock Leather Easter Egg Wood Ceramic Glass Art Craft Painting</p><p>$19.99 ($0.42 / Fl Oz)</p><a href="https://www.amazon.com/dp/B09TWQD5ZL?tag=eloabder-20&linkCode=osi&th=1&psc=1">View Product</a></div><div class="product"><a href="https://www.amazon.com/dp/B07Z93LQDB?tag=eloabder-20&linkCode=osi&th=1&psc=1"><img src="https://m.media-amazon.com/images/I/51veoN6zK0L._SL500_.jpg" alt="Product Image"></a><p>Shuttle Art Acrylic Paint Set, 36 Colors Acrylic Paint with Brushes & Palette, 2oz Bottles, Rich Pigments Non-toxic Paint for Artists Kids & Adults, Art Supplies for Canvas Rock Ceramic Wood Painting</p><p>$27.99</p><a href="https://www.amazon.com/dp/B07Z93LQDB?tag=eloabder-20&linkCode=osi&th=1&psc=1">View Product</a></div><div class="product"><a href="https://www.amazon.com/dp/B002665SYY?tag=eloabder-20&linkCode=osi&th=1&psc=1"><img src="https://m.media-amazon.com/images/I/31sJJeWK6OS._SL500_.jpg" alt="Product Image"></a><p>Liquitex BASICS Acrylic Paint, 250ml (8.5-oz) Tube, Titanium White</p><p>$9.99 ($1.18 / Fl Oz)</p><a href="https://www.amazon.com/dp/B002665SYY?tag=eloabder-20&linkCode=osi&th=1&psc=1">View Product</a></div>
<div class="product"><a href="https://www.amazon.com/dp/B0CC98XLGL?tag=eloabder-20&linkCode=osi&th=1&psc=1"><img src="https://m.media-amazon.com/images/I/51ZLw+nThiL._SL500_.jpg" alt="Product Image"></a><p>HUIRUSO 4 Pack Double Sided Tape Roller, Scrapbook Supplies, Glue Tape Roller for Crafts, Double-Sided Adhesive Tape Runner for Scrapbooking, School Office Journaling Supplies (0.31 in X 26.25 ft)</p><p>$6.99 ($1.75 / Count)</p><a href="https://www.amazon.com/dp/B0CC98XLGL?tag=eloabder-20&linkCode=osi&th=1&psc=1">View Product</a></div><div class="product"><a href="https://www.amazon.com/dp/B007XAAE6K?tag=eloabder-20&linkCode=osi&th=1&psc=1"><img src="https://m.media-amazon.com/images/I/414qxYVR0wL._SL500_.jpg" alt="Product Image"></a><p>Scotch Double Sided Tape Runner, 1-Pack, 0.27 in x 26 ft., Perfect for Holiday Crafts, Gifts, and More</p><p>$4.47</p><a href="https://www.amazon.com/dp/B007XAAE6K?tag=eloabder-20&linkCode=osi&th=1&psc=1">View Product</a></div><div class="product"><a href="https://www.amazon.com/dp/B0BZVGPFSK?tag=eloabder-20&linkCode=osi&th=1&psc=1"><img src="https://m.media-amazon.com/images/I/51-ue9+7JkL._SL500_.jpg" alt="Product Image"></a><p>Birllaid Double Sided Tape for Walls, Picture Hanging Strips Removable Mounting Dots Adhesive Heavy Duty, Removable for Art Craft, Decoration, Party Supplies, Multipurpose</p><p>$11.99</p><a href="https://www.amazon.com/dp/B0BZVGPFSK?tag=eloabder-20&linkCode=osi&th=1&psc=1">View Product</a></div><div class="product"><a href="https://www.amazon.com/dp/B0CGVN9SL1?tag=eloabder-20&linkCode=osi&th=1&psc=1"><img src="https://m.media-amazon.com/images/I/41Hy+i4CnoL._SL500_.jpg" alt="Product Image"></a><p>30Ft x 1 Inch Hook and Loop Strips with Adhesive,Double Rolls of Heavy Duty Self Adhesive Tape with Backing, Nylon Self Adhesive Tape for Home Office School and Crafting,White</p><p>$9.99</p><a href="https://www.amazon.com/dp/B0CGVN9SL1?tag=eloabder-20&linkCode=osi&th=1&psc=1">View Product</a></div><div class="product"><a href="https://www.amazon.com/dp/B07Y3VDPLF?tag=eloabder-20&linkCode=osi&th=1&psc=1"><img src="https://m.media-amazon.com/images/I/41cyKQ2OMuL._SL500_.jpg" alt="Product Image"></a><p>Melsan 1x4 inch Hook and Loop Strips with Adhesive - 15 Sets, Strong Back Adhesive Fasten Mounting Tape for Home or Office Use - Instead of Holes and Screws, Black</p><p>$7.82</p><a href="https://www.amazon.com/dp/B07Y3VDPLF?tag=eloabder-20&linkCode=osi&th=1&psc=1">View Product</a></div><div class="product"><a href="https://www.amazon.com/dp/B07V57VJT5?tag=eloabder-20&linkCode=osi&th=1&psc=1"><img src="https://m.media-amazon.com/images/I/514JO3bvl3L._SL500_.jpg" alt="Product Image"></a><p>XFasten Adhesive Roller for Scrapbooking, 8mm x 30ft 4-Pack Double Sided Glue Tape Roller, Scrapbook Supplies for Adults, Photo Tape for Scrapbooking</p><p>$9.99 ($2.50 / Count)</p><a href="https://www.amazon.com/dp/B07V57VJT5?tag=eloabder-20&linkCode=osi&th=1&psc=1">View Product</a></div><div class="product"><a href="https://www.amazon.com/dp/B07JLTGQHX?tag=eloabder-20&linkCode=osi&th=1&psc=1"><img src="https://m.media-amazon.com/images/I/51Eqfo7kUZL._SL500_.jpg" alt="Product Image"></a><p>UPINS 120 Pack Double Sided Foam Tape Square Self-Adhesive Foam Tape Black Strong Tape Pads for DIY Art Crafts Supplies</p><p>$9.99 ($0.08 / Count)</p><a href="https://www.amazon.com/dp/B07JLTGQHX?tag=eloabder-20&linkCode=osi&th=1&psc=1">View Product</a></div><div class="product"><a href="https://www.amazon.com/dp/B005FM6XF4?tag=eloabder-20&linkCode=osi&th=1&psc=1"><img src="https://m.media-amazon.com/images/I/51-vp1WJ89L._SL500_.jpg" alt="Product Image"></a><p>AdTech 5603 Permanent Crafter's Tape, 0.31" x 315", Pack of 4</p><p>$7.84 ($0.07 / Foot)</p><a href="https://www.amazon.com/dp/B005FM6XF4?tag=eloabder-20&linkCode=osi&th=1&psc=1">View Product</a></div><div class="product"><a href="https://www.amazon.com/dp/B0CJF1FLFJ?tag=eloabder-20&linkCode=osi&th=1&psc=1"><img src="https://m.media-amazon.com/images/I/51dig1RqzdL._SL500_.jpg" alt="Product Image"></a><p>UPINS 150Pack Double Sided Foam Tape Strong Sticky Double Sided Foam Pads for Crafts Self-Adhesive Mounting Foam Tape Heavy Duty for Home Wall Decor 40 * 40 * 2mm</p><p>$8.99 ($0.06 / Count)</p><a href="https://www.amazon.com/dp/B0CJF1FLFJ?tag=eloabder-20&linkCode=osi&th=1&psc=1">View Product</a></div><div class="product"><a href="https://www.amazon.com/dp/B0D4YWRGCL?tag=eloabder-20&linkCode=osi&th=1&psc=1"><img src="https://m.media-amazon.com/images/I/41EqJ553-KL._SL500_.jpg" alt="Product Image"></a><p>Amanbo Glue Tape for Scrapbooking, 6 Pack Scrapbook Tape, Double Sided Tape Roller for Crafts, Total 120 Ft x 0.24 in Tape Runner, Craft Supplies for Scrapbooking, Gift Wrapping and Photo Tape</p><p>$6.99</p><a href="https://www.amazon.com/dp/B0D4YWRGCL?tag=eloabder-20&linkCode=osi&th=1&psc=1">View Product</a></div>
<div class="product"><a href="https://www.amazon.com/dp/B0CC5HPPTN?tag=eloabder-20&linkCode=osi&th=1&psc=1"><img src="https://m.media-amazon.com/images/I/519M81S201L._SL500_.jpg" alt="Product Image"></a><p>Airbrush Paint - 30 Colors with 3 Thinner, Ready to Spray Airbrush Paint Set, Water-Based Acrylic Air brush Paints for Metal, Plastic Models, Canvas, Wood, 20ml/Bottle</p><p>$32.99 ($1.48 / Fl Oz)</p><a href="https://www.amazon.com/dp/B0CC5HPPTN?tag=eloabder-20&linkCode=osi&th=1&psc=1">View Product</a></div>
<div class="product"><a href="https://www.amazon.com/dp/B0CXPSGK36?tag=eloabder-20&linkCode=osi&th=1&psc=1"><img src="https://m.media-amazon.com/images/I/51dd2dYOtrL._SL500_.jpg" alt="Product Image"></a><p>Letter Stickers 30 Sheets 1500 PCS Large Alphabet Sticker 2 Inch Vinyl Self Adhesive Stick on Stickers for Water Bottles Cup Mailbox Number Address Craft Scrapbooking Bulletin Board Decor Multicolor</p><p>$9.99</p><a href="https://www.amazon.com/dp/B0CXPSGK36?tag=eloabder-20&linkCode=osi&th=1&psc=1">View Product</a></div><div class="product"><a href="https://www.amazon.com/dp/B07NNYFMGY?tag=eloabder-20&linkCode=osi&th=1&psc=1"><img src="https://m.media-amazon.com/images/I/51yDnU+gEXL._SL500_.jpg" alt="Product Image"></a><p>20 Sheets Alphabet Letter Stickers 10 Colors Self Adhesive Sticker Colorful PU Material Convex Feeling (Colored Letter Stickers 1)</p><p>$6.99 ($0.35 / Count)</p><a href="https://www.amazon.com/dp/B07NNYFMGY?tag=eloabder-20&linkCode=osi&th=1&psc=1">View Product</a></div>

<div class="product"><a href="https://www.amazon.com/dp/B01DDN8854?tag=eloabder-20&linkCode=osi&th=1&psc=1"><img src="https://m.media-amazon.com/images/I/61dPubDZBSL._SL500_.jpg" alt="Product Image"></a><p>Hugs 'n Kisses HNKHABY13 Applique Paper (20 Pack)</p><p>$19.72 ($0.99 / Count)</p><a href="https://www.amazon.com/dp/B01DDN8854?tag=eloabder-20&linkCode=osi&th=1&psc=1">View Product</a></div>
<div class="product"><a href="https://www.amazon.com/dp/B09KPNFJW1?tag=eloabder-20&linkCode=osi&th=1&psc=1"><img src="https://m.media-amazon.com/images/I/41abn5fELmL._SL500_.jpg" alt="Product Image"></a><p>UniPleased Disposable Aprons (50 Count), Plastic apron for Painting Party, Cooking, Housework, Picnic etc.</p><p>$5.69</p><a href="https://www.amazon.com/dp/B09KPNFJW1?tag=eloabder-20&linkCode=osi&th=1&psc=1">View Product</a></div>
<div class="product"><a href="https://www.amazon.com/dp/B087M21MM2?tag=eloabder-20&linkCode=osi&th=1&psc=1"><img src="https://m.media-amazon.com/images/I/41Xf-jehhLL._SL500_.jpg" alt="Product Image"></a><p>GOTIDEAL Stretched Canvas, Multi Pack 4x4, 5x7, 8x10,9x12, 11x14 Set of 10, Primed White - 100% Cotton Artist Canvas Boards for Painting, Acrylic Pouring, Oil Paint Dry & Wet Art Media</p><p>$24.99</p><a href="https://www.amazon.com/dp/B087M21MM2?tag=eloabder-20&linkCode=osi&th=1&psc=1">View Product</a></div><div class="product"><a href="https://www.amazon.com/dp/B00OQJYISG?tag=eloabder-20&linkCode=osi&th=1&psc=1"><img src="https://m.media-amazon.com/images/I/31fEDLPkkcL._SL500_.jpg" alt="Product Image"></a><p>6 Count 12” x 16” Super Value Canvas by Artist's Loft Necessities - Acid Free Cotton Canvas for Paint, Acrylic, & Oils - 1 Pack</p><p>$19.99</p><a href="https://www.amazon.com/dp/B00OQJYISG?tag=eloabder-20&linkCode=osi&th=1&psc=1">View Product</a></div><div class="product"><a href="https://www.amazon.com/dp/B09CDKB9HY?tag=eloabder-20&linkCode=osi&th=1&psc=1"><img src="https://m.media-amazon.com/images/I/51+p5xnClGL._SL500_.jpg" alt="Product Image"></a><p>DPDIAN Canvas Boards for Painting 40 Pack, 8 inch x 10 inch Super Value Pack, Artist Canvas Panels for Oil & Acrylic Painting</p><p>$29.99</p><a href="https://www.amazon.com/dp/B09CDKB9HY?tag=eloabder-20&linkCode=osi&th=1&psc=1">View Product</a></div><div class="product"><a href="https://www.amazon.com/dp/B0CFBGP29G?tag=eloabder-20&linkCode=osi&th=1&psc=1"><img src="https://m.media-amazon.com/images/I/3147Az5plbL._SL500_.jpg" alt="Product Image"></a><p>ArtSkills Stretched Canvases for Painting, 12x16 Canvas Painting Supplies for Artists, Blank Canvas Pack, 2-Pack</p><p>$16.99</p><a href="https://www.amazon.com/dp/B0CFBGP29G?tag=eloabder-20&linkCode=osi&th=1&psc=1">View Product</a></div><div class="product"><a href="https://www.amazon.com/dp/B07BNGQ1SS?tag=eloabder-20&linkCode=osi&th=1&psc=1"><img src="https://m.media-amazon.com/images/I/410ZVtygUwS._SL500_.jpg" alt="Product Image"></a><p>PHOENIX Stretched Canvas for Painting 8x10 Inch/10 Value Pack, 8 Oz Triple Primed 5/8 Inch Profile 100% Cotton White Blank Canvas, Artist Framed Canvas for Oil Acrylic & Pouring Art</p><p>$22.99</p><a href="https://www.amazon.com/dp/B07BNGQ1SS?tag=eloabder-20&linkCode=osi&th=1&psc=1">View Product</a></div><div class="product"><a href="https://www.amazon.com/dp/B0922JP1H4?tag=eloabder-20&linkCode=osi&th=1&psc=1"><img src="https://m.media-amazon.com/images/I/41BmiEND1KL._SL500_.jpg" alt="Product Image"></a><p>GOTIDEAL Canvases for Painting, 18 Pack Canvas Boards Multipack 4x4, 5x7, 8x10, 9x12,11x14,Primed White Blank Artist Canvas Variety Pack for Acrylic Paint, Oil Paint, Watercolor, Gouache</p><p>$19.99</p><a href="https://www.amazon.com/dp/B0922JP1H4?tag=eloabder-20&linkCode=osi&th=1&psc=1">View Product</a></div>

<div class="product"><a href="https://www.amazon.com/dp/B0D3HPD7WP?tag=eloabder-20&linkCode=osi&th=1&psc=1"><img src="https://m.media-amazon.com/images/I/31KSmmAWUWL._SL500_.jpg" alt="Product Image"></a><p>50 Sheets Grey Cardstock Paper, Colored Printer Paper 8.5 x 11, Thick Construction Paper for Cards Making, Scrapbook，Office Printing, Invitations, Certificates，DIY Crafting 92 lb/250gsm</p><p>$9.99</p><a href="https://www.amazon.com/dp/B0D3HPD7WP?tag=eloabder-20&linkCode=osi&th=1&psc=1">View Product</a></div>
<div class="product"><a href="https://www.amazon.com/dp/B076CP6F36?tag=eloabder-20&linkCode=osi&th=1&psc=1"><img src="https://m.media-amazon.com/images/I/51rfEIvgI+L._SL500_.jpg" alt="Product Image"></a><p>Apple Barrel, Vibrant Spectrum Collection Acrylic Craft Paint, PROMOABIII, 2 fl oz each, 16 assorted matte colors, 16 count</p><p>$15.97 ($0.50 / Fl Oz)</p><a href="https://www.amazon.com/dp/B076CP6F36?tag=eloabder-20&linkCode=osi&th=1&psc=1">View Product</a></div><div class="product"><a href="https://www.amazon.com/dp/B0BKFLSYQF?tag=eloabder-20&linkCode=osi&th=1&psc=1"><img src="https://m.media-amazon.com/images/I/51a0PmPRknL._SL500_.jpg" alt="Product Image"></a><p>72 Pack Acrylic Paint Set, Shuttle Art 60 Colors Acrylic Paint Including Extra White Black & 12 Brushes, 2oz/60ml, Rich Pigmented, Water Proof, Ideal for Artists, Beginners on Canvas Rock Wood Ceramic</p><p>$45.99 ($23.00 / Fl Oz)</p><a href="https://www.amazon.com/dp/B0BKFLSYQF?tag=eloabder-20&linkCode=osi&th=1&psc=1">View Product</a></div><div class="product"><a href="https://www.amazon.com/dp/B08CB3JH79?tag=eloabder-20&linkCode=osi&th=1&psc=1"><img src="https://m.media-amazon.com/images/I/51OUZsFdnTL._SL500_.jpg" alt="Product Image"></a><p>Acrylic Paint Set of 36 Colors 2fl oz 60ml Bottles,Non Toxic 36 Colors Acrylic Paint No Fading Rich Pigment for Kids Adults Artists Canvas Crafts Wood Painting</p><p>$32.99 ($0.46 / Fl Oz)</p><a href="https://www.amazon.com/dp/B08CB3JH79?tag=eloabder-20&linkCode=osi&th=1&psc=1">View Product</a></div><div class="product"><a href="https://www.amazon.com/dp/B0018NBVKQ?tag=eloabder-20&linkCode=osi&th=1&psc=1"><img src="https://m.media-amazon.com/images/I/31YlSvZMTCL._SL500_.jpg" alt="Product Image"></a><p>Apple Barrel Acrylic Paint in Assorted Colors (8 Ounce), 20403 White</p><p>$2.67 ($0.33 / Fl Oz)</p><a href="https://www.amazon.com/dp/B0018NBVKQ?tag=eloabder-20&linkCode=osi&th=1&psc=1">View Product</a></div><div class="product"><a href="https://www.amazon.com/dp/B077WSBLZ1?tag=eloabder-20&linkCode=osi&th=1&psc=1"><img src="https://m.media-amazon.com/images/I/51KPkXpLn1L._SL500_.jpg" alt="Product Image"></a><p>Shuttle Art Acrylic Paint Set, 30 x12ml Tubes Artist Quality Non Toxic Rich Pigments Colors Great for Kids Adults Professional Painting on Rocks Canvas Wood Clay Fabric Ceramic Crafts</p><p>$12.99 ($1.08 / Fl Oz)</p><a href="https://www.amazon.com/dp/B077WSBLZ1?tag=eloabder-20&linkCode=osi&th=1&psc=1">View Product</a></div><div class="product"><a href="https://www.amazon.com/dp/B00889Z5Y6?tag=eloabder-20&linkCode=osi&th=1&psc=1"><img src="https://m.media-amazon.com/images/I/41MQjsyDbSL._SL500_.jpg" alt="Product Image"></a><p>Apple Barrel Acrylic Paint in Assorted Colors (2 oz), 20764, Apricot</p><p>$0.58 ($0.29 / Fl Oz)</p><a href="https://www.amazon.com/dp/B00889Z5Y6?tag=eloabder-20&linkCode=osi&th=1&psc=1">View Product</a></div><div class="product"><a href="https://www.amazon.com/dp/B09TWQD5ZL?tag=eloabder-20&linkCode=osi&th=1&psc=1"><img src="https://m.media-amazon.com/images/I/41B0L003QXL._SL500_.jpg" alt="Product Image"></a><p>Artkey Acrylic Paint Set - 24 colors 2 oz/59 ml Acrylic Paints Professional Artists Painting Kit for Canvases Fabric Rock Leather Easter Egg Wood Ceramic Glass Art Craft Painting</p><p>$19.99 ($0.42 / Fl Oz)</p><a href="https://www.amazon.com/dp/B09TWQD5ZL?tag=eloabder-20&linkCode=osi&th=1&psc=1">View Product</a></div><div class="product"><a href="https://www.amazon.com/dp/B07Z93LQDB?tag=eloabder-20&linkCode=osi&th=1&psc=1"><img src="https://m.media-amazon.com/images/I/51veoN6zK0L._SL500_.jpg" alt="Product Image"></a><p>Shuttle Art Acrylic Paint Set, 36 Colors Acrylic Paint with Brushes & Palette, 2oz Bottles, Rich Pigments Non-toxic Paint for Artists Kids & Adults, Art Supplies for Canvas Rock Ceramic Wood Painting</p><p>$27.99</p><a href="https://www.amazon.com/dp/B07Z93LQDB?tag=eloabder-20&linkCode=osi&th=1&psc=1">View Product</a></div><div class="product"><a href="https://www.amazon.com/dp/B002665SYY?tag=eloabder-20&linkCode=osi&th=1&psc=1"><img src="https://m.media-amazon.com/images/I/31sJJeWK6OS._SL500_.jpg" alt="Product Image"></a><p>Liquitex BASICS Acrylic Paint, 250ml (8.5-oz) Tube, Titanium White</p><p>$9.99 ($1.18 / Fl Oz)</p><a href="https://www.amazon.com/dp/B002665SYY?tag=eloabder-20&linkCode=osi&th=1&psc=1">View Product</a></div>
<div class="product"><a href="https://www.amazon.com/dp/B0CC98XLGL?tag=eloabder-20&linkCode=osi&th=1&psc=1"><img src="https://m.media-amazon.com/images/I/51ZLw+nThiL._SL500_.jpg" alt="Product Image"></a><p>HUIRUSO 4 Pack Double Sided Tape Roller, Scrapbook Supplies, Glue Tape Roller for Crafts, Double-Sided Adhesive Tape Runner for Scrapbooking, School Office Journaling Supplies (0.31 in X 26.25 ft)</p><p>$6.99 ($1.75 / Count)</p><a href="https://www.amazon.com/dp/B0CC98XLGL?tag=eloabder-20&linkCode=osi&th=1&psc=1">View Product</a></div><div class="product"><a href="https://www.amazon.com/dp/B007XAAE6K?tag=eloabder-20&linkCode=osi&th=1&psc=1"><img src="https://m.media-amazon.com/images/I/414qxYVR0wL._SL500_.jpg" alt="Product Image"></a><p>Scotch Double Sided Tape Runner, 1-Pack, 0.27 in x 26 ft., Perfect for Holiday Crafts, Gifts, and More</p><p>$4.47</p><a href="https://www.amazon.com/dp/B007XAAE6K?tag=eloabder-20&linkCode=osi&th=1&psc=1">View Product</a></div><div class="product"><a href="https://www.amazon.com/dp/B0BZVGPFSK?tag=eloabder-20&linkCode=osi&th=1&psc=1"><img src="https://m.media-amazon.com/images/I/51-ue9+7JkL._SL500_.jpg" alt="Product Image"></a><p>Birllaid Double Sided Tape for Walls, Picture Hanging Strips Removable Mounting Dots Adhesive Heavy Duty, Removable for Art Craft, Decoration, Party Supplies, Multipurpose</p><p>$11.99</p><a href="https://www.amazon.com/dp/B0BZVGPFSK?tag=eloabder-20&linkCode=osi&th=1&psc=1">View Product</a></div><div class="product"><a href="https://www.amazon.com/dp/B0CGVN9SL1?tag=eloabder-20&linkCode=osi&th=1&psc=1"><img src="https://m.media-amazon.com/images/I/41Hy+i4CnoL._SL500_.jpg" alt="Product Image"></a><p>30Ft x 1 Inch Hook and Loop Strips with Adhesive,Double Rolls of Heavy Duty Self Adhesive Tape with Backing, Nylon Self Adhesive Tape for Home Office School and Crafting,White</p><p>$9.99</p><a href="https://www.amazon.com/dp/B0CGVN9SL1?tag=eloabder-20&linkCode=osi&th=1&psc=1">View Product</a></div><div class="product"><a href="https://www.amazon.com/dp/B07Y3VDPLF?tag=eloabder-20&linkCode=osi&th=1&psc=1"><img src="https://m.media-amazon.com/images/I/41cyKQ2OMuL._SL500_.jpg" alt="Product Image"></a><p>Melsan 1x4 inch Hook and Loop Strips with Adhesive - 15 Sets, Strong Back Adhesive Fasten Mounting Tape for Home or Office Use - Instead of Holes and Screws, Black</p><p>$7.82</p><a href="https://www.amazon.com/dp/B07Y3VDPLF?tag=eloabder-20&linkCode=osi&th=1&psc=1">View Product</a></div><div class="product"><a href="https://www.amazon.com/dp/B07V57VJT5?tag=eloabder-20&linkCode=osi&th=1&psc=1"><img src="https://m.media-amazon.com/images/I/514JO3bvl3L._SL500_.jpg" alt="Product Image"></a><p>XFasten Adhesive Roller for Scrapbooking, 8mm x 30ft 4-Pack Double Sided Glue Tape Roller, Scrapbook Supplies for Adults, Photo Tape for Scrapbooking</p><p>$9.99 ($2.50 / Count)</p><a href="https://www.amazon.com/dp/B07V57VJT5?tag=eloabder-20&linkCode=osi&th=1&psc=1">View Product</a></div><div class="product"><a href="https://www.amazon.com/dp/B07JLTGQHX?tag=eloabder-20&linkCode=osi&th=1&psc=1"><img src="https://m.media-amazon.com/images/I/51Eqfo7kUZL._SL500_.jpg" alt="Product Image"></a><p>UPINS 120 Pack Double Sided Foam Tape Square Self-Adhesive Foam Tape Black Strong Tape Pads for DIY Art Crafts Supplies</p><p>$9.99 ($0.08 / Count)</p><a href="https://www.amazon.com/dp/B07JLTGQHX?tag=eloabder-20&linkCode=osi&th=1&psc=1">View Product</a></div><div class="product"><a href="https://www.amazon.com/dp/B005FM6XF4?tag=eloabder-20&linkCode=osi&th=1&psc=1"><img src="https://m.media-amazon.com/images/I/51-vp1WJ89L._SL500_.jpg" alt="Product Image"></a><p>AdTech 5603 Permanent Crafter's Tape, 0.31" x 315", Pack of 4</p><p>$7.84 ($0.07 / Foot)</p><a href="https://www.amazon.com/dp/B005FM6XF4?tag=eloabder-20&linkCode=osi&th=1&psc=1">View Product</a></div><div class="product"><a href="https://www.amazon.com/dp/B0CJF1FLFJ?tag=eloabder-20&linkCode=osi&th=1&psc=1"><img src="https://m.media-amazon.com/images/I/51dig1RqzdL._SL500_.jpg" alt="Product Image"></a><p>UPINS 150Pack Double Sided Foam Tape Strong Sticky Double Sided Foam Pads for Crafts Self-Adhesive Mounting Foam Tape Heavy Duty for Home Wall Decor 40 * 40 * 2mm</p><p>$8.99 ($0.06 / Count)</p><a href="https://www.amazon.com/dp/B0CJF1FLFJ?tag=eloabder-20&linkCode=osi&th=1&psc=1">View Product</a></div><div class="product"><a href="https://www.amazon.com/dp/B0D4YWRGCL?tag=eloabder-20&linkCode=osi&th=1&psc=1"><img src="https://m.media-amazon.com/images/I/41EqJ553-KL._SL500_.jpg" alt="Product Image"></a><p>Amanbo Glue Tape for Scrapbooking, 6 Pack Scrapbook Tape, Double Sided Tape Roller for Crafts, Total 120 Ft x 0.24 in Tape Runner, Craft Supplies for Scrapbooking, Gift Wrapping and Photo Tape</p><p>$6.99</p><a href="https://www.amazon.com/dp/B0D4YWRGCL?tag=eloabder-20&linkCode=osi&th=1&psc=1">View Product</a></div>
<div class="product"><a href="https://www.amazon.com/dp/B0CC5HPPTN?tag=eloabder-20&linkCode=osi&th=1&psc=1"><img src="https://m.media-amazon.com/images/I/519M81S201L._SL500_.jpg" alt="Product Image"></a><p>Airbrush Paint - 30 Colors with 3 Thinner, Ready to Spray Airbrush Paint Set, Water-Based Acrylic Air brush Paints for Metal, Plastic Models, Canvas, Wood, 20ml/Bottle</p><p>$32.99 ($1.48 / Fl Oz)</p><a href="https://www.amazon.com/dp/B0CC5HPPTN?tag=eloabder-20&linkCode=osi&th=1&psc=1">View Product</a></div>
<div class="product"><a href="https://www.amazon.com/dp/B0CXPSGK36?tag=eloabder-20&linkCode=osi&th=1&psc=1"><img src="https://m.media-amazon.com/images/I/51dd2dYOtrL._SL500_.jpg" alt="Product Image"></a><p>Letter Stickers 30 Sheets 1500 PCS Large Alphabet Sticker 2 Inch Vinyl Self Adhesive Stick on Stickers for Water Bottles Cup Mailbox Number Address Craft Scrapbooking Bulletin Board Decor Multicolor</p><p>$9.99</p><a href="https://www.amazon.com/dp/B0CXPSGK36?tag=eloabder-20&linkCode=osi&th=1&psc=1">View Product</a></div><div class="product"><a href="https://www.amazon.com/dp/B07NNYFMGY?tag=eloabder-20&linkCode=osi&th=1&psc=1"><img src="https://m.media-amazon.com/images/I/51yDnU+gEXL._SL500_.jpg" alt="Product Image"></a><p>20 Sheets Alphabet Letter Stickers 10 Colors Self Adhesive Sticker Colorful PU Material Convex Feeling (Colored Letter Stickers 1)</p><p>$6.99 ($0.35 / Count)</p><a href="https://www.amazon.com/dp/B07NNYFMGY?tag=eloabder-20&linkCode=osi&th=1&psc=1">View Product</a></div>

<div class="product"><a href="https://www.amazon.com/dp/B01DDN8854?tag=eloabder-20&linkCode=osi&th=1&psc=1"><img src="https://m.media-amazon.com/images/I/61dPubDZBSL._SL500_.jpg" alt="Product Image"></a><p>Hugs 'n Kisses HNKHABY13 Applique Paper (20 Pack)</p><p>$19.72 ($0.99 / Count)</p><a href="https://www.amazon.com/dp/B01DDN8854?tag=eloabder-20&linkCode=osi&th=1&psc=1">View Product</a></div>
<div class="product"><a href="https://www.amazon.com/dp/B09KPNFJW1?tag=eloabder-20&linkCode=osi&th=1&psc=1"><img src="https://m.media-amazon.com/images/I/41abn5fELmL._SL500_.jpg" alt="Product Image"></a><p>UniPleased Disposable Aprons (50 Count), Plastic apron for Painting Party, Cooking, Housework, Picnic etc.</p><p>$5.69</p><a href="https://www.amazon.com/dp/B09KPNFJW1?tag=eloabder-20&linkCode=osi&th=1&psc=1">View Product</a></div>
<div class="product"><a href="https://www.amazon.com/dp/B087M21MM2?tag=eloabder-20&linkCode=osi&th=1&psc=1"><img src="https://m.media-amazon.com/images/I/41Xf-jehhLL._SL500_.jpg" alt="Product Image"></a><p>GOTIDEAL Stretched Canvas, Multi Pack 4x4, 5x7, 8x10,9x12, 11x14 Set of 10, Primed White - 100% Cotton Artist Canvas Boards for Painting, Acrylic Pouring, Oil Paint Dry & Wet Art Media</p><p>$24.99</p><a href="https://www.amazon.com/dp/B087M21MM2?tag=eloabder-20&linkCode=osi&th=1&psc=1">View Product</a></div><div class="product"><a href="https://www.amazon.com/dp/B00OQJYISG?tag=eloabder-20&linkCode=osi&th=1&psc=1"><img src="https://m.media-amazon.com/images/I/31fEDLPkkcL._SL500_.jpg" alt="Product Image"></a><p>6 Count 12” x 16” Super Value Canvas by Artist's Loft Necessities - Acid Free Cotton Canvas for Paint, Acrylic, & Oils - 1 Pack</p><p>$19.99</p><a href="https://www.amazon.com/dp/B00OQJYISG?tag=eloabder-20&linkCode=osi&th=1&psc=1">View Product</a></div><div class="product"><a href="https://www.amazon.com/dp/B09CDKB9HY?tag=eloabder-20&linkCode=osi&th=1&psc=1"><img src="https://m.media-amazon.com/images/I/51+p5xnClGL._SL500_.jpg" alt="Product Image"></a><p>DPDIAN Canvas Boards for Painting 40 Pack, 8 inch x 10 inch Super Value Pack, Artist Canvas Panels for Oil & Acrylic Painting</p><p>$29.99</p><a href="https://www.amazon.com/dp/B09CDKB9HY?tag=eloabder-20&linkCode=osi&th=1&psc=1">View Product</a></div><div class="product"><a href="https://www.amazon.com/dp/B0CFBGP29G?tag=eloabder-20&linkCode=osi&th=1&psc=1"><img src="https://m.media-amazon.com/images/I/3147Az5plbL._SL500_.jpg" alt="Product Image"></a><p>ArtSkills Stretched Canvases for Painting, 12x16 Canvas Painting Supplies for Artists, Blank Canvas Pack, 2-Pack</p><p>$16.99</p><a href="https://www.amazon.com/dp/B0CFBGP29G?tag=eloabder-20&linkCode=osi&th=1&psc=1">View Product</a></div><div class="product"><a href="https://www.amazon.com/dp/B07BNGQ1SS?tag=eloabder-20&linkCode=osi&th=1&psc=1"><img src="https://m.media-amazon.com/images/I/410ZVtygUwS._SL500_.jpg" alt="Product Image"></a><p>PHOENIX Stretched Canvas for Painting 8x10 Inch/10 Value Pack, 8 Oz Triple Primed 5/8 Inch Profile 100% Cotton White Blank Canvas, Artist Framed Canvas for Oil Acrylic & Pouring Art</p><p>$22.99</p><a href="https://www.amazon.com/dp/B07BNGQ1SS?tag=eloabder-20&linkCode=osi&th=1&psc=1">View Product</a></div><div class="product"><a href="https://www.amazon.com/dp/B0922JP1H4?tag=eloabder-20&linkCode=osi&th=1&psc=1"><img src="https://m.media-amazon.com/images/I/41BmiEND1KL._SL500_.jpg" alt="Product Image"></a><p>GOTIDEAL Canvases for Painting, 18 Pack Canvas Boards Multipack 4x4, 5x7, 8x10, 9x12,11x14,Primed White Blank Artist Canvas Variety Pack for Acrylic Paint, Oil Paint, Watercolor, Gouache</p><p>$19.99</p><a href="https://www.amazon.com/dp/B0922JP1H4?tag=eloabder-20&linkCode=osi&th=1&psc=1">View Product</a></div>


<div class="product"><a href="https://www.amazon.com/dp/B0D3HPD7WP?tag=eloabder-20&linkCode=osi&th=1&psc=1"><img src="https://m.media-amazon.com/images/I/31KSmmAWUWL._SL500_.jpg" alt="Product Image"></a><p>50 Sheets Grey Cardstock Paper, Colored Printer Paper 8.5 x 11, Thick Construction Paper for Cards Making, Scrapbook，Office Printing, Invitations, Certificates，DIY Crafting 92 lb/250gsm</p><p>$9.99</p><a href="https://www.amazon.com/dp/B0D3HPD7WP?tag=eloabder-20&linkCode=osi&th=1&psc=1">View Product</a></div>
<div class="product"><a href="https://www.amazon.com/dp/B076CP6F36?tag=eloabder-20&linkCode=osi&th=1&psc=1"><img src="https://m.media-amazon.com/images/I/51rfEIvgI+L._SL500_.jpg" alt="Product Image"></a><p>Apple Barrel, Vibrant Spectrum Collection Acrylic Craft Paint, PROMOABIII, 2 fl oz each, 16 assorted matte colors, 16 count</p><p>$15.97 ($0.50 / Fl Oz)</p><a href="https://www.amazon.com/dp/B076CP6F36?tag=eloabder-20&linkCode=osi&th=1&psc=1">View Product</a></div><div class="product"><a href="https://www.amazon.com/dp/B0BKFLSYQF?tag=eloabder-20&linkCode=osi&th=1&psc=1"><img src="https://m.media-amazon.com/images/I/51a0PmPRknL._SL500_.jpg" alt="Product Image"></a><p>72 Pack Acrylic Paint Set, Shuttle Art 60 Colors Acrylic Paint Including Extra White Black & 12 Brushes, 2oz/60ml, Rich Pigmented, Water Proof, Ideal for Artists, Beginners on Canvas Rock Wood Ceramic</p><p>$45.99 ($23.00 / Fl Oz)</p><a href="https://www.amazon.com/dp/B0BKFLSYQF?tag=eloabder-20&linkCode=osi&th=1&psc=1">View Product</a></div><div class="product"><a href="https://www.amazon.com/dp/B08CB3JH79?tag=eloabder-20&linkCode=osi&th=1&psc=1"><img src="https://m.media-amazon.com/images/I/51OUZsFdnTL._SL500_.jpg" alt="Product Image"></a><p>Acrylic Paint Set of 36 Colors 2fl oz 60ml Bottles,Non Toxic 36 Colors Acrylic Paint No Fading Rich Pigment for Kids Adults Artists Canvas Crafts Wood Painting</p><p>$32.99 ($0.46 / Fl Oz)</p><a href="https://www.amazon.com/dp/B08CB3JH79?tag=eloabder-20&linkCode=osi&th=1&psc=1">View Product</a></div><div class="product"><a href="https://www.amazon.com/dp/B0018NBVKQ?tag=eloabder-20&linkCode=osi&th=1&psc=1"><img src="https://m.media-amazon.com/images/I/31YlSvZMTCL._SL500_.jpg" alt="Product Image"></a><p>Apple Barrel Acrylic Paint in Assorted Colors (8 Ounce), 20403 White</p><p>$2.67 ($0.33 / Fl Oz)</p><a href="https://www.amazon.com/dp/B0018NBVKQ?tag=eloabder-20&linkCode=osi&th=1&psc=1">View Product</a></div><div class="product"><a href="https://www.amazon.com/dp/B077WSBLZ1?tag=eloabder-20&linkCode=osi&th=1&psc=1"><img src="https://m.media-amazon.com/images/I/51KPkXpLn1L._SL500_.jpg" alt="Product Image"></a><p>Shuttle Art Acrylic Paint Set, 30 x12ml Tubes Artist Quality Non Toxic Rich Pigments Colors Great for Kids Adults Professional Painting on Rocks Canvas Wood Clay Fabric Ceramic Crafts</p><p>$12.99 ($1.08 / Fl Oz)</p><a href="https://www.amazon.com/dp/B077WSBLZ1?tag=eloabder-20&linkCode=osi&th=1&psc=1">View Product</a></div><div class="product"><a href="https://www.amazon.com/dp/B00889Z5Y6?tag=eloabder-20&linkCode=osi&th=1&psc=1"><img src="https://m.media-amazon.com/images/I/41MQjsyDbSL._SL500_.jpg" alt="Product Image"></a><p>Apple Barrel Acrylic Paint in Assorted Colors (2 oz), 20764, Apricot</p><p>$0.58 ($0.29 / Fl Oz)</p><a href="https://www.amazon.com/dp/B00889Z5Y6?tag=eloabder-20&linkCode=osi&th=1&psc=1">View Product</a></div><div class="product"><a href="https://www.amazon.com/dp/B09TWQD5ZL?tag=eloabder-20&linkCode=osi&th=1&psc=1"><img src="https://m.media-amazon.com/images/I/41B0L003QXL._SL500_.jpg" alt="Product Image"></a><p>Artkey Acrylic Paint Set - 24 colors 2 oz/59 ml Acrylic Paints Professional Artists Painting Kit for Canvases Fabric Rock Leather Easter Egg Wood Ceramic Glass Art Craft Painting</p><p>$19.99 ($0.42 / Fl Oz)</p><a href="https://www.amazon.com/dp/B09TWQD5ZL?tag=eloabder-20&linkCode=osi&th=1&psc=1">View Product</a></div><div class="product"><a href="https://www.amazon.com/dp/B07Z93LQDB?tag=eloabder-20&linkCode=osi&th=1&psc=1"><img src="https://m.media-amazon.com/images/I/51veoN6zK0L._SL500_.jpg" alt="Product Image"></a><p>Shuttle Art Acrylic Paint Set, 36 Colors Acrylic Paint with Brushes & Palette, 2oz Bottles, Rich Pigments Non-toxic Paint for Artists Kids & Adults, Art Supplies for Canvas Rock Ceramic Wood Painting</p><p>$27.99</p><a href="https://www.amazon.com/dp/B07Z93LQDB?tag=eloabder-20&linkCode=osi&th=1&psc=1">View Product</a></div><div class="product"><a href="https://www.amazon.com/dp/B002665SYY?tag=eloabder-20&linkCode=osi&th=1&psc=1"><img src="https://m.media-amazon.com/images/I/31sJJeWK6OS._SL500_.jpg" alt="Product Image"></a><p>Liquitex BASICS Acrylic Paint, 250ml (8.5-oz) Tube, Titanium White</p><p>$9.99 ($1.18 / Fl Oz)</p><a href="https://www.amazon.com/dp/B002665SYY?tag=eloabder-20&linkCode=osi&th=1&psc=1">View Product</a></div>
<div class="product"><a href="https://www.amazon.com/dp/B0CC98XLGL?tag=eloabder-20&linkCode=osi&th=1&psc=1"><img src="https://m.media-amazon.com/images/I/51ZLw+nThiL._SL500_.jpg" alt="Product Image"></a><p>HUIRUSO 4 Pack Double Sided Tape Roller, Scrapbook Supplies, Glue Tape Roller for Crafts, Double-Sided Adhesive Tape Runner for Scrapbooking, School Office Journaling Supplies (0.31 in X 26.25 ft)</p><p>$6.99 ($1.75 / Count)</p><a href="https://www.amazon.com/dp/B0CC98XLGL?tag=eloabder-20&linkCode=osi&th=1&psc=1">View Product</a></div><div class="product"><a href="https://www.amazon.com/dp/B007XAAE6K?tag=eloabder-20&linkCode=osi&th=1&psc=1"><img src="https://m.media-amazon.com/images/I/414qxYVR0wL._SL500_.jpg" alt="Product Image"></a><p>Scotch Double Sided Tape Runner, 1-Pack, 0.27 in x 26 ft., Perfect for Holiday Crafts, Gifts, and More</p><p>$4.47</p><a href="https://www.amazon.com/dp/B007XAAE6K?tag=eloabder-20&linkCode=osi&th=1&psc=1">View Product</a></div><div class="product"><a href="https://www.amazon.com/dp/B0BZVGPFSK?tag=eloabder-20&linkCode=osi&th=1&psc=1"><img src="https://m.media-amazon.com/images/I/51-ue9+7JkL._SL500_.jpg" alt="Product Image"></a><p>Birllaid Double Sided Tape for Walls, Picture Hanging Strips Removable Mounting Dots Adhesive Heavy Duty, Removable for Art Craft, Decoration, Party Supplies, Multipurpose</p><p>$11.99</p><a href="https://www.amazon.com/dp/B0BZVGPFSK?tag=eloabder-20&linkCode=osi&th=1&psc=1">View Product</a></div><div class="product"><a href="https://www.amazon.com/dp/B0CGVN9SL1?tag=eloabder-20&linkCode=osi&th=1&psc=1"><img src="https://m.media-amazon.com/images/I/41Hy+i4CnoL._SL500_.jpg" alt="Product Image"></a><p>30Ft x 1 Inch Hook and Loop Strips with Adhesive,Double Rolls of Heavy Duty Self Adhesive Tape with Backing, Nylon Self Adhesive Tape for Home Office School and Crafting,White</p><p>$9.99</p><a href="https://www.amazon.com/dp/B0CGVN9SL1?tag=eloabder-20&linkCode=osi&th=1&psc=1">View Product</a></div><div class="product"><a href="https://www.amazon.com/dp/B07Y3VDPLF?tag=eloabder-20&linkCode=osi&th=1&psc=1"><img src="https://m.media-amazon.com/images/I/41cyKQ2OMuL._SL500_.jpg" alt="Product Image"></a><p>Melsan 1x4 inch Hook and Loop Strips with Adhesive - 15 Sets, Strong Back Adhesive Fasten Mounting Tape for Home or Office Use - Instead of Holes and Screws, Black</p><p>$7.82</p><a href="https://www.amazon.com/dp/B07Y3VDPLF?tag=eloabder-20&linkCode=osi&th=1&psc=1">View Product</a></div><div class="product"><a href="https://www.amazon.com/dp/B07V57VJT5?tag=eloabder-20&linkCode=osi&th=1&psc=1"><img src="https://m.media-amazon.com/images/I/514JO3bvl3L._SL500_.jpg" alt="Product Image"></a><p>XFasten Adhesive Roller for Scrapbooking, 8mm x 30ft 4-Pack Double Sided Glue Tape Roller, Scrapbook Supplies for Adults, Photo Tape for Scrapbooking</p><p>$9.99 ($2.50 / Count)</p><a href="https://www.amazon.com/dp/B07V57VJT5?tag=eloabder-20&linkCode=osi&th=1&psc=1">View Product</a></div><div class="product"><a href="https://www.amazon.com/dp/B07JLTGQHX?tag=eloabder-20&linkCode=osi&th=1&psc=1"><img src="https://m.media-amazon.com/images/I/51Eqfo7kUZL._SL500_.jpg" alt="Product Image"></a><p>UPINS 120 Pack Double Sided Foam Tape Square Self-Adhesive Foam Tape Black Strong Tape Pads for DIY Art Crafts Supplies</p><p>$9.99 ($0.08 / Count)</p><a href="https://www.amazon.com/dp/B07JLTGQHX?tag=eloabder-20&linkCode=osi&th=1&psc=1">View Product</a></div><div class="product"><a href="https://www.amazon.com/dp/B005FM6XF4?tag=eloabder-20&linkCode=osi&th=1&psc=1"><img src="https://m.media-amazon.com/images/I/51-vp1WJ89L._SL500_.jpg" alt="Product Image"></a><p>AdTech 5603 Permanent Crafter's Tape, 0.31" x 315", Pack of 4</p><p>$7.84 ($0.07 / Foot)</p><a href="https://www.amazon.com/dp/B005FM6XF4?tag=eloabder-20&linkCode=osi&th=1&psc=1">View Product</a></div><div class="product"><a href="https://www.amazon.com/dp/B0CJF1FLFJ?tag=eloabder-20&linkCode=osi&th=1&psc=1"><img src="https://m.media-amazon.com/images/I/51dig1RqzdL._SL500_.jpg" alt="Product Image"></a><p>UPINS 150Pack Double Sided Foam Tape Strong Sticky Double Sided Foam Pads for Crafts Self-Adhesive Mounting Foam Tape Heavy Duty for Home Wall Decor 40 * 40 * 2mm</p><p>$8.99 ($0.06 / Count)</p><a href="https://www.amazon.com/dp/B0CJF1FLFJ?tag=eloabder-20&linkCode=osi&th=1&psc=1">View Product</a></div><div class="product"><a href="https://www.amazon.com/dp/B0D4YWRGCL?tag=eloabder-20&linkCode=osi&th=1&psc=1"><img src="https://m.media-amazon.com/images/I/41EqJ553-KL._SL500_.jpg" alt="Product Image"></a><p>Amanbo Glue Tape for Scrapbooking, 6 Pack Scrapbook Tape, Double Sided Tape Roller for Crafts, Total 120 Ft x 0.24 in Tape Runner, Craft Supplies for Scrapbooking, Gift Wrapping and Photo Tape</p><p>$6.99</p><a href="https://www.amazon.com/dp/B0D4YWRGCL?tag=eloabder-20&linkCode=osi&th=1&psc=1">View Product</a></div>
<div class="product"><a href="https://www.amazon.com/dp/B0CC5HPPTN?tag=eloabder-20&linkCode=osi&th=1&psc=1"><img src="https://m.media-amazon.com/images/I/519M81S201L._SL500_.jpg" alt="Product Image"></a><p>Airbrush Paint - 30 Colors with 3 Thinner, Ready to Spray Airbrush Paint Set, Water-Based Acrylic Air brush Paints for Metal, Plastic Models, Canvas, Wood, 20ml/Bottle</p><p>$32.99 ($1.48 / Fl Oz)</p><a href="https://www.amazon.com/dp/B0CC5HPPTN?tag=eloabder-20&linkCode=osi&th=1&psc=1">View Product</a></div>
<div class="product"><a href="https://www.amazon.com/dp/B0CXPSGK36?tag=eloabder-20&linkCode=osi&th=1&psc=1"><img src="https://m.media-amazon.com/images/I/51dd2dYOtrL._SL500_.jpg" alt="Product Image"></a><p>Letter Stickers 30 Sheets 1500 PCS Large Alphabet Sticker 2 Inch Vinyl Self Adhesive Stick on Stickers for Water Bottles Cup Mailbox Number Address Craft Scrapbooking Bulletin Board Decor Multicolor</p><p>$9.99</p><a href="https://www.amazon.com/dp/B0CXPSGK36?tag=eloabder-20&linkCode=osi&th=1&psc=1">View Product</a></div><div class="product"><a href="https://www.amazon.com/dp/B07NNYFMGY?tag=eloabder-20&linkCode=osi&th=1&psc=1"><img src="https://m.media-amazon.com/images/I/51yDnU+gEXL._SL500_.jpg" alt="Product Image"></a><p>20 Sheets Alphabet Letter Stickers 10 Colors Self Adhesive Sticker Colorful PU Material Convex Feeling (Colored Letter Stickers 1)</p><p>$6.99 ($0.35 / Count)</p><a href="https://www.amazon.com/dp/B07NNYFMGY?tag=eloabder-20&linkCode=osi&th=1&psc=1">View Product</a></div>

<div class="product"><a href="https://www.amazon.com/dp/B01DDN8854?tag=eloabder-20&linkCode=osi&th=1&psc=1"><img src="https://m.media-amazon.com/images/I/61dPubDZBSL._SL500_.jpg" alt="Product Image"></a><p>Hugs 'n Kisses HNKHABY13 Applique Paper (20 Pack)</p><p>$19.72 ($0.99 / Count)</p><a href="https://www.amazon.com/dp/B01DDN8854?tag=eloabder-20&linkCode=osi&th=1&psc=1">View Product</a></div>
<div class="product"><a href="https://www.amazon.com/dp/B09KPNFJW1?tag=eloabder-20&linkCode=osi&th=1&psc=1"><img src="https://m.media-amazon.com/images/I/41abn5fELmL._SL500_.jpg" alt="Product Image"></a><p>UniPleased Disposable Aprons (50 Count), Plastic apron for Painting Party, Cooking, Housework, Picnic etc.</p><p>$5.69</p><a href="https://www.amazon.com/dp/B09KPNFJW1?tag=eloabder-20&linkCode=osi&th=1&psc=1">View Product</a></div>
<div class="product"><a href="https://www.amazon.com/dp/B087M21MM2?tag=eloabder-20&linkCode=osi&th=1&psc=1"><img src="https://m.media-amazon.com/images/I/41Xf-jehhLL._SL500_.jpg" alt="Product Image"></a><p>GOTIDEAL Stretched Canvas, Multi Pack 4x4, 5x7, 8x10,9x12, 11x14 Set of 10, Primed White - 100% Cotton Artist Canvas Boards for Painting, Acrylic Pouring, Oil Paint Dry & Wet Art Media</p><p>$24.99</p><a href="https://www.amazon.com/dp/B087M21MM2?tag=eloabder-20&linkCode=osi&th=1&psc=1">View Product</a></div><div class="product"><a href="https://www.amazon.com/dp/B00OQJYISG?tag=eloabder-20&linkCode=osi&th=1&psc=1"><img src="https://m.media-amazon.com/images/I/31fEDLPkkcL._SL500_.jpg" alt="Product Image"></a><p>6 Count 12” x 16” Super Value Canvas by Artist's Loft Necessities - Acid Free Cotton Canvas for Paint, Acrylic, & Oils - 1 Pack</p><p>$19.99</p><a href="https://www.amazon.com/dp/B00OQJYISG?tag=eloabder-20&linkCode=osi&th=1&psc=1">View Product</a></div><div class="product"><a href="https://www.amazon.com/dp/B09CDKB9HY?tag=eloabder-20&linkCode=osi&th=1&psc=1"><img src="https://m.media-amazon.com/images/I/51+p5xnClGL._SL500_.jpg" alt="Product Image"></a><p>DPDIAN Canvas Boards for Painting 40 Pack, 8 inch x 10 inch Super Value Pack, Artist Canvas Panels for Oil & Acrylic Painting</p><p>$29.99</p><a href="https://www.amazon.com/dp/B09CDKB9HY?tag=eloabder-20&linkCode=osi&th=1&psc=1">View Product</a></div><div class="product"><a href="https://www.amazon.com/dp/B0CFBGP29G?tag=eloabder-20&linkCode=osi&th=1&psc=1"><img src="https://m.media-amazon.com/images/I/3147Az5plbL._SL500_.jpg" alt="Product Image"></a><p>ArtSkills Stretched Canvases for Painting, 12x16 Canvas Painting Supplies for Artists, Blank Canvas Pack, 2-Pack</p><p>$16.99</p><a href="https://www.amazon.com/dp/B0CFBGP29G?tag=eloabder-20&linkCode=osi&th=1&psc=1">View Product</a></div><div class="product"><a href="https://www.amazon.com/dp/B07BNGQ1SS?tag=eloabder-20&linkCode=osi&th=1&psc=1"><img src="https://m.media-amazon.com/images/I/410ZVtygUwS._SL500_.jpg" alt="Product Image"></a><p>PHOENIX Stretched Canvas for Painting 8x10 Inch/10 Value Pack, 8 Oz Triple Primed 5/8 Inch Profile 100% Cotton White Blank Canvas, Artist Framed Canvas for Oil Acrylic & Pouring Art</p><p>$22.99</p><a href="https://www.amazon.com/dp/B07BNGQ1SS?tag=eloabder-20&linkCode=osi&th=1&psc=1">View Product</a></div><div class="product"><a href="https://www.amazon.com/dp/B0922JP1H4?tag=eloabder-20&linkCode=osi&th=1&psc=1"><img src="https://m.media-amazon.com/images/I/41BmiEND1KL._SL500_.jpg" alt="Product Image"></a><p>GOTIDEAL Canvases for Painting, 18 Pack Canvas Boards Multipack 4x4, 5x7, 8x10, 9x12,11x14,Primed White Blank Artist Canvas Variety Pack for Acrylic Paint, Oil Paint, Watercolor, Gouache</p><p>$19.99</p><a href="https://www.amazon.com/dp/B0922JP1H4?tag=eloabder-20&linkCode=osi&th=1&psc=1">View Product</a></div>



<div class="product"><a href="https://www.amazon.com/dp/B0D3HPD7WP?tag=eloabder-20&linkCode=osi&th=1&psc=1"><img src="https://m.media-amazon.com/images/I/31KSmmAWUWL._SL500_.jpg" alt="Product Image"></a><p>50 Sheets Grey Cardstock Paper, Colored Printer Paper 8.5 x 11, Thick Construction Paper for Cards Making, Scrapbook，Office Printing, Invitations, Certificates，DIY Crafting 92 lb/250gsm</p><p>$9.99</p><a href="https://www.amazon.com/dp/B0D3HPD7WP?tag=eloabder-20&linkCode=osi&th=1&psc=1">View Product</a></div>
<div class="product"><a href="https://www.amazon.com/dp/B076CP6F36?tag=eloabder-20&linkCode=osi&th=1&psc=1"><img src="https://m.media-amazon.com/images/I/51rfEIvgI+L._SL500_.jpg" alt="Product Image"></a><p>Apple Barrel, Vibrant Spectrum Collection Acrylic Craft Paint, PROMOABIII, 2 fl oz each, 16 assorted matte colors, 16 count</p><p>$15.97 ($0.50 / Fl Oz)</p><a href="https://www.amazon.com/dp/B076CP6F36?tag=eloabder-20&linkCode=osi&th=1&psc=1">View Product</a></div><div class="product"><a href="https://www.amazon.com/dp/B0BKFLSYQF?tag=eloabder-20&linkCode=osi&th=1&psc=1"><img src="https://m.media-amazon.com/images/I/51a0PmPRknL._SL500_.jpg" alt="Product Image"></a><p>72 Pack Acrylic Paint Set, Shuttle Art 60 Colors Acrylic Paint Including Extra White Black & 12 Brushes, 2oz/60ml, Rich Pigmented, Water Proof, Ideal for Artists, Beginners on Canvas Rock Wood Ceramic</p><p>$45.99 ($23.00 / Fl Oz)</p><a href="https://www.amazon.com/dp/B0BKFLSYQF?tag=eloabder-20&linkCode=osi&th=1&psc=1">View Product</a></div><div class="product"><a href="https://www.amazon.com/dp/B08CB3JH79?tag=eloabder-20&linkCode=osi&th=1&psc=1"><img src="https://m.media-amazon.com/images/I/51OUZsFdnTL._SL500_.jpg" alt="Product Image"></a><p>Acrylic Paint Set of 36 Colors 2fl oz 60ml Bottles,Non Toxic 36 Colors Acrylic Paint No Fading Rich Pigment for Kids Adults Artists Canvas Crafts Wood Painting</p><p>$32.99 ($0.46 / Fl Oz)</p><a href="https://www.amazon.com/dp/B08CB3JH79?tag=eloabder-20&linkCode=osi&th=1&psc=1">View Product</a></div><div class="product"><a href="https://www.amazon.com/dp/B0018NBVKQ?tag=eloabder-20&linkCode=osi&th=1&psc=1"><img src="https://m.media-amazon.com/images/I/31YlSvZMTCL._SL500_.jpg" alt="Product Image"></a><p>Apple Barrel Acrylic Paint in Assorted Colors (8 Ounce), 20403 White</p><p>$2.67 ($0.33 / Fl Oz)</p><a href="https://www.amazon.com/dp/B0018NBVKQ?tag=eloabder-20&linkCode=osi&th=1&psc=1">View Product</a></div><div class="product"><a href="https://www.amazon.com/dp/B077WSBLZ1?tag=eloabder-20&linkCode=osi&th=1&psc=1"><img src="https://m.media-amazon.com/images/I/51KPkXpLn1L._SL500_.jpg" alt="Product Image"></a><p>Shuttle Art Acrylic Paint Set, 30 x12ml Tubes Artist Quality Non Toxic Rich Pigments Colors Great for Kids Adults Professional Painting on Rocks Canvas Wood Clay Fabric Ceramic Crafts</p><p>$12.99 ($1.08 / Fl Oz)</p><a href="https://www.amazon.com/dp/B077WSBLZ1?tag=eloabder-20&linkCode=osi&th=1&psc=1">View Product</a></div><div class="product"><a href="https://www.amazon.com/dp/B00889Z5Y6?tag=eloabder-20&linkCode=osi&th=1&psc=1"><img src="https://m.media-amazon.com/images/I/41MQjsyDbSL._SL500_.jpg" alt="Product Image"></a><p>Apple Barrel Acrylic Paint in Assorted Colors (2 oz), 20764, Apricot</p><p>$0.58 ($0.29 / Fl Oz)</p><a href="https://www.amazon.com/dp/B00889Z5Y6?tag=eloabder-20&linkCode=osi&th=1&psc=1">View Product</a></div><div class="product"><a href="https://www.amazon.com/dp/B09TWQD5ZL?tag=eloabder-20&linkCode=osi&th=1&psc=1"><img src="https://m.media-amazon.com/images/I/41B0L003QXL._SL500_.jpg" alt="Product Image"></a><p>Artkey Acrylic Paint Set - 24 colors 2 oz/59 ml Acrylic Paints Professional Artists Painting Kit for Canvases Fabric Rock Leather Easter Egg Wood Ceramic Glass Art Craft Painting</p><p>$19.99 ($0.42 / Fl Oz)</p><a href="https://www.amazon.com/dp/B09TWQD5ZL?tag=eloabder-20&linkCode=osi&th=1&psc=1">View Product</a></div><div class="product"><a href="https://www.amazon.com/dp/B07Z93LQDB?tag=eloabder-20&linkCode=osi&th=1&psc=1"><img src="https://m.media-amazon.com/images/I/51veoN6zK0L._SL500_.jpg" alt="Product Image"></a><p>Shuttle Art Acrylic Paint Set, 36 Colors Acrylic Paint with Brushes & Palette, 2oz Bottles, Rich Pigments Non-toxic Paint for Artists Kids & Adults, Art Supplies for Canvas Rock Ceramic Wood Painting</p><p>$27.99</p><a href="https://www.amazon.com/dp/B07Z93LQDB?tag=eloabder-20&linkCode=osi&th=1&psc=1">View Product</a></div><div class="product"><a href="https://www.amazon.com/dp/B002665SYY?tag=eloabder-20&linkCode=osi&th=1&psc=1"><img src="https://m.media-amazon.com/images/I/31sJJeWK6OS._SL500_.jpg" alt="Product Image"></a><p>Liquitex BASICS Acrylic Paint, 250ml (8.5-oz) Tube, Titanium White</p><p>$9.99 ($1.18 / Fl Oz)</p><a href="https://www.amazon.com/dp/B002665SYY?tag=eloabder-20&linkCode=osi&th=1&psc=1">View Product</a></div>
<div class="product"><a href="https://www.amazon.com/dp/B0CC98XLGL?tag=eloabder-20&linkCode=osi&th=1&psc=1"><img src="https://m.media-amazon.com/images/I/51ZLw+nThiL._SL500_.jpg" alt="Product Image"></a><p>HUIRUSO 4 Pack Double Sided Tape Roller, Scrapbook Supplies, Glue Tape Roller for Crafts, Double-Sided Adhesive Tape Runner for Scrapbooking, School Office Journaling Supplies (0.31 in X 26.25 ft)</p><p>$6.99 ($1.75 / Count)</p><a href="https://www.amazon.com/dp/B0CC98XLGL?tag=eloabder-20&linkCode=osi&th=1&psc=1">View Product</a></div><div class="product"><a href="https://www.amazon.com/dp/B007XAAE6K?tag=eloabder-20&linkCode=osi&th=1&psc=1"><img src="https://m.media-amazon.com/images/I/414qxYVR0wL._SL500_.jpg" alt="Product Image"></a><p>Scotch Double Sided Tape Runner, 1-Pack, 0.27 in x 26 ft., Perfect for Holiday Crafts, Gifts, and More</p><p>$4.47</p><a href="https://www.amazon.com/dp/B007XAAE6K?tag=eloabder-20&linkCode=osi&th=1&psc=1">View Product</a></div><div class="product"><a href="https://www.amazon.com/dp/B0BZVGPFSK?tag=eloabder-20&linkCode=osi&th=1&psc=1"><img src="https://m.media-amazon.com/images/I/51-ue9+7JkL._SL500_.jpg" alt="Product Image"></a><p>Birllaid Double Sided Tape for Walls, Picture Hanging Strips Removable Mounting Dots Adhesive Heavy Duty, Removable for Art Craft, Decoration, Party Supplies, Multipurpose</p><p>$11.99</p><a href="https://www.amazon.com/dp/B0BZVGPFSK?tag=eloabder-20&linkCode=osi&th=1&psc=1">View Product</a></div><div class="product"><a href="https://www.amazon.com/dp/B0CGVN9SL1?tag=eloabder-20&linkCode=osi&th=1&psc=1"><img src="https://m.media-amazon.com/images/I/41Hy+i4CnoL._SL500_.jpg" alt="Product Image"></a><p>30Ft x 1 Inch Hook and Loop Strips with Adhesive,Double Rolls of Heavy Duty Self Adhesive Tape with Backing, Nylon Self Adhesive Tape for Home Office School and Crafting,White</p><p>$9.99</p><a href="https://www.amazon.com/dp/B0CGVN9SL1?tag=eloabder-20&linkCode=osi&th=1&psc=1">View Product</a></div><div class="product"><a href="https://www.amazon.com/dp/B07Y3VDPLF?tag=eloabder-20&linkCode=osi&th=1&psc=1"><img src="https://m.media-amazon.com/images/I/41cyKQ2OMuL._SL500_.jpg" alt="Product Image"></a><p>Melsan 1x4 inch Hook and Loop Strips with Adhesive - 15 Sets, Strong Back Adhesive Fasten Mounting Tape for Home or Office Use - Instead of Holes and Screws, Black</p><p>$7.82</p><a href="https://www.amazon.com/dp/B07Y3VDPLF?tag=eloabder-20&linkCode=osi&th=1&psc=1">View Product</a></div><div class="product"><a href="https://www.amazon.com/dp/B07V57VJT5?tag=eloabder-20&linkCode=osi&th=1&psc=1"><img src="https://m.media-amazon.com/images/I/514JO3bvl3L._SL500_.jpg" alt="Product Image"></a><p>XFasten Adhesive Roller for Scrapbooking, 8mm x 30ft 4-Pack Double Sided Glue Tape Roller, Scrapbook Supplies for Adults, Photo Tape for Scrapbooking</p><p>$9.99 ($2.50 / Count)</p><a href="https://www.amazon.com/dp/B07V57VJT5?tag=eloabder-20&linkCode=osi&th=1&psc=1">View Product</a></div><div class="product"><a href="https://www.amazon.com/dp/B07JLTGQHX?tag=eloabder-20&linkCode=osi&th=1&psc=1"><img src="https://m.media-amazon.com/images/I/51Eqfo7kUZL._SL500_.jpg" alt="Product Image"></a><p>UPINS 120 Pack Double Sided Foam Tape Square Self-Adhesive Foam Tape Black Strong Tape Pads for DIY Art Crafts Supplies</p><p>$9.99 ($0.08 / Count)</p><a href="https://www.amazon.com/dp/B07JLTGQHX?tag=eloabder-20&linkCode=osi&th=1&psc=1">View Product</a></div><div class="product"><a href="https://www.amazon.com/dp/B005FM6XF4?tag=eloabder-20&linkCode=osi&th=1&psc=1"><img src="https://m.media-amazon.com/images/I/51-vp1WJ89L._SL500_.jpg" alt="Product Image"></a><p>AdTech 5603 Permanent Crafter's Tape, 0.31" x 315", Pack of 4</p><p>$7.84 ($0.07 / Foot)</p><a href="https://www.amazon.com/dp/B005FM6XF4?tag=eloabder-20&linkCode=osi&th=1&psc=1">View Product</a></div><div class="product"><a href="https://www.amazon.com/dp/B0CJF1FLFJ?tag=eloabder-20&linkCode=osi&th=1&psc=1"><img src="https://m.media-amazon.com/images/I/51dig1RqzdL._SL500_.jpg" alt="Product Image"></a><p>UPINS 150Pack Double Sided Foam Tape Strong Sticky Double Sided Foam Pads for Crafts Self-Adhesive Mounting Foam Tape Heavy Duty for Home Wall Decor 40 * 40 * 2mm</p><p>$8.99 ($0.06 / Count)</p><a href="https://www.amazon.com/dp/B0CJF1FLFJ?tag=eloabder-20&linkCode=osi&th=1&psc=1">View Product</a></div><div class="product"><a href="https://www.amazon.com/dp/B0D4YWRGCL?tag=eloabder-20&linkCode=osi&th=1&psc=1"><img src="https://m.media-amazon.com/images/I/41EqJ553-KL._SL500_.jpg" alt="Product Image"></a><p>Amanbo Glue Tape for Scrapbooking, 6 Pack Scrapbook Tape, Double Sided Tape Roller for Crafts, Total 120 Ft x 0.24 in Tape Runner, Craft Supplies for Scrapbooking, Gift Wrapping and Photo Tape</p><p>$6.99</p><a href="https://www.amazon.com/dp/B0D4YWRGCL?tag=eloabder-20&linkCode=osi&th=1&psc=1">View Product</a></div>
<div class="product"><a href="https://www.amazon.com/dp/B0CC5HPPTN?tag=eloabder-20&linkCode=osi&th=1&psc=1"><img src="https://m.media-amazon.com/images/I/519M81S201L._SL500_.jpg" alt="Product Image"></a><p>Airbrush Paint - 30 Colors with 3 Thinner, Ready to Spray Airbrush Paint Set, Water-Based Acrylic Air brush Paints for Metal, Plastic Models, Canvas, Wood, 20ml/Bottle</p><p>$32.99 ($1.48 / Fl Oz)</p><a href="https://www.amazon.com/dp/B0CC5HPPTN?tag=eloabder-20&linkCode=osi&th=1&psc=1">View Product</a></div>
<div class="product"><a href="https://www.amazon.com/dp/B0CXPSGK36?tag=eloabder-20&linkCode=osi&th=1&psc=1"><img src="https://m.media-amazon.com/images/I/51dd2dYOtrL._SL500_.jpg" alt="Product Image"></a><p>Letter Stickers 30 Sheets 1500 PCS Large Alphabet Sticker 2 Inch Vinyl Self Adhesive Stick on Stickers for Water Bottles Cup Mailbox Number Address Craft Scrapbooking Bulletin Board Decor Multicolor</p><p>$9.99</p><a href="https://www.amazon.com/dp/B0CXPSGK36?tag=eloabder-20&linkCode=osi&th=1&psc=1">View Product</a></div><div class="product"><a href="https://www.amazon.com/dp/B07NNYFMGY?tag=eloabder-20&linkCode=osi&th=1&psc=1"><img src="https://m.media-amazon.com/images/I/51yDnU+gEXL._SL500_.jpg" alt="Product Image"></a><p>20 Sheets Alphabet Letter Stickers 10 Colors Self Adhesive Sticker Colorful PU Material Convex Feeling (Colored Letter Stickers 1)</p><p>$6.99 ($0.35 / Count)</p><a href="https://www.amazon.com/dp/B07NNYFMGY?tag=eloabder-20&linkCode=osi&th=1&psc=1">View Product</a></div>

<div class="product"><a href="https://www.amazon.com/dp/B01DDN8854?tag=eloabder-20&linkCode=osi&th=1&psc=1"><img src="https://m.media-amazon.com/images/I/61dPubDZBSL._SL500_.jpg" alt="Product Image"></a><p>Hugs 'n Kisses HNKHABY13 Applique Paper (20 Pack)</p><p>$19.72 ($0.99 / Count)</p><a href="https://www.amazon.com/dp/B01DDN8854?tag=eloabder-20&linkCode=osi&th=1&psc=1">View Product</a></div>
<div class="product"><a href="https://www.amazon.com/dp/B09KPNFJW1?tag=eloabder-20&linkCode=osi&th=1&psc=1"><img src="https://m.media-amazon.com/images/I/41abn5fELmL._SL500_.jpg" alt="Product Image"></a><p>UniPleased Disposable Aprons (50 Count), Plastic apron for Painting Party, Cooking, Housework, Picnic etc.</p><p>$5.69</p><a href="https://www.amazon.com/dp/B09KPNFJW1?tag=eloabder-20&linkCode=osi&th=1&psc=1">View Product</a></div>
<div class="product"><a href="https://www.amazon.com/dp/B087M21MM2?tag=eloabder-20&linkCode=osi&th=1&psc=1"><img src="https://m.media-amazon.com/images/I/41Xf-jehhLL._SL500_.jpg" alt="Product Image"></a><p>GOTIDEAL Stretched Canvas, Multi Pack 4x4, 5x7, 8x10,9x12, 11x14 Set of 10, Primed White - 100% Cotton Artist Canvas Boards for Painting, Acrylic Pouring, Oil Paint Dry & Wet Art Media</p><p>$24.99</p><a href="https://www.amazon.com/dp/B087M21MM2?tag=eloabder-20&linkCode=osi&th=1&psc=1">View Product</a></div><div class="product"><a href="https://www.amazon.com/dp/B00OQJYISG?tag=eloabder-20&linkCode=osi&th=1&psc=1"><img src="https://m.media-amazon.com/images/I/31fEDLPkkcL._SL500_.jpg" alt="Product Image"></a><p>6 Count 12” x 16” Super Value Canvas by Artist's Loft Necessities - Acid Free Cotton Canvas for Paint, Acrylic, & Oils - 1 Pack</p><p>$19.99</p><a href="https://www.amazon.com/dp/B00OQJYISG?tag=eloabder-20&linkCode=osi&th=1&psc=1">View Product</a></div><div class="product"><a href="https://www.amazon.com/dp/B09CDKB9HY?tag=eloabder-20&linkCode=osi&th=1&psc=1"><img src="https://m.media-amazon.com/images/I/51+p5xnClGL._SL500_.jpg" alt="Product Image"></a><p>DPDIAN Canvas Boards for Painting 40 Pack, 8 inch x 10 inch Super Value Pack, Artist Canvas Panels for Oil & Acrylic Painting</p><p>$29.99</p><a href="https://www.amazon.com/dp/B09CDKB9HY?tag=eloabder-20&linkCode=osi&th=1&psc=1">View Product</a></div><div class="product"><a href="https://www.amazon.com/dp/B0CFBGP29G?tag=eloabder-20&linkCode=osi&th=1&psc=1"><img src="https://m.media-amazon.com/images/I/3147Az5plbL._SL500_.jpg" alt="Product Image"></a><p>ArtSkills Stretched Canvases for Painting, 12x16 Canvas Painting Supplies for Artists, Blank Canvas Pack, 2-Pack</p><p>$16.99</p><a href="https://www.amazon.com/dp/B0CFBGP29G?tag=eloabder-20&linkCode=osi&th=1&psc=1">View Product</a></div><div class="product"><a href="https://www.amazon.com/dp/B07BNGQ1SS?tag=eloabder-20&linkCode=osi&th=1&psc=1"><img src="https://m.media-amazon.com/images/I/410ZVtygUwS._SL500_.jpg" alt="Product Image"></a><p>PHOENIX Stretched Canvas for Painting 8x10 Inch/10 Value Pack, 8 Oz Triple Primed 5/8 Inch Profile 100% Cotton White Blank Canvas, Artist Framed Canvas for Oil Acrylic & Pouring Art</p><p>$22.99</p><a href="https://www.amazon.com/dp/B07BNGQ1SS?tag=eloabder-20&linkCode=osi&th=1&psc=1">View Product</a></div><div class="product"><a href="https://www.amazon.com/dp/B0922JP1H4?tag=eloabder-20&linkCode=osi&th=1&psc=1"><img src="https://m.media-amazon.com/images/I/41BmiEND1KL._SL500_.jpg" alt="Product Image"></a><p>GOTIDEAL Canvases for Painting, 18 Pack Canvas Boards Multipack 4x4, 5x7, 8x10, 9x12,11x14,Primed White Blank Artist Canvas Variety Pack for Acrylic Paint, Oil Paint, Watercolor, Gouache</p><p>$19.99</p><a href="https://www.amazon.com/dp/B0922JP1H4?tag=eloabder-20&linkCode=osi&th=1&psc=1">View Product</a></div>


<div class="product"><a href="https://www.amazon.com/dp/B0872VFHBH?tag=eloabder-20&linkCode=osi&th=1&psc=1"><img src="https://m.media-amazon.com/images/I/51k3bekQheS._SL500_.jpg" alt="Product Image"></a><p>Bachmore Drawing Pad 9X12 Inch (110lb/180g), 60 Sheets, Top Spiral Bound Multi-Media for Artist Pro & Amateurs | Acrylic Art, Ink, Paint, Oil Pastels,Watercolor Mixed Media Sketch</p><p>$11.99</p><a href="https://www.amazon.com/dp/B0872VFHBH?tag=eloabder-20&linkCode=osi&th=1&psc=1">View Product</a></div><div class="product"><a href="https://www.amazon.com/dp/B0027A75A4?tag=eloabder-20&linkCode=osi&th=1&psc=1"><img src="https://m.media-amazon.com/images/I/51dyOxxcgYL._SL500_.jpg" alt="Product Image"></a><p>Strathmore 200 Series Sketch Pad, 9x12 inch, 100 Sheets, Tape Bound - Artist Sketchbook for Drawing, Illustration, Art Class Students</p><p>$6.99 ($0.07 / Count)</p><a href="https://www.amazon.com/dp/B0027A75A4?tag=eloabder-20&linkCode=osi&th=1&psc=1">View Product</a></div><div class="product"><a href="https://www.amazon.com/dp/B0BV13YQKX?tag=eloabder-20&linkCode=osi&th=1&psc=1"><img src="https://m.media-amazon.com/images/I/41VYfMpvXUL._SL500_.jpg" alt="Product Image"></a><p>Canson Graduate Watercolor Pad, Foldover, 9x12 inch, 20 Sheets | Artist Paper for Adults and Students - Painting, Gouache, Mixed Media and Ink</p><p>$4.97 ($0.41 / Count)</p><a href="https://www.amazon.com/dp/B0BV13YQKX?tag=eloabder-20&linkCode=osi&th=1&psc=1">View Product</a></div><div class="product"><a href="https://www.amazon.com/dp/B0024KMQ6K?tag=eloabder-20&linkCode=osi&th=1&psc=1"><img src="https://m.media-amazon.com/images/I/51sYdvPPUCL._SL500_.jpg" alt="Product Image"></a><p>Strathmore 400 Series Pastel Pad, Assorted Colors, 9"x12" Glue Bound, 24 Sheets</p><p>$9.11</p><a href="https://www.amazon.com/dp/B0024KMQ6K?tag=eloabder-20&linkCode=osi&th=1&psc=1">View Product</a></div><div class="product"><a href="https://www.amazon.com/dp/B00246O6PI?tag=eloabder-20&linkCode=osi&th=1&psc=1"><img src="https://m.media-amazon.com/images/I/517TUmckOIL._SL500_.jpg" alt="Product Image"></a><p>Strathmore 300 Series Drawing Paper Pad, Top Wire Bound, 11x14 inches, 50 Sheets (70lb/114g) - Artist Paper for Adults and Students - Charcoal, Colored Pencil, Ink, Pastel, Marker</p><p>$13.33</p><a href="https://www.amazon.com/dp/B00246O6PI?tag=eloabder-20&linkCode=osi&th=1&psc=1">View Product</a></div>

<div class="product"><a href="https://www.amazon.com/dp/B0D3HPD7WP?tag=eloabder-20&linkCode=osi&th=1&psc=1"><img src="https://m.media-amazon.com/images/I/31KSmmAWUWL._SL500_.jpg" alt="Product Image"></a><p>50 Sheets Grey Cardstock Paper, Colored Printer Paper 8.5 x 11, Thick Construction Paper for Cards Making, Scrapbook，Office Printing, Invitations, Certificates，DIY Crafting 92 lb/250gsm</p><p>$9.99</p><a href="https://www.amazon.com/dp/B0D3HPD7WP?tag=eloabder-20&linkCode=osi&th=1&psc=1">View Product</a></div>
<div class="product"><a href="https://www.amazon.com/dp/B076CP6F36?tag=eloabder-20&linkCode=osi&th=1&psc=1"><img src="https://m.media-amazon.com/images/I/51rfEIvgI+L._SL500_.jpg" alt="Product Image"></a><p>Apple Barrel, Vibrant Spectrum Collection Acrylic Craft Paint, PROMOABIII, 2 fl oz each, 16 assorted matte colors, 16 count</p><p>$15.97 ($0.50 / Fl Oz)</p><a href="https://www.amazon.com/dp/B076CP6F36?tag=eloabder-20&linkCode=osi&th=1&psc=1">View Product</a></div><div class="product"><a href="https://www.amazon.com/dp/B0BKFLSYQF?tag=eloabder-20&linkCode=osi&th=1&psc=1"><img src="https://m.media-amazon.com/images/I/51a0PmPRknL._SL500_.jpg" alt="Product Image"></a><p>72 Pack Acrylic Paint Set, Shuttle Art 60 Colors Acrylic Paint Including Extra White Black & 12 Brushes, 2oz/60ml, Rich Pigmented, Water Proof, Ideal for Artists, Beginners on Canvas Rock Wood Ceramic</p><p>$45.99 ($23.00 / Fl Oz)</p><a href="https://www.amazon.com/dp/B0BKFLSYQF?tag=eloabder-20&linkCode=osi&th=1&psc=1">View Product</a></div><div class="product"><a href="https://www.amazon.com/dp/B08CB3JH79?tag=eloabder-20&linkCode=osi&th=1&psc=1"><img src="https://m.media-amazon.com/images/I/51OUZsFdnTL._SL500_.jpg" alt="Product Image"></a><p>Acrylic Paint Set of 36 Colors 2fl oz 60ml Bottles,Non Toxic 36 Colors Acrylic Paint No Fading Rich Pigment for Kids Adults Artists Canvas Crafts Wood Painting</p><p>$32.99 ($0.46 / Fl Oz)</p><a href="https://www.amazon.com/dp/B08CB3JH79?tag=eloabder-20&linkCode=osi&th=1&psc=1">View Product</a></div><div class="product"><a href="https://www.amazon.com/dp/B0018NBVKQ?tag=eloabder-20&linkCode=osi&th=1&psc=1"><img src="https://m.media-amazon.com/images/I/31YlSvZMTCL._SL500_.jpg" alt="Product Image"></a><p>Apple Barrel Acrylic Paint in Assorted Colors (8 Ounce), 20403 White</p><p>$2.67 ($0.33 / Fl Oz)</p><a href="https://www.amazon.com/dp/B0018NBVKQ?tag=eloabder-20&linkCode=osi&th=1&psc=1">View Product</a></div><div class="product"><a href="https://www.amazon.com/dp/B077WSBLZ1?tag=eloabder-20&linkCode=osi&th=1&psc=1"><img src="https://m.media-amazon.com/images/I/51KPkXpLn1L._SL500_.jpg" alt="Product Image"></a><p>Shuttle Art Acrylic Paint Set, 30 x12ml Tubes Artist Quality Non Toxic Rich Pigments Colors Great for Kids Adults Professional Painting on Rocks Canvas Wood Clay Fabric Ceramic Crafts</p><p>$12.99 ($1.08 / Fl Oz)</p><a href="https://www.amazon.com/dp/B077WSBLZ1?tag=eloabder-20&linkCode=osi&th=1&psc=1">View Product</a></div><div class="product"><a href="https://www.amazon.com/dp/B00889Z5Y6?tag=eloabder-20&linkCode=osi&th=1&psc=1"><img src="https://m.media-amazon.com/images/I/41MQjsyDbSL._SL500_.jpg" alt="Product Image"></a><p>Apple Barrel Acrylic Paint in Assorted Colors (2 oz), 20764, Apricot</p><p>$0.58 ($0.29 / Fl Oz)</p><a href="https://www.amazon.com/dp/B00889Z5Y6?tag=eloabder-20&linkCode=osi&th=1&psc=1">View Product</a></div><div class="product"><a href="https://www.amazon.com/dp/B09TWQD5ZL?tag=eloabder-20&linkCode=osi&th=1&psc=1"><img src="https://m.media-amazon.com/images/I/41B0L003QXL._SL500_.jpg" alt="Product Image"></a><p>Artkey Acrylic Paint Set - 24 colors 2 oz/59 ml Acrylic Paints Professional Artists Painting Kit for Canvases Fabric Rock Leather Easter Egg Wood Ceramic Glass Art Craft Painting</p><p>$19.99 ($0.42 / Fl Oz)</p><a href="https://www.amazon.com/dp/B09TWQD5ZL?tag=eloabder-20&linkCode=osi&th=1&psc=1">View Product</a></div><div class="product"><a href="https://www.amazon.com/dp/B07Z93LQDB?tag=eloabder-20&linkCode=osi&th=1&psc=1"><img src="https://m.media-amazon.com/images/I/51veoN6zK0L._SL500_.jpg" alt="Product Image"></a><p>Shuttle Art Acrylic Paint Set, 36 Colors Acrylic Paint with Brushes & Palette, 2oz Bottles, Rich Pigments Non-toxic Paint for Artists Kids & Adults, Art Supplies for Canvas Rock Ceramic Wood Painting</p><p>$27.99</p><a href="https://www.amazon.com/dp/B07Z93LQDB?tag=eloabder-20&linkCode=osi&th=1&psc=1">View Product</a></div><div class="product"><a href="https://www.amazon.com/dp/B002665SYY?tag=eloabder-20&linkCode=osi&th=1&psc=1"><img src="https://m.media-amazon.com/images/I/31sJJeWK6OS._SL500_.jpg" alt="Product Image"></a><p>Liquitex BASICS Acrylic Paint, 250ml (8.5-oz) Tube, Titanium White</p><p>$9.99 ($1.18 / Fl Oz)</p><a href="https://www.amazon.com/dp/B002665SYY?tag=eloabder-20&linkCode=osi&th=1&psc=1">View Product</a></div>
<div class="product"><a href="https://www.amazon.com/dp/B0CC98XLGL?tag=eloabder-20&linkCode=osi&th=1&psc=1"><img src="https://m.media-amazon.com/images/I/51ZLw+nThiL._SL500_.jpg" alt="Product Image"></a><p>HUIRUSO 4 Pack Double Sided Tape Roller, Scrapbook Supplies, Glue Tape Roller for Crafts, Double-Sided Adhesive Tape Runner for Scrapbooking, School Office Journaling Supplies (0.31 in X 26.25 ft)</p><p>$6.99 ($1.75 / Count)</p><a href="https://www.amazon.com/dp/B0CC98XLGL?tag=eloabder-20&linkCode=osi&th=1&psc=1">View Product</a></div><div class="product"><a href="https://www.amazon.com/dp/B007XAAE6K?tag=eloabder-20&linkCode=osi&th=1&psc=1"><img src="https://m.media-amazon.com/images/I/414qxYVR0wL._SL500_.jpg" alt="Product Image"></a><p>Scotch Double Sided Tape Runner, 1-Pack, 0.27 in x 26 ft., Perfect for Holiday Crafts, Gifts, and More</p><p>$4.47</p><a href="https://www.amazon.com/dp/B007XAAE6K?tag=eloabder-20&linkCode=osi&th=1&psc=1">View Product</a></div><div class="product"><a href="https://www.amazon.com/dp/B0BZVGPFSK?tag=eloabder-20&linkCode=osi&th=1&psc=1"><img src="https://m.media-amazon.com/images/I/51-ue9+7JkL._SL500_.jpg" alt="Product Image"></a><p>Birllaid Double Sided Tape for Walls, Picture Hanging Strips Removable Mounting Dots Adhesive Heavy Duty, Removable for Art Craft, Decoration, Party Supplies, Multipurpose</p><p>$11.99</p><a href="https://www.amazon.com/dp/B0BZVGPFSK?tag=eloabder-20&linkCode=osi&th=1&psc=1">View Product</a></div><div class="product"><a href="https://www.amazon.com/dp/B0CGVN9SL1?tag=eloabder-20&linkCode=osi&th=1&psc=1"><img src="https://m.media-amazon.com/images/I/41Hy+i4CnoL._SL500_.jpg" alt="Product Image"></a><p>30Ft x 1 Inch Hook and Loop Strips with Adhesive,Double Rolls of Heavy Duty Self Adhesive Tape with Backing, Nylon Self Adhesive Tape for Home Office School and Crafting,White</p><p>$9.99</p><a href="https://www.amazon.com/dp/B0CGVN9SL1?tag=eloabder-20&linkCode=osi&th=1&psc=1">View Product</a></div><div class="product"><a href="https://www.amazon.com/dp/B07Y3VDPLF?tag=eloabder-20&linkCode=osi&th=1&psc=1"><img src="https://m.media-amazon.com/images/I/41cyKQ2OMuL._SL500_.jpg" alt="Product Image"></a><p>Melsan 1x4 inch Hook and Loop Strips with Adhesive - 15 Sets, Strong Back Adhesive Fasten Mounting Tape for Home or Office Use - Instead of Holes and Screws, Black</p><p>$7.82</p><a href="https://www.amazon.com/dp/B07Y3VDPLF?tag=eloabder-20&linkCode=osi&th=1&psc=1">View Product</a></div><div class="product"><a href="https://www.amazon.com/dp/B07V57VJT5?tag=eloabder-20&linkCode=osi&th=1&psc=1"><img src="https://m.media-amazon.com/images/I/514JO3bvl3L._SL500_.jpg" alt="Product Image"></a><p>XFasten Adhesive Roller for Scrapbooking, 8mm x 30ft 4-Pack Double Sided Glue Tape Roller, Scrapbook Supplies for Adults, Photo Tape for Scrapbooking</p><p>$9.99 ($2.50 / Count)</p><a href="https://www.amazon.com/dp/B07V57VJT5?tag=eloabder-20&linkCode=osi&th=1&psc=1">View Product</a></div><div class="product"><a href="https://www.amazon.com/dp/B07JLTGQHX?tag=eloabder-20&linkCode=osi&th=1&psc=1"><img src="https://m.media-amazon.com/images/I/51Eqfo7kUZL._SL500_.jpg" alt="Product Image"></a><p>UPINS 120 Pack Double Sided Foam Tape Square Self-Adhesive Foam Tape Black Strong Tape Pads for DIY Art Crafts Supplies</p><p>$9.99 ($0.08 / Count)</p><a href="https://www.amazon.com/dp/B07JLTGQHX?tag=eloabder-20&linkCode=osi&th=1&psc=1">View Product</a></div><div class="product"><a href="https://www.amazon.com/dp/B005FM6XF4?tag=eloabder-20&linkCode=osi&th=1&psc=1"><img src="https://m.media-amazon.com/images/I/51-vp1WJ89L._SL500_.jpg" alt="Product Image"></a><p>AdTech 5603 Permanent Crafter's Tape, 0.31" x 315", Pack of 4</p><p>$7.84 ($0.07 / Foot)</p><a href="https://www.amazon.com/dp/B005FM6XF4?tag=eloabder-20&linkCode=osi&th=1&psc=1">View Product</a></div><div class="product"><a href="https://www.amazon.com/dp/B0CJF1FLFJ?tag=eloabder-20&linkCode=osi&th=1&psc=1"><img src="https://m.media-amazon.com/images/I/51dig1RqzdL._SL500_.jpg" alt="Product Image"></a><p>UPINS 150Pack Double Sided Foam Tape Strong Sticky Double Sided Foam Pads for Crafts Self-Adhesive Mounting Foam Tape Heavy Duty for Home Wall Decor 40 * 40 * 2mm</p><p>$8.99 ($0.06 / Count)</p><a href="https://www.amazon.com/dp/B0CJF1FLFJ?tag=eloabder-20&linkCode=osi&th=1&psc=1">View Product</a></div><div class="product"><a href="https://www.amazon.com/dp/B0D4YWRGCL?tag=eloabder-20&linkCode=osi&th=1&psc=1"><img src="https://m.media-amazon.com/images/I/41EqJ553-KL._SL500_.jpg" alt="Product Image"></a><p>Amanbo Glue Tape for Scrapbooking, 6 Pack Scrapbook Tape, Double Sided Tape Roller for Crafts, Total 120 Ft x 0.24 in Tape Runner, Craft Supplies for Scrapbooking, Gift Wrapping and Photo Tape</p><p>$6.99</p><a href="https://www.amazon.com/dp/B0D4YWRGCL?tag=eloabder-20&linkCode=osi&th=1&psc=1">View Product</a></div>
<div class="product"><a href="https://www.amazon.com/dp/B0CC5HPPTN?tag=eloabder-20&linkCode=osi&th=1&psc=1"><img src="https://m.media-amazon.com/images/I/519M81S201L._SL500_.jpg" alt="Product Image"></a><p>Airbrush Paint - 30 Colors with 3 Thinner, Ready to Spray Airbrush Paint Set, Water-Based Acrylic Air brush Paints for Metal, Plastic Models, Canvas, Wood, 20ml/Bottle</p><p>$32.99 ($1.48 / Fl Oz)</p><a href="https://www.amazon.com/dp/B0CC5HPPTN?tag=eloabder-20&linkCode=osi&th=1&psc=1">View Product</a></div>
<div class="product"><a href="https://www.amazon.com/dp/B0CXPSGK36?tag=eloabder-20&linkCode=osi&th=1&psc=1"><img src="https://m.media-amazon.com/images/I/51dd2dYOtrL._SL500_.jpg" alt="Product Image"></a><p>Letter Stickers 30 Sheets 1500 PCS Large Alphabet Sticker 2 Inch Vinyl Self Adhesive Stick on Stickers for Water Bottles Cup Mailbox Number Address Craft Scrapbooking Bulletin Board Decor Multicolor</p><p>$9.99</p><a href="https://www.amazon.com/dp/B0CXPSGK36?tag=eloabder-20&linkCode=osi&th=1&psc=1">View Product</a></div><div class="product"><a href="https://www.amazon.com/dp/B07NNYFMGY?tag=eloabder-20&linkCode=osi&th=1&psc=1"><img src="https://m.media-amazon.com/images/I/51yDnU+gEXL._SL500_.jpg" alt="Product Image"></a><p>20 Sheets Alphabet Letter Stickers 10 Colors Self Adhesive Sticker Colorful PU Material Convex Feeling (Colored Letter Stickers 1)</p><p>$6.99 ($0.35 / Count)</p><a href="https://www.amazon.com/dp/B07NNYFMGY?tag=eloabder-20&linkCode=osi&th=1&psc=1">View Product</a></div>

<div class="product"><a href="https://www.amazon.com/dp/B01DDN8854?tag=eloabder-20&linkCode=osi&th=1&psc=1"><img src="https://m.media-amazon.com/images/I/61dPubDZBSL._SL500_.jpg" alt="Product Image"></a><p>Hugs 'n Kisses HNKHABY13 Applique Paper (20 Pack)</p><p>$19.72 ($0.99 / Count)</p><a href="https://www.amazon.com/dp/B01DDN8854?tag=eloabder-20&linkCode=osi&th=1&psc=1">View Product</a></div>
<div class="product"><a href="https://www.amazon.com/dp/B09KPNFJW1?tag=eloabder-20&linkCode=osi&th=1&psc=1"><img src="https://m.media-amazon.com/images/I/41abn5fELmL._SL500_.jpg" alt="Product Image"></a><p>UniPleased Disposable Aprons (50 Count), Plastic apron for Painting Party, Cooking, Housework, Picnic etc.</p><p>$5.69</p><a href="https://www.amazon.com/dp/B09KPNFJW1?tag=eloabder-20&linkCode=osi&th=1&psc=1">View Product</a></div>
<div class="product"><a href="https://www.amazon.com/dp/B087M21MM2?tag=eloabder-20&linkCode=osi&th=1&psc=1"><img src="https://m.media-amazon.com/images/I/41Xf-jehhLL._SL500_.jpg" alt="Product Image"></a><p>GOTIDEAL Stretched Canvas, Multi Pack 4x4, 5x7, 8x10,9x12, 11x14 Set of 10, Primed White - 100% Cotton Artist Canvas Boards for Painting, Acrylic Pouring, Oil Paint Dry & Wet Art Media</p><p>$24.99</p><a href="https://www.amazon.com/dp/B087M21MM2?tag=eloabder-20&linkCode=osi&th=1&psc=1">View Product</a></div><div class="product"><a href="https://www.amazon.com/dp/B00OQJYISG?tag=eloabder-20&linkCode=osi&th=1&psc=1"><img src="https://m.media-amazon.com/images/I/31fEDLPkkcL._SL500_.jpg" alt="Product Image"></a><p>6 Count 12” x 16” Super Value Canvas by Artist's Loft Necessities - Acid Free Cotton Canvas for Paint, Acrylic, & Oils - 1 Pack</p><p>$19.99</p><a href="https://www.amazon.com/dp/B00OQJYISG?tag=eloabder-20&linkCode=osi&th=1&psc=1">View Product</a></div><div class="product"><a href="https://www.amazon.com/dp/B09CDKB9HY?tag=eloabder-20&linkCode=osi&th=1&psc=1"><img src="https://m.media-amazon.com/images/I/51+p5xnClGL._SL500_.jpg" alt="Product Image"></a><p>DPDIAN Canvas Boards for Painting 40 Pack, 8 inch x 10 inch Super Value Pack, Artist Canvas Panels for Oil & Acrylic Painting</p><p>$29.99</p><a href="https://www.amazon.com/dp/B09CDKB9HY?tag=eloabder-20&linkCode=osi&th=1&psc=1">View Product</a></div><div class="product"><a href="https://www.amazon.com/dp/B0CFBGP29G?tag=eloabder-20&linkCode=osi&th=1&psc=1"><img src="https://m.media-amazon.com/images/I/3147Az5plbL._SL500_.jpg" alt="Product Image"></a><p>ArtSkills Stretched Canvases for Painting, 12x16 Canvas Painting Supplies for Artists, Blank Canvas Pack, 2-Pack</p><p>$16.99</p><a href="https://www.amazon.com/dp/B0CFBGP29G?tag=eloabder-20&linkCode=osi&th=1&psc=1">View Product</a></div><div class="product"><a href="https://www.amazon.com/dp/B07BNGQ1SS?tag=eloabder-20&linkCode=osi&th=1&psc=1"><img src="https://m.media-amazon.com/images/I/410ZVtygUwS._SL500_.jpg" alt="Product Image"></a><p>PHOENIX Stretched Canvas for Painting 8x10 Inch/10 Value Pack, 8 Oz Triple Primed 5/8 Inch Profile 100% Cotton White Blank Canvas, Artist Framed Canvas for Oil Acrylic & Pouring Art</p><p>$22.99</p><a href="https://www.amazon.com/dp/B07BNGQ1SS?tag=eloabder-20&linkCode=osi&th=1&psc=1">View Product</a></div><div class="product"><a href="https://www.amazon.com/dp/B0922JP1H4?tag=eloabder-20&linkCode=osi&th=1&psc=1"><img src="https://m.media-amazon.com/images/I/41BmiEND1KL._SL500_.jpg" alt="Product Image"></a><p>GOTIDEAL Canvases for Painting, 18 Pack Canvas Boards Multipack 4x4, 5x7, 8x10, 9x12,11x14,Primed White Blank Artist Canvas Variety Pack for Acrylic Paint, Oil Paint, Watercolor, Gouache</p><p>$19.99</p><a href="https://www.amazon.com/dp/B0922JP1H4?tag=eloabder-20&linkCode=osi&th=1&psc=1">View Product</a></div>


<div class="product"><a href="https://www.amazon.com/dp/B0872VFHBH?tag=eloabder-20&linkCode=osi&th=1&psc=1"><img src="https://m.media-amazon.com/images/I/51k3bekQheS._SL500_.jpg" alt="Product Image"></a><p>Bachmore Drawing Pad 9X12 Inch (110lb/180g), 60 Sheets, Top Spiral Bound Multi-Media for Artist Pro & Amateurs | Acrylic Art, Ink, Paint, Oil Pastels,Watercolor Mixed Media Sketch</p><p>$11.99</p><a href="https://www.amazon.com/dp/B0872VFHBH?tag=eloabder-20&linkCode=osi&th=1&psc=1">View Product</a></div><div class="product"><a href="https://www.amazon.com/dp/B0027A75A4?tag=eloabder-20&linkCode=osi&th=1&psc=1"><img src="https://m.media-amazon.com/images/I/51dyOxxcgYL._SL500_.jpg" alt="Product Image"></a><p>Strathmore 200 Series Sketch Pad, 9x12 inch, 100 Sheets, Tape Bound - Artist Sketchbook for Drawing, Illustration, Art Class Students</p><p>$6.99 ($0.07 / Count)</p><a href="https://www.amazon.com/dp/B0027A75A4?tag=eloabder-20&linkCode=osi&th=1&psc=1">View Product</a></div><div class="product"><a href="https://www.amazon.com/dp/B0BV13YQKX?tag=eloabder-20&linkCode=osi&th=1&psc=1"><img src="https://m.media-amazon.com/images/I/41VYfMpvXUL._SL500_.jpg" alt="Product Image"></a><p>Canson Graduate Watercolor Pad, Foldover, 9x12 inch, 20 Sheets | Artist Paper for Adults and Students - Painting, Gouache, Mixed Media and Ink</p><p>$4.97 ($0.41 / Count)</p><a href="https://www.amazon.com/dp/B0BV13YQKX?tag=eloabder-20&linkCode=osi&th=1&psc=1">View Product</a></div><div class="product"><a href="https://www.amazon.com/dp/B0024KMQ6K?tag=eloabder-20&linkCode=osi&th=1&psc=1"><img src="https://m.media-amazon.com/images/I/51sYdvPPUCL._SL500_.jpg" alt="Product Image"></a><p>Strathmore 400 Series Pastel Pad, Assorted Colors, 9"x12" Glue Bound, 24 Sheets</p><p>$9.11</p><a href="https://www.amazon.com/dp/B0024KMQ6K?tag=eloabder-20&linkCode=osi&th=1&psc=1">View Product</a></div><div class="product"><a href="https://www.amazon.com/dp/B00246O6PI?tag=eloabder-20&linkCode=osi&th=1&psc=1"><img src="https://m.media-amazon.com/images/I/517TUmckOIL._SL500_.jpg" alt="Product Image"></a><p>Strathmore 300 Series Drawing Paper Pad, Top Wire Bound, 11x14 inches, 50 Sheets (70lb/114g) - Artist Paper for Adults and Students - Charcoal, Colored Pencil, Ink, Pastel, Marker</p><p>$13.33</p><a href="https://www.amazon.com/dp/B00246O6PI?tag=eloabder-20&linkCode=osi&th=1&psc=1">View Product</a></div>
<div class="product"><a href="https://www.amazon.com/dp/B08ZMH7LJY?tag=eloabder-20&linkCode=osi&th=1&psc=1"><img src="https://m.media-amazon.com/images/I/51mJIsLJA-S._SL500_.jpg" alt="Product Image"></a><p>PANDAFLY Professional Drawing Sketching Pencil Set - 12 Pieces Graphite Pencils(14B - 2H), Ideal for Drawing Art, Sketching, Shading, Artist Pencils for Beginners & Pro Artists</p><p>$5.11</p><a href="https://www.amazon.com/dp/B08ZMH7LJY?tag=eloabder-20&linkCode=osi&th=1&psc=1">View Product</a></div><div class="product"><a href="https://www.amazon.com/dp/B088K1G5NL?tag=eloabder-20&linkCode=osi&th=1&psc=1"><img src="https://m.media-amazon.com/images/I/51F2bOMZWnL._SL500_.jpg" alt="Product Image"></a><p>MARKART Professional Drawing Sketching Pencil Set - 14 Pieces,Graphite,(12B - 4H), Ideal for Drawing Art, Sketching, Shading, Artist Pencils for Beginners & Pro Artists</p><p>$5.24</p><a href="https://www.amazon.com/dp/B088K1G5NL?tag=eloabder-20&linkCode=osi&th=1&psc=1">View Product</a></div><div class="product"><a href="https://www.amazon.com/dp/B08FHMRW4L?tag=eloabder-20&linkCode=osi&th=1&psc=1"><img src="https://m.media-amazon.com/images/I/51Pmn5gjyzL._SL500_.jpg" alt="Product Image"></a><p>Mr. Pen- Sketch Pencils for Drawing, 14 Pack, Drawing Pencils, Art Pencils, Graphite Pencils, Graphite Pencils for Drawing, Art Pencils for Drawing and Shading</p><p>$5.95</p><a href="https://www.amazon.com/dp/B08FHMRW4L?tag=eloabder-20&linkCode=osi&th=1&psc=1">View Product</a></div><div class="product"><a href="https://www.amazon.com/dp/B0BNQ58DC4?tag=eloabder-20&linkCode=osi&th=1&psc=1"><img src="https://m.media-amazon.com/images/I/51e-gQtCcCL._SL500_.jpg" alt="Product Image"></a><p>MARTCOLOR Drawing Sketching Pencils Set, 12 Pack Graphite Pencils(14B - 2H), Ideal for Drawing Art, Sketching, Shading, Artist Pencils for Beginners & Pro Artists</p><p>$5.99</p><a href="https://www.amazon.com/dp/B0BNQ58DC4?tag=eloabder-20&linkCode=osi&th=1&psc=1">View Product</a></div>

<div class="product"><a href="https://www.amazon.com/dp/B0D3HPD7WP?tag=eloabder-20&linkCode=osi&th=1&psc=1"><img src="https://m.media-amazon.com/images/I/31KSmmAWUWL._SL500_.jpg" alt="Product Image"></a><p>50 Sheets Grey Cardstock Paper, Colored Printer Paper 8.5 x 11, Thick Construction Paper for Cards Making, Scrapbook，Office Printing, Invitations, Certificates，DIY Crafting 92 lb/250gsm</p><p>$9.99</p><a href="https://www.amazon.com/dp/B0D3HPD7WP?tag=eloabder-20&linkCode=osi&th=1&psc=1">View Product</a></div>
<div class="product"><a href="https://www.amazon.com/dp/B076CP6F36?tag=eloabder-20&linkCode=osi&th=1&psc=1"><img src="https://m.media-amazon.com/images/I/51rfEIvgI+L._SL500_.jpg" alt="Product Image"></a><p>Apple Barrel, Vibrant Spectrum Collection Acrylic Craft Paint, PROMOABIII, 2 fl oz each, 16 assorted matte colors, 16 count</p><p>$15.97 ($0.50 / Fl Oz)</p><a href="https://www.amazon.com/dp/B076CP6F36?tag=eloabder-20&linkCode=osi&th=1&psc=1">View Product</a></div><div class="product"><a href="https://www.amazon.com/dp/B0BKFLSYQF?tag=eloabder-20&linkCode=osi&th=1&psc=1"><img src="https://m.media-amazon.com/images/I/51a0PmPRknL._SL500_.jpg" alt="Product Image"></a><p>72 Pack Acrylic Paint Set, Shuttle Art 60 Colors Acrylic Paint Including Extra White Black & 12 Brushes, 2oz/60ml, Rich Pigmented, Water Proof, Ideal for Artists, Beginners on Canvas Rock Wood Ceramic</p><p>$45.99 ($23.00 / Fl Oz)</p><a href="https://www.amazon.com/dp/B0BKFLSYQF?tag=eloabder-20&linkCode=osi&th=1&psc=1">View Product</a></div><div class="product"><a href="https://www.amazon.com/dp/B08CB3JH79?tag=eloabder-20&linkCode=osi&th=1&psc=1"><img src="https://m.media-amazon.com/images/I/51OUZsFdnTL._SL500_.jpg" alt="Product Image"></a><p>Acrylic Paint Set of 36 Colors 2fl oz 60ml Bottles,Non Toxic 36 Colors Acrylic Paint No Fading Rich Pigment for Kids Adults Artists Canvas Crafts Wood Painting</p><p>$32.99 ($0.46 / Fl Oz)</p><a href="https://www.amazon.com/dp/B08CB3JH79?tag=eloabder-20&linkCode=osi&th=1&psc=1">View Product</a></div><div class="product"><a href="https://www.amazon.com/dp/B0018NBVKQ?tag=eloabder-20&linkCode=osi&th=1&psc=1"><img src="https://m.media-amazon.com/images/I/31YlSvZMTCL._SL500_.jpg" alt="Product Image"></a><p>Apple Barrel Acrylic Paint in Assorted Colors (8 Ounce), 20403 White</p><p>$2.67 ($0.33 / Fl Oz)</p><a href="https://www.amazon.com/dp/B0018NBVKQ?tag=eloabder-20&linkCode=osi&th=1&psc=1">View Product</a></div><div class="product"><a href="https://www.amazon.com/dp/B077WSBLZ1?tag=eloabder-20&linkCode=osi&th=1&psc=1"><img src="https://m.media-amazon.com/images/I/51KPkXpLn1L._SL500_.jpg" alt="Product Image"></a><p>Shuttle Art Acrylic Paint Set, 30 x12ml Tubes Artist Quality Non Toxic Rich Pigments Colors Great for Kids Adults Professional Painting on Rocks Canvas Wood Clay Fabric Ceramic Crafts</p><p>$12.99 ($1.08 / Fl Oz)</p><a href="https://www.amazon.com/dp/B077WSBLZ1?tag=eloabder-20&linkCode=osi&th=1&psc=1">View Product</a></div><div class="product"><a href="https://www.amazon.com/dp/B00889Z5Y6?tag=eloabder-20&linkCode=osi&th=1&psc=1"><img src="https://m.media-amazon.com/images/I/41MQjsyDbSL._SL500_.jpg" alt="Product Image"></a><p>Apple Barrel Acrylic Paint in Assorted Colors (2 oz), 20764, Apricot</p><p>$0.58 ($0.29 / Fl Oz)</p><a href="https://www.amazon.com/dp/B00889Z5Y6?tag=eloabder-20&linkCode=osi&th=1&psc=1">View Product</a></div><div class="product"><a href="https://www.amazon.com/dp/B09TWQD5ZL?tag=eloabder-20&linkCode=osi&th=1&psc=1"><img src="https://m.media-amazon.com/images/I/41B0L003QXL._SL500_.jpg" alt="Product Image"></a><p>Artkey Acrylic Paint Set - 24 colors 2 oz/59 ml Acrylic Paints Professional Artists Painting Kit for Canvases Fabric Rock Leather Easter Egg Wood Ceramic Glass Art Craft Painting</p><p>$19.99 ($0.42 / Fl Oz)</p><a href="https://www.amazon.com/dp/B09TWQD5ZL?tag=eloabder-20&linkCode=osi&th=1&psc=1">View Product</a></div><div class="product"><a href="https://www.amazon.com/dp/B07Z93LQDB?tag=eloabder-20&linkCode=osi&th=1&psc=1"><img src="https://m.media-amazon.com/images/I/51veoN6zK0L._SL500_.jpg" alt="Product Image"></a><p>Shuttle Art Acrylic Paint Set, 36 Colors Acrylic Paint with Brushes & Palette, 2oz Bottles, Rich Pigments Non-toxic Paint for Artists Kids & Adults, Art Supplies for Canvas Rock Ceramic Wood Painting</p><p>$27.99</p><a href="https://www.amazon.com/dp/B07Z93LQDB?tag=eloabder-20&linkCode=osi&th=1&psc=1">View Product</a></div><div class="product"><a href="https://www.amazon.com/dp/B002665SYY?tag=eloabder-20&linkCode=osi&th=1&psc=1"><img src="https://m.media-amazon.com/images/I/31sJJeWK6OS._SL500_.jpg" alt="Product Image"></a><p>Liquitex BASICS Acrylic Paint, 250ml (8.5-oz) Tube, Titanium White</p><p>$9.99 ($1.18 / Fl Oz)</p><a href="https://www.amazon.com/dp/B002665SYY?tag=eloabder-20&linkCode=osi&th=1&psc=1">View Product</a></div>
<div class="product"><a href="https://www.amazon.com/dp/B0CC98XLGL?tag=eloabder-20&linkCode=osi&th=1&psc=1"><img src="https://m.media-amazon.com/images/I/51ZLw+nThiL._SL500_.jpg" alt="Product Image"></a><p>HUIRUSO 4 Pack Double Sided Tape Roller, Scrapbook Supplies, Glue Tape Roller for Crafts, Double-Sided Adhesive Tape Runner for Scrapbooking, School Office Journaling Supplies (0.31 in X 26.25 ft)</p><p>$6.99 ($1.75 / Count)</p><a href="https://www.amazon.com/dp/B0CC98XLGL?tag=eloabder-20&linkCode=osi&th=1&psc=1">View Product</a></div><div class="product"><a href="https://www.amazon.com/dp/B007XAAE6K?tag=eloabder-20&linkCode=osi&th=1&psc=1"><img src="https://m.media-amazon.com/images/I/414qxYVR0wL._SL500_.jpg" alt="Product Image"></a><p>Scotch Double Sided Tape Runner, 1-Pack, 0.27 in x 26 ft., Perfect for Holiday Crafts, Gifts, and More</p><p>$4.47</p><a href="https://www.amazon.com/dp/B007XAAE6K?tag=eloabder-20&linkCode=osi&th=1&psc=1">View Product</a></div><div class="product"><a href="https://www.amazon.com/dp/B0BZVGPFSK?tag=eloabder-20&linkCode=osi&th=1&psc=1"><img src="https://m.media-amazon.com/images/I/51-ue9+7JkL._SL500_.jpg" alt="Product Image"></a><p>Birllaid Double Sided Tape for Walls, Picture Hanging Strips Removable Mounting Dots Adhesive Heavy Duty, Removable for Art Craft, Decoration, Party Supplies, Multipurpose</p><p>$11.99</p><a href="https://www.amazon.com/dp/B0BZVGPFSK?tag=eloabder-20&linkCode=osi&th=1&psc=1">View Product</a></div><div class="product"><a href="https://www.amazon.com/dp/B0CGVN9SL1?tag=eloabder-20&linkCode=osi&th=1&psc=1"><img src="https://m.media-amazon.com/images/I/41Hy+i4CnoL._SL500_.jpg" alt="Product Image"></a><p>30Ft x 1 Inch Hook and Loop Strips with Adhesive,Double Rolls of Heavy Duty Self Adhesive Tape with Backing, Nylon Self Adhesive Tape for Home Office School and Crafting,White</p><p>$9.99</p><a href="https://www.amazon.com/dp/B0CGVN9SL1?tag=eloabder-20&linkCode=osi&th=1&psc=1">View Product</a></div><div class="product"><a href="https://www.amazon.com/dp/B07Y3VDPLF?tag=eloabder-20&linkCode=osi&th=1&psc=1"><img src="https://m.media-amazon.com/images/I/41cyKQ2OMuL._SL500_.jpg" alt="Product Image"></a><p>Melsan 1x4 inch Hook and Loop Strips with Adhesive - 15 Sets, Strong Back Adhesive Fasten Mounting Tape for Home or Office Use - Instead of Holes and Screws, Black</p><p>$7.82</p><a href="https://www.amazon.com/dp/B07Y3VDPLF?tag=eloabder-20&linkCode=osi&th=1&psc=1">View Product</a></div><div class="product"><a href="https://www.amazon.com/dp/B07V57VJT5?tag=eloabder-20&linkCode=osi&th=1&psc=1"><img src="https://m.media-amazon.com/images/I/514JO3bvl3L._SL500_.jpg" alt="Product Image"></a><p>XFasten Adhesive Roller for Scrapbooking, 8mm x 30ft 4-Pack Double Sided Glue Tape Roller, Scrapbook Supplies for Adults, Photo Tape for Scrapbooking</p><p>$9.99 ($2.50 / Count)</p><a href="https://www.amazon.com/dp/B07V57VJT5?tag=eloabder-20&linkCode=osi&th=1&psc=1">View Product</a></div><div class="product"><a href="https://www.amazon.com/dp/B07JLTGQHX?tag=eloabder-20&linkCode=osi&th=1&psc=1"><img src="https://m.media-amazon.com/images/I/51Eqfo7kUZL._SL500_.jpg" alt="Product Image"></a><p>UPINS 120 Pack Double Sided Foam Tape Square Self-Adhesive Foam Tape Black Strong Tape Pads for DIY Art Crafts Supplies</p><p>$9.99 ($0.08 / Count)</p><a href="https://www.amazon.com/dp/B07JLTGQHX?tag=eloabder-20&linkCode=osi&th=1&psc=1">View Product</a></div><div class="product"><a href="https://www.amazon.com/dp/B005FM6XF4?tag=eloabder-20&linkCode=osi&th=1&psc=1"><img src="https://m.media-amazon.com/images/I/51-vp1WJ89L._SL500_.jpg" alt="Product Image"></a><p>AdTech 5603 Permanent Crafter's Tape, 0.31" x 315", Pack of 4</p><p>$7.84 ($0.07 / Foot)</p><a href="https://www.amazon.com/dp/B005FM6XF4?tag=eloabder-20&linkCode=osi&th=1&psc=1">View Product</a></div><div class="product"><a href="https://www.amazon.com/dp/B0CJF1FLFJ?tag=eloabder-20&linkCode=osi&th=1&psc=1"><img src="https://m.media-amazon.com/images/I/51dig1RqzdL._SL500_.jpg" alt="Product Image"></a><p>UPINS 150Pack Double Sided Foam Tape Strong Sticky Double Sided Foam Pads for Crafts Self-Adhesive Mounting Foam Tape Heavy Duty for Home Wall Decor 40 * 40 * 2mm</p><p>$8.99 ($0.06 / Count)</p><a href="https://www.amazon.com/dp/B0CJF1FLFJ?tag=eloabder-20&linkCode=osi&th=1&psc=1">View Product</a></div><div class="product"><a href="https://www.amazon.com/dp/B0D4YWRGCL?tag=eloabder-20&linkCode=osi&th=1&psc=1"><img src="https://m.media-amazon.com/images/I/41EqJ553-KL._SL500_.jpg" alt="Product Image"></a><p>Amanbo Glue Tape for Scrapbooking, 6 Pack Scrapbook Tape, Double Sided Tape Roller for Crafts, Total 120 Ft x 0.24 in Tape Runner, Craft Supplies for Scrapbooking, Gift Wrapping and Photo Tape</p><p>$6.99</p><a href="https://www.amazon.com/dp/B0D4YWRGCL?tag=eloabder-20&linkCode=osi&th=1&psc=1">View Product</a></div>
<div class="product"><a href="https://www.amazon.com/dp/B0CC5HPPTN?tag=eloabder-20&linkCode=osi&th=1&psc=1"><img src="https://m.media-amazon.com/images/I/519M81S201L._SL500_.jpg" alt="Product Image"></a><p>Airbrush Paint - 30 Colors with 3 Thinner, Ready to Spray Airbrush Paint Set, Water-Based Acrylic Air brush Paints for Metal, Plastic Models, Canvas, Wood, 20ml/Bottle</p><p>$32.99 ($1.48 / Fl Oz)</p><a href="https://www.amazon.com/dp/B0CC5HPPTN?tag=eloabder-20&linkCode=osi&th=1&psc=1">View Product</a></div>
<div class="product"><a href="https://www.amazon.com/dp/B0CXPSGK36?tag=eloabder-20&linkCode=osi&th=1&psc=1"><img src="https://m.media-amazon.com/images/I/51dd2dYOtrL._SL500_.jpg" alt="Product Image"></a><p>Letter Stickers 30 Sheets 1500 PCS Large Alphabet Sticker 2 Inch Vinyl Self Adhesive Stick on Stickers for Water Bottles Cup Mailbox Number Address Craft Scrapbooking Bulletin Board Decor Multicolor</p><p>$9.99</p><a href="https://www.amazon.com/dp/B0CXPSGK36?tag=eloabder-20&linkCode=osi&th=1&psc=1">View Product</a></div><div class="product"><a href="https://www.amazon.com/dp/B07NNYFMGY?tag=eloabder-20&linkCode=osi&th=1&psc=1"><img src="https://m.media-amazon.com/images/I/51yDnU+gEXL._SL500_.jpg" alt="Product Image"></a><p>20 Sheets Alphabet Letter Stickers 10 Colors Self Adhesive Sticker Colorful PU Material Convex Feeling (Colored Letter Stickers 1)</p><p>$6.99 ($0.35 / Count)</p><a href="https://www.amazon.com/dp/B07NNYFMGY?tag=eloabder-20&linkCode=osi&th=1&psc=1">View Product</a></div>

<div class="product"><a href="https://www.amazon.com/dp/B01DDN8854?tag=eloabder-20&linkCode=osi&th=1&psc=1"><img src="https://m.media-amazon.com/images/I/61dPubDZBSL._SL500_.jpg" alt="Product Image"></a><p>Hugs 'n Kisses HNKHABY13 Applique Paper (20 Pack)</p><p>$19.72 ($0.99 / Count)</p><a href="https://www.amazon.com/dp/B01DDN8854?tag=eloabder-20&linkCode=osi&th=1&psc=1">View Product</a></div>
<div class="product"><a href="https://www.amazon.com/dp/B09KPNFJW1?tag=eloabder-20&linkCode=osi&th=1&psc=1"><img src="https://m.media-amazon.com/images/I/41abn5fELmL._SL500_.jpg" alt="Product Image"></a><p>UniPleased Disposable Aprons (50 Count), Plastic apron for Painting Party, Cooking, Housework, Picnic etc.</p><p>$5.69</p><a href="https://www.amazon.com/dp/B09KPNFJW1?tag=eloabder-20&linkCode=osi&th=1&psc=1">View Product</a></div>
<div class="product"><a href="https://www.amazon.com/dp/B087M21MM2?tag=eloabder-20&linkCode=osi&th=1&psc=1"><img src="https://m.media-amazon.com/images/I/41Xf-jehhLL._SL500_.jpg" alt="Product Image"></a><p>GOTIDEAL Stretched Canvas, Multi Pack 4x4, 5x7, 8x10,9x12, 11x14 Set of 10, Primed White - 100% Cotton Artist Canvas Boards for Painting, Acrylic Pouring, Oil Paint Dry & Wet Art Media</p><p>$24.99</p><a href="https://www.amazon.com/dp/B087M21MM2?tag=eloabder-20&linkCode=osi&th=1&psc=1">View Product</a></div><div class="product"><a href="https://www.amazon.com/dp/B00OQJYISG?tag=eloabder-20&linkCode=osi&th=1&psc=1"><img src="https://m.media-amazon.com/images/I/31fEDLPkkcL._SL500_.jpg" alt="Product Image"></a><p>6 Count 12” x 16” Super Value Canvas by Artist's Loft Necessities - Acid Free Cotton Canvas for Paint, Acrylic, & Oils - 1 Pack</p><p>$19.99</p><a href="https://www.amazon.com/dp/B00OQJYISG?tag=eloabder-20&linkCode=osi&th=1&psc=1">View Product</a></div><div class="product"><a href="https://www.amazon.com/dp/B09CDKB9HY?tag=eloabder-20&linkCode=osi&th=1&psc=1"><img src="https://m.media-amazon.com/images/I/51+p5xnClGL._SL500_.jpg" alt="Product Image"></a><p>DPDIAN Canvas Boards for Painting 40 Pack, 8 inch x 10 inch Super Value Pack, Artist Canvas Panels for Oil & Acrylic Painting</p><p>$29.99</p><a href="https://www.amazon.com/dp/B09CDKB9HY?tag=eloabder-20&linkCode=osi&th=1&psc=1">View Product</a></div><div class="product"><a href="https://www.amazon.com/dp/B0CFBGP29G?tag=eloabder-20&linkCode=osi&th=1&psc=1"><img src="https://m.media-amazon.com/images/I/3147Az5plbL._SL500_.jpg" alt="Product Image"></a><p>ArtSkills Stretched Canvases for Painting, 12x16 Canvas Painting Supplies for Artists, Blank Canvas Pack, 2-Pack</p><p>$16.99</p><a href="https://www.amazon.com/dp/B0CFBGP29G?tag=eloabder-20&linkCode=osi&th=1&psc=1">View Product</a></div><div class="product"><a href="https://www.amazon.com/dp/B07BNGQ1SS?tag=eloabder-20&linkCode=osi&th=1&psc=1"><img src="https://m.media-amazon.com/images/I/410ZVtygUwS._SL500_.jpg" alt="Product Image"></a><p>PHOENIX Stretched Canvas for Painting 8x10 Inch/10 Value Pack, 8 Oz Triple Primed 5/8 Inch Profile 100% Cotton White Blank Canvas, Artist Framed Canvas for Oil Acrylic & Pouring Art</p><p>$22.99</p><a href="https://www.amazon.com/dp/B07BNGQ1SS?tag=eloabder-20&linkCode=osi&th=1&psc=1">View Product</a></div><div class="product"><a href="https://www.amazon.com/dp/B0922JP1H4?tag=eloabder-20&linkCode=osi&th=1&psc=1"><img src="https://m.media-amazon.com/images/I/41BmiEND1KL._SL500_.jpg" alt="Product Image"></a><p>GOTIDEAL Canvases for Painting, 18 Pack Canvas Boards Multipack 4x4, 5x7, 8x10, 9x12,11x14,Primed White Blank Artist Canvas Variety Pack for Acrylic Paint, Oil Paint, Watercolor, Gouache</p><p>$19.99</p><a href="https://www.amazon.com/dp/B0922JP1H4?tag=eloabder-20&linkCode=osi&th=1&psc=1">View Product</a></div>


<div class="product"><a href="https://www.amazon.com/dp/B0872VFHBH?tag=eloabder-20&linkCode=osi&th=1&psc=1"><img src="https://m.media-amazon.com/images/I/51k3bekQheS._SL500_.jpg" alt="Product Image"></a><p>Bachmore Drawing Pad 9X12 Inch (110lb/180g), 60 Sheets, Top Spiral Bound Multi-Media for Artist Pro & Amateurs | Acrylic Art, Ink, Paint, Oil Pastels,Watercolor Mixed Media Sketch</p><p>$11.99</p><a href="https://www.amazon.com/dp/B0872VFHBH?tag=eloabder-20&linkCode=osi&th=1&psc=1">View Product</a></div><div class="product"><a href="https://www.amazon.com/dp/B0027A75A4?tag=eloabder-20&linkCode=osi&th=1&psc=1"><img src="https://m.media-amazon.com/images/I/51dyOxxcgYL._SL500_.jpg" alt="Product Image"></a><p>Strathmore 200 Series Sketch Pad, 9x12 inch, 100 Sheets, Tape Bound - Artist Sketchbook for Drawing, Illustration, Art Class Students</p><p>$6.99 ($0.07 / Count)</p><a href="https://www.amazon.com/dp/B0027A75A4?tag=eloabder-20&linkCode=osi&th=1&psc=1">View Product</a></div><div class="product"><a href="https://www.amazon.com/dp/B0BV13YQKX?tag=eloabder-20&linkCode=osi&th=1&psc=1"><img src="https://m.media-amazon.com/images/I/41VYfMpvXUL._SL500_.jpg" alt="Product Image"></a><p>Canson Graduate Watercolor Pad, Foldover, 9x12 inch, 20 Sheets | Artist Paper for Adults and Students - Painting, Gouache, Mixed Media and Ink</p><p>$4.97 ($0.41 / Count)</p><a href="https://www.amazon.com/dp/B0BV13YQKX?tag=eloabder-20&linkCode=osi&th=1&psc=1">View Product</a></div><div class="product"><a href="https://www.amazon.com/dp/B0024KMQ6K?tag=eloabder-20&linkCode=osi&th=1&psc=1"><img src="https://m.media-amazon.com/images/I/51sYdvPPUCL._SL500_.jpg" alt="Product Image"></a><p>Strathmore 400 Series Pastel Pad, Assorted Colors, 9"x12" Glue Bound, 24 Sheets</p><p>$9.11</p><a href="https://www.amazon.com/dp/B0024KMQ6K?tag=eloabder-20&linkCode=osi&th=1&psc=1">View Product</a></div><div class="product"><a href="https://www.amazon.com/dp/B00246O6PI?tag=eloabder-20&linkCode=osi&th=1&psc=1"><img src="https://m.media-amazon.com/images/I/517TUmckOIL._SL500_.jpg" alt="Product Image"></a><p>Strathmore 300 Series Drawing Paper Pad, Top Wire Bound, 11x14 inches, 50 Sheets (70lb/114g) - Artist Paper for Adults and Students - Charcoal, Colored Pencil, Ink, Pastel, Marker</p><p>$13.33</p><a href="https://www.amazon.com/dp/B00246O6PI?tag=eloabder-20&linkCode=osi&th=1&psc=1">View Product</a></div>
<div class="product"><a href="https://www.amazon.com/dp/B08ZMH7LJY?tag=eloabder-20&linkCode=osi&th=1&psc=1"><img src="https://m.media-amazon.com/images/I/51mJIsLJA-S._SL500_.jpg" alt="Product Image"></a><p>PANDAFLY Professional Drawing Sketching Pencil Set - 12 Pieces Graphite Pencils(14B - 2H), Ideal for Drawing Art, Sketching, Shading, Artist Pencils for Beginners & Pro Artists</p><p>$5.11</p><a href="https://www.amazon.com/dp/B08ZMH7LJY?tag=eloabder-20&linkCode=osi&th=1&psc=1">View Product</a></div><div class="product"><a href="https://www.amazon.com/dp/B088K1G5NL?tag=eloabder-20&linkCode=osi&th=1&psc=1"><img src="https://m.media-amazon.com/images/I/51F2bOMZWnL._SL500_.jpg" alt="Product Image"></a><p>MARKART Professional Drawing Sketching Pencil Set - 14 Pieces,Graphite,(12B - 4H), Ideal for Drawing Art, Sketching, Shading, Artist Pencils for Beginners & Pro Artists</p><p>$5.24</p><a href="https://www.amazon.com/dp/B088K1G5NL?tag=eloabder-20&linkCode=osi&th=1&psc=1">View Product</a></div><div class="product"><a href="https://www.amazon.com/dp/B08FHMRW4L?tag=eloabder-20&linkCode=osi&th=1&psc=1"><img src="https://m.media-amazon.com/images/I/51Pmn5gjyzL._SL500_.jpg" alt="Product Image"></a><p>Mr. Pen- Sketch Pencils for Drawing, 14 Pack, Drawing Pencils, Art Pencils, Graphite Pencils, Graphite Pencils for Drawing, Art Pencils for Drawing and Shading</p><p>$5.95</p><a href="https://www.amazon.com/dp/B08FHMRW4L?tag=eloabder-20&linkCode=osi&th=1&psc=1">View Product</a></div><div class="product"><a href="https://www.amazon.com/dp/B0BNQ58DC4?tag=eloabder-20&linkCode=osi&th=1&psc=1"><img src="https://m.media-amazon.com/images/I/51e-gQtCcCL._SL500_.jpg" alt="Product Image"></a><p>MARTCOLOR Drawing Sketching Pencils Set, 12 Pack Graphite Pencils(14B - 2H), Ideal for Drawing Art, Sketching, Shading, Artist Pencils for Beginners & Pro Artists</p><p>$5.99</p><a href="https://www.amazon.com/dp/B0BNQ58DC4?tag=eloabder-20&linkCode=osi&th=1&psc=1">View Product</a></div>


<div class="product"><a href="https://www.amazon.com/dp/B0D3HPD7WP?tag=eloabder-20&linkCode=osi&th=1&psc=1"><img src="https://m.media-amazon.com/images/I/31KSmmAWUWL._SL500_.jpg" alt="Product Image"></a><p>50 Sheets Grey Cardstock Paper, Colored Printer Paper 8.5 x 11, Thick Construction Paper for Cards Making, Scrapbook，Office Printing, Invitations, Certificates，DIY Crafting 92 lb/250gsm</p><p>$9.99</p><a href="https://www.amazon.com/dp/B0D3HPD7WP?tag=eloabder-20&linkCode=osi&th=1&psc=1">View Product</a></div>
<div class="product"><a href="https://www.amazon.com/dp/B076CP6F36?tag=eloabder-20&linkCode=osi&th=1&psc=1"><img src="https://m.media-amazon.com/images/I/51rfEIvgI+L._SL500_.jpg" alt="Product Image"></a><p>Apple Barrel, Vibrant Spectrum Collection Acrylic Craft Paint, PROMOABIII, 2 fl oz each, 16 assorted matte colors, 16 count</p><p>$15.97 ($0.50 / Fl Oz)</p><a href="https://www.amazon.com/dp/B076CP6F36?tag=eloabder-20&linkCode=osi&th=1&psc=1">View Product</a></div><div class="product"><a href="https://www.amazon.com/dp/B0BKFLSYQF?tag=eloabder-20&linkCode=osi&th=1&psc=1"><img src="https://m.media-amazon.com/images/I/51a0PmPRknL._SL500_.jpg" alt="Product Image"></a><p>72 Pack Acrylic Paint Set, Shuttle Art 60 Colors Acrylic Paint Including Extra White Black & 12 Brushes, 2oz/60ml, Rich Pigmented, Water Proof, Ideal for Artists, Beginners on Canvas Rock Wood Ceramic</p><p>$45.99 ($23.00 / Fl Oz)</p><a href="https://www.amazon.com/dp/B0BKFLSYQF?tag=eloabder-20&linkCode=osi&th=1&psc=1">View Product</a></div><div class="product"><a href="https://www.amazon.com/dp/B08CB3JH79?tag=eloabder-20&linkCode=osi&th=1&psc=1"><img src="https://m.media-amazon.com/images/I/51OUZsFdnTL._SL500_.jpg" alt="Product Image"></a><p>Acrylic Paint Set of 36 Colors 2fl oz 60ml Bottles,Non Toxic 36 Colors Acrylic Paint No Fading Rich Pigment for Kids Adults Artists Canvas Crafts Wood Painting</p><p>$32.99 ($0.46 / Fl Oz)</p><a href="https://www.amazon.com/dp/B08CB3JH79?tag=eloabder-20&linkCode=osi&th=1&psc=1">View Product</a></div><div class="product"><a href="https://www.amazon.com/dp/B0018NBVKQ?tag=eloabder-20&linkCode=osi&th=1&psc=1"><img src="https://m.media-amazon.com/images/I/31YlSvZMTCL._SL500_.jpg" alt="Product Image"></a><p>Apple Barrel Acrylic Paint in Assorted Colors (8 Ounce), 20403 White</p><p>$2.67 ($0.33 / Fl Oz)</p><a href="https://www.amazon.com/dp/B0018NBVKQ?tag=eloabder-20&linkCode=osi&th=1&psc=1">View Product</a></div><div class="product"><a href="https://www.amazon.com/dp/B077WSBLZ1?tag=eloabder-20&linkCode=osi&th=1&psc=1"><img src="https://m.media-amazon.com/images/I/51KPkXpLn1L._SL500_.jpg" alt="Product Image"></a><p>Shuttle Art Acrylic Paint Set, 30 x12ml Tubes Artist Quality Non Toxic Rich Pigments Colors Great for Kids Adults Professional Painting on Rocks Canvas Wood Clay Fabric Ceramic Crafts</p><p>$12.99 ($1.08 / Fl Oz)</p><a href="https://www.amazon.com/dp/B077WSBLZ1?tag=eloabder-20&linkCode=osi&th=1&psc=1">View Product</a></div><div class="product"><a href="https://www.amazon.com/dp/B00889Z5Y6?tag=eloabder-20&linkCode=osi&th=1&psc=1"><img src="https://m.media-amazon.com/images/I/41MQjsyDbSL._SL500_.jpg" alt="Product Image"></a><p>Apple Barrel Acrylic Paint in Assorted Colors (2 oz), 20764, Apricot</p><p>$0.58 ($0.29 / Fl Oz)</p><a href="https://www.amazon.com/dp/B00889Z5Y6?tag=eloabder-20&linkCode=osi&th=1&psc=1">View Product</a></div><div class="product"><a href="https://www.amazon.com/dp/B09TWQD5ZL?tag=eloabder-20&linkCode=osi&th=1&psc=1"><img src="https://m.media-amazon.com/images/I/41B0L003QXL._SL500_.jpg" alt="Product Image"></a><p>Artkey Acrylic Paint Set - 24 colors 2 oz/59 ml Acrylic Paints Professional Artists Painting Kit for Canvases Fabric Rock Leather Easter Egg Wood Ceramic Glass Art Craft Painting</p><p>$19.99 ($0.42 / Fl Oz)</p><a href="https://www.amazon.com/dp/B09TWQD5ZL?tag=eloabder-20&linkCode=osi&th=1&psc=1">View Product</a></div><div class="product"><a href="https://www.amazon.com/dp/B07Z93LQDB?tag=eloabder-20&linkCode=osi&th=1&psc=1"><img src="https://m.media-amazon.com/images/I/51veoN6zK0L._SL500_.jpg" alt="Product Image"></a><p>Shuttle Art Acrylic Paint Set, 36 Colors Acrylic Paint with Brushes & Palette, 2oz Bottles, Rich Pigments Non-toxic Paint for Artists Kids & Adults, Art Supplies for Canvas Rock Ceramic Wood Painting</p><p>$27.99</p><a href="https://www.amazon.com/dp/B07Z93LQDB?tag=eloabder-20&linkCode=osi&th=1&psc=1">View Product</a></div><div class="product"><a href="https://www.amazon.com/dp/B002665SYY?tag=eloabder-20&linkCode=osi&th=1&psc=1"><img src="https://m.media-amazon.com/images/I/31sJJeWK6OS._SL500_.jpg" alt="Product Image"></a><p>Liquitex BASICS Acrylic Paint, 250ml (8.5-oz) Tube, Titanium White</p><p>$9.99 ($1.18 / Fl Oz)</p><a href="https://www.amazon.com/dp/B002665SYY?tag=eloabder-20&linkCode=osi&th=1&psc=1">View Product</a></div>
<div class="product"><a href="https://www.amazon.com/dp/B0CC98XLGL?tag=eloabder-20&linkCode=osi&th=1&psc=1"><img src="https://m.media-amazon.com/images/I/51ZLw+nThiL._SL500_.jpg" alt="Product Image"></a><p>HUIRUSO 4 Pack Double Sided Tape Roller, Scrapbook Supplies, Glue Tape Roller for Crafts, Double-Sided Adhesive Tape Runner for Scrapbooking, School Office Journaling Supplies (0.31 in X 26.25 ft)</p><p>$6.99 ($1.75 / Count)</p><a href="https://www.amazon.com/dp/B0CC98XLGL?tag=eloabder-20&linkCode=osi&th=1&psc=1">View Product</a></div><div class="product"><a href="https://www.amazon.com/dp/B007XAAE6K?tag=eloabder-20&linkCode=osi&th=1&psc=1"><img src="https://m.media-amazon.com/images/I/414qxYVR0wL._SL500_.jpg" alt="Product Image"></a><p>Scotch Double Sided Tape Runner, 1-Pack, 0.27 in x 26 ft., Perfect for Holiday Crafts, Gifts, and More</p><p>$4.47</p><a href="https://www.amazon.com/dp/B007XAAE6K?tag=eloabder-20&linkCode=osi&th=1&psc=1">View Product</a></div><div class="product"><a href="https://www.amazon.com/dp/B0BZVGPFSK?tag=eloabder-20&linkCode=osi&th=1&psc=1"><img src="https://m.media-amazon.com/images/I/51-ue9+7JkL._SL500_.jpg" alt="Product Image"></a><p>Birllaid Double Sided Tape for Walls, Picture Hanging Strips Removable Mounting Dots Adhesive Heavy Duty, Removable for Art Craft, Decoration, Party Supplies, Multipurpose</p><p>$11.99</p><a href="https://www.amazon.com/dp/B0BZVGPFSK?tag=eloabder-20&linkCode=osi&th=1&psc=1">View Product</a></div><div class="product"><a href="https://www.amazon.com/dp/B0CGVN9SL1?tag=eloabder-20&linkCode=osi&th=1&psc=1"><img src="https://m.media-amazon.com/images/I/41Hy+i4CnoL._SL500_.jpg" alt="Product Image"></a><p>30Ft x 1 Inch Hook and Loop Strips with Adhesive,Double Rolls of Heavy Duty Self Adhesive Tape with Backing, Nylon Self Adhesive Tape for Home Office School and Crafting,White</p><p>$9.99</p><a href="https://www.amazon.com/dp/B0CGVN9SL1?tag=eloabder-20&linkCode=osi&th=1&psc=1">View Product</a></div><div class="product"><a href="https://www.amazon.com/dp/B07Y3VDPLF?tag=eloabder-20&linkCode=osi&th=1&psc=1"><img src="https://m.media-amazon.com/images/I/41cyKQ2OMuL._SL500_.jpg" alt="Product Image"></a><p>Melsan 1x4 inch Hook and Loop Strips with Adhesive - 15 Sets, Strong Back Adhesive Fasten Mounting Tape for Home or Office Use - Instead of Holes and Screws, Black</p><p>$7.82</p><a href="https://www.amazon.com/dp/B07Y3VDPLF?tag=eloabder-20&linkCode=osi&th=1&psc=1">View Product</a></div><div class="product"><a href="https://www.amazon.com/dp/B07V57VJT5?tag=eloabder-20&linkCode=osi&th=1&psc=1"><img src="https://m.media-amazon.com/images/I/514JO3bvl3L._SL500_.jpg" alt="Product Image"></a><p>XFasten Adhesive Roller for Scrapbooking, 8mm x 30ft 4-Pack Double Sided Glue Tape Roller, Scrapbook Supplies for Adults, Photo Tape for Scrapbooking</p><p>$9.99 ($2.50 / Count)</p><a href="https://www.amazon.com/dp/B07V57VJT5?tag=eloabder-20&linkCode=osi&th=1&psc=1">View Product</a></div><div class="product"><a href="https://www.amazon.com/dp/B07JLTGQHX?tag=eloabder-20&linkCode=osi&th=1&psc=1"><img src="https://m.media-amazon.com/images/I/51Eqfo7kUZL._SL500_.jpg" alt="Product Image"></a><p>UPINS 120 Pack Double Sided Foam Tape Square Self-Adhesive Foam Tape Black Strong Tape Pads for DIY Art Crafts Supplies</p><p>$9.99 ($0.08 / Count)</p><a href="https://www.amazon.com/dp/B07JLTGQHX?tag=eloabder-20&linkCode=osi&th=1&psc=1">View Product</a></div><div class="product"><a href="https://www.amazon.com/dp/B005FM6XF4?tag=eloabder-20&linkCode=osi&th=1&psc=1"><img src="https://m.media-amazon.com/images/I/51-vp1WJ89L._SL500_.jpg" alt="Product Image"></a><p>AdTech 5603 Permanent Crafter's Tape, 0.31" x 315", Pack of 4</p><p>$7.84 ($0.07 / Foot)</p><a href="https://www.amazon.com/dp/B005FM6XF4?tag=eloabder-20&linkCode=osi&th=1&psc=1">View Product</a></div><div class="product"><a href="https://www.amazon.com/dp/B0CJF1FLFJ?tag=eloabder-20&linkCode=osi&th=1&psc=1"><img src="https://m.media-amazon.com/images/I/51dig1RqzdL._SL500_.jpg" alt="Product Image"></a><p>UPINS 150Pack Double Sided Foam Tape Strong Sticky Double Sided Foam Pads for Crafts Self-Adhesive Mounting Foam Tape Heavy Duty for Home Wall Decor 40 * 40 * 2mm</p><p>$8.99 ($0.06 / Count)</p><a href="https://www.amazon.com/dp/B0CJF1FLFJ?tag=eloabder-20&linkCode=osi&th=1&psc=1">View Product</a></div><div class="product"><a href="https://www.amazon.com/dp/B0D4YWRGCL?tag=eloabder-20&linkCode=osi&th=1&psc=1"><img src="https://m.media-amazon.com/images/I/41EqJ553-KL._SL500_.jpg" alt="Product Image"></a><p>Amanbo Glue Tape for Scrapbooking, 6 Pack Scrapbook Tape, Double Sided Tape Roller for Crafts, Total 120 Ft x 0.24 in Tape Runner, Craft Supplies for Scrapbooking, Gift Wrapping and Photo Tape</p><p>$6.99</p><a href="https://www.amazon.com/dp/B0D4YWRGCL?tag=eloabder-20&linkCode=osi&th=1&psc=1">View Product</a></div>
<div class="product"><a href="https://www.amazon.com/dp/B0CC5HPPTN?tag=eloabder-20&linkCode=osi&th=1&psc=1"><img src="https://m.media-amazon.com/images/I/519M81S201L._SL500_.jpg" alt="Product Image"></a><p>Airbrush Paint - 30 Colors with 3 Thinner, Ready to Spray Airbrush Paint Set, Water-Based Acrylic Air brush Paints for Metal, Plastic Models, Canvas, Wood, 20ml/Bottle</p><p>$32.99 ($1.48 / Fl Oz)</p><a href="https://www.amazon.com/dp/B0CC5HPPTN?tag=eloabder-20&linkCode=osi&th=1&psc=1">View Product</a></div>
<div class="product"><a href="https://www.amazon.com/dp/B0CXPSGK36?tag=eloabder-20&linkCode=osi&th=1&psc=1"><img src="https://m.media-amazon.com/images/I/51dd2dYOtrL._SL500_.jpg" alt="Product Image"></a><p>Letter Stickers 30 Sheets 1500 PCS Large Alphabet Sticker 2 Inch Vinyl Self Adhesive Stick on Stickers for Water Bottles Cup Mailbox Number Address Craft Scrapbooking Bulletin Board Decor Multicolor</p><p>$9.99</p><a href="https://www.amazon.com/dp/B0CXPSGK36?tag=eloabder-20&linkCode=osi&th=1&psc=1">View Product</a></div><div class="product"><a href="https://www.amazon.com/dp/B07NNYFMGY?tag=eloabder-20&linkCode=osi&th=1&psc=1"><img src="https://m.media-amazon.com/images/I/51yDnU+gEXL._SL500_.jpg" alt="Product Image"></a><p>20 Sheets Alphabet Letter Stickers 10 Colors Self Adhesive Sticker Colorful PU Material Convex Feeling (Colored Letter Stickers 1)</p><p>$6.99 ($0.35 / Count)</p><a href="https://www.amazon.com/dp/B07NNYFMGY?tag=eloabder-20&linkCode=osi&th=1&psc=1">View Product</a></div>

<div class="product"><a href="https://www.amazon.com/dp/B01DDN8854?tag=eloabder-20&linkCode=osi&th=1&psc=1"><img src="https://m.media-amazon.com/images/I/61dPubDZBSL._SL500_.jpg" alt="Product Image"></a><p>Hugs 'n Kisses HNKHABY13 Applique Paper (20 Pack)</p><p>$19.72 ($0.99 / Count)</p><a href="https://www.amazon.com/dp/B01DDN8854?tag=eloabder-20&linkCode=osi&th=1&psc=1">View Product</a></div>
<div class="product"><a href="https://www.amazon.com/dp/B09KPNFJW1?tag=eloabder-20&linkCode=osi&th=1&psc=1"><img src="https://m.media-amazon.com/images/I/41abn5fELmL._SL500_.jpg" alt="Product Image"></a><p>UniPleased Disposable Aprons (50 Count), Plastic apron for Painting Party, Cooking, Housework, Picnic etc.</p><p>$5.69</p><a href="https://www.amazon.com/dp/B09KPNFJW1?tag=eloabder-20&linkCode=osi&th=1&psc=1">View Product</a></div>
<div class="product"><a href="https://www.amazon.com/dp/B087M21MM2?tag=eloabder-20&linkCode=osi&th=1&psc=1"><img src="https://m.media-amazon.com/images/I/41Xf-jehhLL._SL500_.jpg" alt="Product Image"></a><p>GOTIDEAL Stretched Canvas, Multi Pack 4x4, 5x7, 8x10,9x12, 11x14 Set of 10, Primed White - 100% Cotton Artist Canvas Boards for Painting, Acrylic Pouring, Oil Paint Dry & Wet Art Media</p><p>$24.99</p><a href="https://www.amazon.com/dp/B087M21MM2?tag=eloabder-20&linkCode=osi&th=1&psc=1">View Product</a></div><div class="product"><a href="https://www.amazon.com/dp/B00OQJYISG?tag=eloabder-20&linkCode=osi&th=1&psc=1"><img src="https://m.media-amazon.com/images/I/31fEDLPkkcL._SL500_.jpg" alt="Product Image"></a><p>6 Count 12” x 16” Super Value Canvas by Artist's Loft Necessities - Acid Free Cotton Canvas for Paint, Acrylic, & Oils - 1 Pack</p><p>$19.99</p><a href="https://www.amazon.com/dp/B00OQJYISG?tag=eloabder-20&linkCode=osi&th=1&psc=1">View Product</a></div><div class="product"><a href="https://www.amazon.com/dp/B09CDKB9HY?tag=eloabder-20&linkCode=osi&th=1&psc=1"><img src="https://m.media-amazon.com/images/I/51+p5xnClGL._SL500_.jpg" alt="Product Image"></a><p>DPDIAN Canvas Boards for Painting 40 Pack, 8 inch x 10 inch Super Value Pack, Artist Canvas Panels for Oil & Acrylic Painting</p><p>$29.99</p><a href="https://www.amazon.com/dp/B09CDKB9HY?tag=eloabder-20&linkCode=osi&th=1&psc=1">View Product</a></div><div class="product"><a href="https://www.amazon.com/dp/B0CFBGP29G?tag=eloabder-20&linkCode=osi&th=1&psc=1"><img src="https://m.media-amazon.com/images/I/3147Az5plbL._SL500_.jpg" alt="Product Image"></a><p>ArtSkills Stretched Canvases for Painting, 12x16 Canvas Painting Supplies for Artists, Blank Canvas Pack, 2-Pack</p><p>$16.99</p><a href="https://www.amazon.com/dp/B0CFBGP29G?tag=eloabder-20&linkCode=osi&th=1&psc=1">View Product</a></div><div class="product"><a href="https://www.amazon.com/dp/B07BNGQ1SS?tag=eloabder-20&linkCode=osi&th=1&psc=1"><img src="https://m.media-amazon.com/images/I/410ZVtygUwS._SL500_.jpg" alt="Product Image"></a><p>PHOENIX Stretched Canvas for Painting 8x10 Inch/10 Value Pack, 8 Oz Triple Primed 5/8 Inch Profile 100% Cotton White Blank Canvas, Artist Framed Canvas for Oil Acrylic & Pouring Art</p><p>$22.99</p><a href="https://www.amazon.com/dp/B07BNGQ1SS?tag=eloabder-20&linkCode=osi&th=1&psc=1">View Product</a></div><div class="product"><a href="https://www.amazon.com/dp/B0922JP1H4?tag=eloabder-20&linkCode=osi&th=1&psc=1"><img src="https://m.media-amazon.com/images/I/41BmiEND1KL._SL500_.jpg" alt="Product Image"></a><p>GOTIDEAL Canvases for Painting, 18 Pack Canvas Boards Multipack 4x4, 5x7, 8x10, 9x12,11x14,Primed White Blank Artist Canvas Variety Pack for Acrylic Paint, Oil Paint, Watercolor, Gouache</p><p>$19.99</p><a href="https://www.amazon.com/dp/B0922JP1H4?tag=eloabder-20&linkCode=osi&th=1&psc=1">View Product</a></div>


<div class="product"><a href="https://www.amazon.com/dp/B0872VFHBH?tag=eloabder-20&linkCode=osi&th=1&psc=1"><img src="https://m.media-amazon.com/images/I/51k3bekQheS._SL500_.jpg" alt="Product Image"></a><p>Bachmore Drawing Pad 9X12 Inch (110lb/180g), 60 Sheets, Top Spiral Bound Multi-Media for Artist Pro & Amateurs | Acrylic Art, Ink, Paint, Oil Pastels,Watercolor Mixed Media Sketch</p><p>$11.99</p><a href="https://www.amazon.com/dp/B0872VFHBH?tag=eloabder-20&linkCode=osi&th=1&psc=1">View Product</a></div><div class="product"><a href="https://www.amazon.com/dp/B0027A75A4?tag=eloabder-20&linkCode=osi&th=1&psc=1"><img src="https://m.media-amazon.com/images/I/51dyOxxcgYL._SL500_.jpg" alt="Product Image"></a><p>Strathmore 200 Series Sketch Pad, 9x12 inch, 100 Sheets, Tape Bound - Artist Sketchbook for Drawing, Illustration, Art Class Students</p><p>$6.99 ($0.07 / Count)</p><a href="https://www.amazon.com/dp/B0027A75A4?tag=eloabder-20&linkCode=osi&th=1&psc=1">View Product</a></div><div class="product"><a href="https://www.amazon.com/dp/B0BV13YQKX?tag=eloabder-20&linkCode=osi&th=1&psc=1"><img src="https://m.media-amazon.com/images/I/41VYfMpvXUL._SL500_.jpg" alt="Product Image"></a><p>Canson Graduate Watercolor Pad, Foldover, 9x12 inch, 20 Sheets | Artist Paper for Adults and Students - Painting, Gouache, Mixed Media and Ink</p><p>$4.97 ($0.41 / Count)</p><a href="https://www.amazon.com/dp/B0BV13YQKX?tag=eloabder-20&linkCode=osi&th=1&psc=1">View Product</a></div><div class="product"><a href="https://www.amazon.com/dp/B0024KMQ6K?tag=eloabder-20&linkCode=osi&th=1&psc=1"><img src="https://m.media-amazon.com/images/I/51sYdvPPUCL._SL500_.jpg" alt="Product Image"></a><p>Strathmore 400 Series Pastel Pad, Assorted Colors, 9"x12" Glue Bound, 24 Sheets</p><p>$9.11</p><a href="https://www.amazon.com/dp/B0024KMQ6K?tag=eloabder-20&linkCode=osi&th=1&psc=1">View Product</a></div><div class="product"><a href="https://www.amazon.com/dp/B00246O6PI?tag=eloabder-20&linkCode=osi&th=1&psc=1"><img src="https://m.media-amazon.com/images/I/517TUmckOIL._SL500_.jpg" alt="Product Image"></a><p>Strathmore 300 Series Drawing Paper Pad, Top Wire Bound, 11x14 inches, 50 Sheets (70lb/114g) - Artist Paper for Adults and Students - Charcoal, Colored Pencil, Ink, Pastel, Marker</p><p>$13.33</p><a href="https://www.amazon.com/dp/B00246O6PI?tag=eloabder-20&linkCode=osi&th=1&psc=1">View Product</a></div>
<div class="product"><a href="https://www.amazon.com/dp/B08ZMH7LJY?tag=eloabder-20&linkCode=osi&th=1&psc=1"><img src="https://m.media-amazon.com/images/I/51mJIsLJA-S._SL500_.jpg" alt="Product Image"></a><p>PANDAFLY Professional Drawing Sketching Pencil Set - 12 Pieces Graphite Pencils(14B - 2H), Ideal for Drawing Art, Sketching, Shading, Artist Pencils for Beginners & Pro Artists</p><p>$5.11</p><a href="https://www.amazon.com/dp/B08ZMH7LJY?tag=eloabder-20&linkCode=osi&th=1&psc=1">View Product</a></div><div class="product"><a href="https://www.amazon.com/dp/B088K1G5NL?tag=eloabder-20&linkCode=osi&th=1&psc=1"><img src="https://m.media-amazon.com/images/I/51F2bOMZWnL._SL500_.jpg" alt="Product Image"></a><p>MARKART Professional Drawing Sketching Pencil Set - 14 Pieces,Graphite,(12B - 4H), Ideal for Drawing Art, Sketching, Shading, Artist Pencils for Beginners & Pro Artists</p><p>$5.24</p><a href="https://www.amazon.com/dp/B088K1G5NL?tag=eloabder-20&linkCode=osi&th=1&psc=1">View Product</a></div><div class="product"><a href="https://www.amazon.com/dp/B08FHMRW4L?tag=eloabder-20&linkCode=osi&th=1&psc=1"><img src="https://m.media-amazon.com/images/I/51Pmn5gjyzL._SL500_.jpg" alt="Product Image"></a><p>Mr. Pen- Sketch Pencils for Drawing, 14 Pack, Drawing Pencils, Art Pencils, Graphite Pencils, Graphite Pencils for Drawing, Art Pencils for Drawing and Shading</p><p>$5.95</p><a href="https://www.amazon.com/dp/B08FHMRW4L?tag=eloabder-20&linkCode=osi&th=1&psc=1">View Product</a></div><div class="product"><a href="https://www.amazon.com/dp/B0BNQ58DC4?tag=eloabder-20&linkCode=osi&th=1&psc=1"><img src="https://m.media-amazon.com/images/I/51e-gQtCcCL._SL500_.jpg" alt="Product Image"></a><p>MARTCOLOR Drawing Sketching Pencils Set, 12 Pack Graphite Pencils(14B - 2H), Ideal for Drawing Art, Sketching, Shading, Artist Pencils for Beginners & Pro Artists</p><p>$5.99</p><a href="https://www.amazon.com/dp/B0BNQ58DC4?tag=eloabder-20&linkCode=osi&th=1&psc=1">View Product</a></div>

<div class="product"><a href="https://www.amazon.com/dp/B0851M3749?tag=eloabder-20&linkCode=osi&th=1&psc=1"><img src="https://m.media-amazon.com/images/I/41KKSGSDl5L._SL500_.jpg" alt="Product Image"></a><p>N NOROCME 12 PCS Blending Stumps and Tortillions Paper Art Blenders with Sandpaper Pencil Sharpener Pointer for Student Artist Charcoal Sketch Drawing Tools</p><p>$4.99</p><a href="https://www.amazon.com/dp/B0851M3749?tag=eloabder-20&linkCode=osi&th=1&psc=1">View Product</a></div><div class="product"><a href="https://www.amazon.com/dp/B09J3HKN8F?tag=eloabder-20&linkCode=osi&th=1&psc=1"><img src="https://m.media-amazon.com/images/I/51Qvx81eQLL._SL500_.jpg" alt="Product Image"></a><p>Eraser Pencils Set for Artists, Wooden Sketch Eraser Pen for Charcoal Drawings, Professional Highlight Painting Eraser for Sketching, Revise Erasing Details for Students Limner</p><p>$6.99</p><a href="https://www.amazon.com/dp/B09J3HKN8F?tag=eloabder-20&linkCode=osi&th=1&psc=1">View Product</a></div>



<div class="product"><a href="https://www.amazon.com/dp/B0D3HPD7WP?tag=eloabder-20&linkCode=osi&th=1&psc=1"><img src="https://m.media-amazon.com/images/I/31KSmmAWUWL._SL500_.jpg" alt="Product Image"></a><p>50 Sheets Grey Cardstock Paper, Colored Printer Paper 8.5 x 11, Thick Construction Paper for Cards Making, Scrapbook，Office Printing, Invitations, Certificates，DIY Crafting 92 lb/250gsm</p><p>$9.99</p><a href="https://www.amazon.com/dp/B0D3HPD7WP?tag=eloabder-20&linkCode=osi&th=1&psc=1">View Product</a></div>
<div class="product"><a href="https://www.amazon.com/dp/B076CP6F36?tag=eloabder-20&linkCode=osi&th=1&psc=1"><img src="https://m.media-amazon.com/images/I/51rfEIvgI+L._SL500_.jpg" alt="Product Image"></a><p>Apple Barrel, Vibrant Spectrum Collection Acrylic Craft Paint, PROMOABIII, 2 fl oz each, 16 assorted matte colors, 16 count</p><p>$15.97 ($0.50 / Fl Oz)</p><a href="https://www.amazon.com/dp/B076CP6F36?tag=eloabder-20&linkCode=osi&th=1&psc=1">View Product</a></div><div class="product"><a href="https://www.amazon.com/dp/B0BKFLSYQF?tag=eloabder-20&linkCode=osi&th=1&psc=1"><img src="https://m.media-amazon.com/images/I/51a0PmPRknL._SL500_.jpg" alt="Product Image"></a><p>72 Pack Acrylic Paint Set, Shuttle Art 60 Colors Acrylic Paint Including Extra White Black & 12 Brushes, 2oz/60ml, Rich Pigmented, Water Proof, Ideal for Artists, Beginners on Canvas Rock Wood Ceramic</p><p>$45.99 ($23.00 / Fl Oz)</p><a href="https://www.amazon.com/dp/B0BKFLSYQF?tag=eloabder-20&linkCode=osi&th=1&psc=1">View Product</a></div><div class="product"><a href="https://www.amazon.com/dp/B08CB3JH79?tag=eloabder-20&linkCode=osi&th=1&psc=1"><img src="https://m.media-amazon.com/images/I/51OUZsFdnTL._SL500_.jpg" alt="Product Image"></a><p>Acrylic Paint Set of 36 Colors 2fl oz 60ml Bottles,Non Toxic 36 Colors Acrylic Paint No Fading Rich Pigment for Kids Adults Artists Canvas Crafts Wood Painting</p><p>$32.99 ($0.46 / Fl Oz)</p><a href="https://www.amazon.com/dp/B08CB3JH79?tag=eloabder-20&linkCode=osi&th=1&psc=1">View Product</a></div><div class="product"><a href="https://www.amazon.com/dp/B0018NBVKQ?tag=eloabder-20&linkCode=osi&th=1&psc=1"><img src="https://m.media-amazon.com/images/I/31YlSvZMTCL._SL500_.jpg" alt="Product Image"></a><p>Apple Barrel Acrylic Paint in Assorted Colors (8 Ounce), 20403 White</p><p>$2.67 ($0.33 / Fl Oz)</p><a href="https://www.amazon.com/dp/B0018NBVKQ?tag=eloabder-20&linkCode=osi&th=1&psc=1">View Product</a></div><div class="product"><a href="https://www.amazon.com/dp/B077WSBLZ1?tag=eloabder-20&linkCode=osi&th=1&psc=1"><img src="https://m.media-amazon.com/images/I/51KPkXpLn1L._SL500_.jpg" alt="Product Image"></a><p>Shuttle Art Acrylic Paint Set, 30 x12ml Tubes Artist Quality Non Toxic Rich Pigments Colors Great for Kids Adults Professional Painting on Rocks Canvas Wood Clay Fabric Ceramic Crafts</p><p>$12.99 ($1.08 / Fl Oz)</p><a href="https://www.amazon.com/dp/B077WSBLZ1?tag=eloabder-20&linkCode=osi&th=1&psc=1">View Product</a></div><div class="product"><a href="https://www.amazon.com/dp/B00889Z5Y6?tag=eloabder-20&linkCode=osi&th=1&psc=1"><img src="https://m.media-amazon.com/images/I/41MQjsyDbSL._SL500_.jpg" alt="Product Image"></a><p>Apple Barrel Acrylic Paint in Assorted Colors (2 oz), 20764, Apricot</p><p>$0.58 ($0.29 / Fl Oz)</p><a href="https://www.amazon.com/dp/B00889Z5Y6?tag=eloabder-20&linkCode=osi&th=1&psc=1">View Product</a></div><div class="product"><a href="https://www.amazon.com/dp/B09TWQD5ZL?tag=eloabder-20&linkCode=osi&th=1&psc=1"><img src="https://m.media-amazon.com/images/I/41B0L003QXL._SL500_.jpg" alt="Product Image"></a><p>Artkey Acrylic Paint Set - 24 colors 2 oz/59 ml Acrylic Paints Professional Artists Painting Kit for Canvases Fabric Rock Leather Easter Egg Wood Ceramic Glass Art Craft Painting</p><p>$19.99 ($0.42 / Fl Oz)</p><a href="https://www.amazon.com/dp/B09TWQD5ZL?tag=eloabder-20&linkCode=osi&th=1&psc=1">View Product</a></div><div class="product"><a href="https://www.amazon.com/dp/B07Z93LQDB?tag=eloabder-20&linkCode=osi&th=1&psc=1"><img src="https://m.media-amazon.com/images/I/51veoN6zK0L._SL500_.jpg" alt="Product Image"></a><p>Shuttle Art Acrylic Paint Set, 36 Colors Acrylic Paint with Brushes & Palette, 2oz Bottles, Rich Pigments Non-toxic Paint for Artists Kids & Adults, Art Supplies for Canvas Rock Ceramic Wood Painting</p><p>$27.99</p><a href="https://www.amazon.com/dp/B07Z93LQDB?tag=eloabder-20&linkCode=osi&th=1&psc=1">View Product</a></div><div class="product"><a href="https://www.amazon.com/dp/B002665SYY?tag=eloabder-20&linkCode=osi&th=1&psc=1"><img src="https://m.media-amazon.com/images/I/31sJJeWK6OS._SL500_.jpg" alt="Product Image"></a><p>Liquitex BASICS Acrylic Paint, 250ml (8.5-oz) Tube, Titanium White</p><p>$9.99 ($1.18 / Fl Oz)</p><a href="https://www.amazon.com/dp/B002665SYY?tag=eloabder-20&linkCode=osi&th=1&psc=1">View Product</a></div>
<div class="product"><a href="https://www.amazon.com/dp/B0CC98XLGL?tag=eloabder-20&linkCode=osi&th=1&psc=1"><img src="https://m.media-amazon.com/images/I/51ZLw+nThiL._SL500_.jpg" alt="Product Image"></a><p>HUIRUSO 4 Pack Double Sided Tape Roller, Scrapbook Supplies, Glue Tape Roller for Crafts, Double-Sided Adhesive Tape Runner for Scrapbooking, School Office Journaling Supplies (0.31 in X 26.25 ft)</p><p>$6.99 ($1.75 / Count)</p><a href="https://www.amazon.com/dp/B0CC98XLGL?tag=eloabder-20&linkCode=osi&th=1&psc=1">View Product</a></div><div class="product"><a href="https://www.amazon.com/dp/B007XAAE6K?tag=eloabder-20&linkCode=osi&th=1&psc=1"><img src="https://m.media-amazon.com/images/I/414qxYVR0wL._SL500_.jpg" alt="Product Image"></a><p>Scotch Double Sided Tape Runner, 1-Pack, 0.27 in x 26 ft., Perfect for Holiday Crafts, Gifts, and More</p><p>$4.47</p><a href="https://www.amazon.com/dp/B007XAAE6K?tag=eloabder-20&linkCode=osi&th=1&psc=1">View Product</a></div><div class="product"><a href="https://www.amazon.com/dp/B0BZVGPFSK?tag=eloabder-20&linkCode=osi&th=1&psc=1"><img src="https://m.media-amazon.com/images/I/51-ue9+7JkL._SL500_.jpg" alt="Product Image"></a><p>Birllaid Double Sided Tape for Walls, Picture Hanging Strips Removable Mounting Dots Adhesive Heavy Duty, Removable for Art Craft, Decoration, Party Supplies, Multipurpose</p><p>$11.99</p><a href="https://www.amazon.com/dp/B0BZVGPFSK?tag=eloabder-20&linkCode=osi&th=1&psc=1">View Product</a></div><div class="product"><a href="https://www.amazon.com/dp/B0CGVN9SL1?tag=eloabder-20&linkCode=osi&th=1&psc=1"><img src="https://m.media-amazon.com/images/I/41Hy+i4CnoL._SL500_.jpg" alt="Product Image"></a><p>30Ft x 1 Inch Hook and Loop Strips with Adhesive,Double Rolls of Heavy Duty Self Adhesive Tape with Backing, Nylon Self Adhesive Tape for Home Office School and Crafting,White</p><p>$9.99</p><a href="https://www.amazon.com/dp/B0CGVN9SL1?tag=eloabder-20&linkCode=osi&th=1&psc=1">View Product</a></div><div class="product"><a href="https://www.amazon.com/dp/B07Y3VDPLF?tag=eloabder-20&linkCode=osi&th=1&psc=1"><img src="https://m.media-amazon.com/images/I/41cyKQ2OMuL._SL500_.jpg" alt="Product Image"></a><p>Melsan 1x4 inch Hook and Loop Strips with Adhesive - 15 Sets, Strong Back Adhesive Fasten Mounting Tape for Home or Office Use - Instead of Holes and Screws, Black</p><p>$7.82</p><a href="https://www.amazon.com/dp/B07Y3VDPLF?tag=eloabder-20&linkCode=osi&th=1&psc=1">View Product</a></div><div class="product"><a href="https://www.amazon.com/dp/B07V57VJT5?tag=eloabder-20&linkCode=osi&th=1&psc=1"><img src="https://m.media-amazon.com/images/I/514JO3bvl3L._SL500_.jpg" alt="Product Image"></a><p>XFasten Adhesive Roller for Scrapbooking, 8mm x 30ft 4-Pack Double Sided Glue Tape Roller, Scrapbook Supplies for Adults, Photo Tape for Scrapbooking</p><p>$9.99 ($2.50 / Count)</p><a href="https://www.amazon.com/dp/B07V57VJT5?tag=eloabder-20&linkCode=osi&th=1&psc=1">View Product</a></div><div class="product"><a href="https://www.amazon.com/dp/B07JLTGQHX?tag=eloabder-20&linkCode=osi&th=1&psc=1"><img src="https://m.media-amazon.com/images/I/51Eqfo7kUZL._SL500_.jpg" alt="Product Image"></a><p>UPINS 120 Pack Double Sided Foam Tape Square Self-Adhesive Foam Tape Black Strong Tape Pads for DIY Art Crafts Supplies</p><p>$9.99 ($0.08 / Count)</p><a href="https://www.amazon.com/dp/B07JLTGQHX?tag=eloabder-20&linkCode=osi&th=1&psc=1">View Product</a></div><div class="product"><a href="https://www.amazon.com/dp/B005FM6XF4?tag=eloabder-20&linkCode=osi&th=1&psc=1"><img src="https://m.media-amazon.com/images/I/51-vp1WJ89L._SL500_.jpg" alt="Product Image"></a><p>AdTech 5603 Permanent Crafter's Tape, 0.31" x 315", Pack of 4</p><p>$7.84 ($0.07 / Foot)</p><a href="https://www.amazon.com/dp/B005FM6XF4?tag=eloabder-20&linkCode=osi&th=1&psc=1">View Product</a></div><div class="product"><a href="https://www.amazon.com/dp/B0CJF1FLFJ?tag=eloabder-20&linkCode=osi&th=1&psc=1"><img src="https://m.media-amazon.com/images/I/51dig1RqzdL._SL500_.jpg" alt="Product Image"></a><p>UPINS 150Pack Double Sided Foam Tape Strong Sticky Double Sided Foam Pads for Crafts Self-Adhesive Mounting Foam Tape Heavy Duty for Home Wall Decor 40 * 40 * 2mm</p><p>$8.99 ($0.06 / Count)</p><a href="https://www.amazon.com/dp/B0CJF1FLFJ?tag=eloabder-20&linkCode=osi&th=1&psc=1">View Product</a></div><div class="product"><a href="https://www.amazon.com/dp/B0D4YWRGCL?tag=eloabder-20&linkCode=osi&th=1&psc=1"><img src="https://m.media-amazon.com/images/I/41EqJ553-KL._SL500_.jpg" alt="Product Image"></a><p>Amanbo Glue Tape for Scrapbooking, 6 Pack Scrapbook Tape, Double Sided Tape Roller for Crafts, Total 120 Ft x 0.24 in Tape Runner, Craft Supplies for Scrapbooking, Gift Wrapping and Photo Tape</p><p>$6.99</p><a href="https://www.amazon.com/dp/B0D4YWRGCL?tag=eloabder-20&linkCode=osi&th=1&psc=1">View Product</a></div>
<div class="product"><a href="https://www.amazon.com/dp/B0CC5HPPTN?tag=eloabder-20&linkCode=osi&th=1&psc=1"><img src="https://m.media-amazon.com/images/I/519M81S201L._SL500_.jpg" alt="Product Image"></a><p>Airbrush Paint - 30 Colors with 3 Thinner, Ready to Spray Airbrush Paint Set, Water-Based Acrylic Air brush Paints for Metal, Plastic Models, Canvas, Wood, 20ml/Bottle</p><p>$32.99 ($1.48 / Fl Oz)</p><a href="https://www.amazon.com/dp/B0CC5HPPTN?tag=eloabder-20&linkCode=osi&th=1&psc=1">View Product</a></div>
<div class="product"><a href="https://www.amazon.com/dp/B0CXPSGK36?tag=eloabder-20&linkCode=osi&th=1&psc=1"><img src="https://m.media-amazon.com/images/I/51dd2dYOtrL._SL500_.jpg" alt="Product Image"></a><p>Letter Stickers 30 Sheets 1500 PCS Large Alphabet Sticker 2 Inch Vinyl Self Adhesive Stick on Stickers for Water Bottles Cup Mailbox Number Address Craft Scrapbooking Bulletin Board Decor Multicolor</p><p>$9.99</p><a href="https://www.amazon.com/dp/B0CXPSGK36?tag=eloabder-20&linkCode=osi&th=1&psc=1">View Product</a></div><div class="product"><a href="https://www.amazon.com/dp/B07NNYFMGY?tag=eloabder-20&linkCode=osi&th=1&psc=1"><img src="https://m.media-amazon.com/images/I/51yDnU+gEXL._SL500_.jpg" alt="Product Image"></a><p>20 Sheets Alphabet Letter Stickers 10 Colors Self Adhesive Sticker Colorful PU Material Convex Feeling (Colored Letter Stickers 1)</p><p>$6.99 ($0.35 / Count)</p><a href="https://www.amazon.com/dp/B07NNYFMGY?tag=eloabder-20&linkCode=osi&th=1&psc=1">View Product</a></div>

<div class="product"><a href="https://www.amazon.com/dp/B01DDN8854?tag=eloabder-20&linkCode=osi&th=1&psc=1"><img src="https://m.media-amazon.com/images/I/61dPubDZBSL._SL500_.jpg" alt="Product Image"></a><p>Hugs 'n Kisses HNKHABY13 Applique Paper (20 Pack)</p><p>$19.72 ($0.99 / Count)</p><a href="https://www.amazon.com/dp/B01DDN8854?tag=eloabder-20&linkCode=osi&th=1&psc=1">View Product</a></div>
<div class="product"><a href="https://www.amazon.com/dp/B09KPNFJW1?tag=eloabder-20&linkCode=osi&th=1&psc=1"><img src="https://m.media-amazon.com/images/I/41abn5fELmL._SL500_.jpg" alt="Product Image"></a><p>UniPleased Disposable Aprons (50 Count), Plastic apron for Painting Party, Cooking, Housework, Picnic etc.</p><p>$5.69</p><a href="https://www.amazon.com/dp/B09KPNFJW1?tag=eloabder-20&linkCode=osi&th=1&psc=1">View Product</a></div>
<div class="product"><a href="https://www.amazon.com/dp/B087M21MM2?tag=eloabder-20&linkCode=osi&th=1&psc=1"><img src="https://m.media-amazon.com/images/I/41Xf-jehhLL._SL500_.jpg" alt="Product Image"></a><p>GOTIDEAL Stretched Canvas, Multi Pack 4x4, 5x7, 8x10,9x12, 11x14 Set of 10, Primed White - 100% Cotton Artist Canvas Boards for Painting, Acrylic Pouring, Oil Paint Dry & Wet Art Media</p><p>$24.99</p><a href="https://www.amazon.com/dp/B087M21MM2?tag=eloabder-20&linkCode=osi&th=1&psc=1">View Product</a></div><div class="product"><a href="https://www.amazon.com/dp/B00OQJYISG?tag=eloabder-20&linkCode=osi&th=1&psc=1"><img src="https://m.media-amazon.com/images/I/31fEDLPkkcL._SL500_.jpg" alt="Product Image"></a><p>6 Count 12” x 16” Super Value Canvas by Artist's Loft Necessities - Acid Free Cotton Canvas for Paint, Acrylic, & Oils - 1 Pack</p><p>$19.99</p><a href="https://www.amazon.com/dp/B00OQJYISG?tag=eloabder-20&linkCode=osi&th=1&psc=1">View Product</a></div><div class="product"><a href="https://www.amazon.com/dp/B09CDKB9HY?tag=eloabder-20&linkCode=osi&th=1&psc=1"><img src="https://m.media-amazon.com/images/I/51+p5xnClGL._SL500_.jpg" alt="Product Image"></a><p>DPDIAN Canvas Boards for Painting 40 Pack, 8 inch x 10 inch Super Value Pack, Artist Canvas Panels for Oil & Acrylic Painting</p><p>$29.99</p><a href="https://www.amazon.com/dp/B09CDKB9HY?tag=eloabder-20&linkCode=osi&th=1&psc=1">View Product</a></div><div class="product"><a href="https://www.amazon.com/dp/B0CFBGP29G?tag=eloabder-20&linkCode=osi&th=1&psc=1"><img src="https://m.media-amazon.com/images/I/3147Az5plbL._SL500_.jpg" alt="Product Image"></a><p>ArtSkills Stretched Canvases for Painting, 12x16 Canvas Painting Supplies for Artists, Blank Canvas Pack, 2-Pack</p><p>$16.99</p><a href="https://www.amazon.com/dp/B0CFBGP29G?tag=eloabder-20&linkCode=osi&th=1&psc=1">View Product</a></div><div class="product"><a href="https://www.amazon.com/dp/B07BNGQ1SS?tag=eloabder-20&linkCode=osi&th=1&psc=1"><img src="https://m.media-amazon.com/images/I/410ZVtygUwS._SL500_.jpg" alt="Product Image"></a><p>PHOENIX Stretched Canvas for Painting 8x10 Inch/10 Value Pack, 8 Oz Triple Primed 5/8 Inch Profile 100% Cotton White Blank Canvas, Artist Framed Canvas for Oil Acrylic & Pouring Art</p><p>$22.99</p><a href="https://www.amazon.com/dp/B07BNGQ1SS?tag=eloabder-20&linkCode=osi&th=1&psc=1">View Product</a></div><div class="product"><a href="https://www.amazon.com/dp/B0922JP1H4?tag=eloabder-20&linkCode=osi&th=1&psc=1"><img src="https://m.media-amazon.com/images/I/41BmiEND1KL._SL500_.jpg" alt="Product Image"></a><p>GOTIDEAL Canvases for Painting, 18 Pack Canvas Boards Multipack 4x4, 5x7, 8x10, 9x12,11x14,Primed White Blank Artist Canvas Variety Pack for Acrylic Paint, Oil Paint, Watercolor, Gouache</p><p>$19.99</p><a href="https://www.amazon.com/dp/B0922JP1H4?tag=eloabder-20&linkCode=osi&th=1&psc=1">View Product</a></div>


<div class="product"><a href="https://www.amazon.com/dp/B0872VFHBH?tag=eloabder-20&linkCode=osi&th=1&psc=1"><img src="https://m.media-amazon.com/images/I/51k3bekQheS._SL500_.jpg" alt="Product Image"></a><p>Bachmore Drawing Pad 9X12 Inch (110lb/180g), 60 Sheets, Top Spiral Bound Multi-Media for Artist Pro & Amateurs | Acrylic Art, Ink, Paint, Oil Pastels,Watercolor Mixed Media Sketch</p><p>$11.99</p><a href="https://www.amazon.com/dp/B0872VFHBH?tag=eloabder-20&linkCode=osi&th=1&psc=1">View Product</a></div><div class="product"><a href="https://www.amazon.com/dp/B0027A75A4?tag=eloabder-20&linkCode=osi&th=1&psc=1"><img src="https://m.media-amazon.com/images/I/51dyOxxcgYL._SL500_.jpg" alt="Product Image"></a><p>Strathmore 200 Series Sketch Pad, 9x12 inch, 100 Sheets, Tape Bound - Artist Sketchbook for Drawing, Illustration, Art Class Students</p><p>$6.99 ($0.07 / Count)</p><a href="https://www.amazon.com/dp/B0027A75A4?tag=eloabder-20&linkCode=osi&th=1&psc=1">View Product</a></div><div class="product"><a href="https://www.amazon.com/dp/B0BV13YQKX?tag=eloabder-20&linkCode=osi&th=1&psc=1"><img src="https://m.media-amazon.com/images/I/41VYfMpvXUL._SL500_.jpg" alt="Product Image"></a><p>Canson Graduate Watercolor Pad, Foldover, 9x12 inch, 20 Sheets | Artist Paper for Adults and Students - Painting, Gouache, Mixed Media and Ink</p><p>$4.97 ($0.41 / Count)</p><a href="https://www.amazon.com/dp/B0BV13YQKX?tag=eloabder-20&linkCode=osi&th=1&psc=1">View Product</a></div><div class="product"><a href="https://www.amazon.com/dp/B0024KMQ6K?tag=eloabder-20&linkCode=osi&th=1&psc=1"><img src="https://m.media-amazon.com/images/I/51sYdvPPUCL._SL500_.jpg" alt="Product Image"></a><p>Strathmore 400 Series Pastel Pad, Assorted Colors, 9"x12" Glue Bound, 24 Sheets</p><p>$9.11</p><a href="https://www.amazon.com/dp/B0024KMQ6K?tag=eloabder-20&linkCode=osi&th=1&psc=1">View Product</a></div><div class="product"><a href="https://www.amazon.com/dp/B00246O6PI?tag=eloabder-20&linkCode=osi&th=1&psc=1"><img src="https://m.media-amazon.com/images/I/517TUmckOIL._SL500_.jpg" alt="Product Image"></a><p>Strathmore 300 Series Drawing Paper Pad, Top Wire Bound, 11x14 inches, 50 Sheets (70lb/114g) - Artist Paper for Adults and Students - Charcoal, Colored Pencil, Ink, Pastel, Marker</p><p>$13.33</p><a href="https://www.amazon.com/dp/B00246O6PI?tag=eloabder-20&linkCode=osi&th=1&psc=1">View Product</a></div>
<div class="product"><a href="https://www.amazon.com/dp/B08ZMH7LJY?tag=eloabder-20&linkCode=osi&th=1&psc=1"><img src="https://m.media-amazon.com/images/I/51mJIsLJA-S._SL500_.jpg" alt="Product Image"></a><p>PANDAFLY Professional Drawing Sketching Pencil Set - 12 Pieces Graphite Pencils(14B - 2H), Ideal for Drawing Art, Sketching, Shading, Artist Pencils for Beginners & Pro Artists</p><p>$5.11</p><a href="https://www.amazon.com/dp/B08ZMH7LJY?tag=eloabder-20&linkCode=osi&th=1&psc=1">View Product</a></div><div class="product"><a href="https://www.amazon.com/dp/B088K1G5NL?tag=eloabder-20&linkCode=osi&th=1&psc=1"><img src="https://m.media-amazon.com/images/I/51F2bOMZWnL._SL500_.jpg" alt="Product Image"></a><p>MARKART Professional Drawing Sketching Pencil Set - 14 Pieces,Graphite,(12B - 4H), Ideal for Drawing Art, Sketching, Shading, Artist Pencils for Beginners & Pro Artists</p><p>$5.24</p><a href="https://www.amazon.com/dp/B088K1G5NL?tag=eloabder-20&linkCode=osi&th=1&psc=1">View Product</a></div><div class="product"><a href="https://www.amazon.com/dp/B08FHMRW4L?tag=eloabder-20&linkCode=osi&th=1&psc=1"><img src="https://m.media-amazon.com/images/I/51Pmn5gjyzL._SL500_.jpg" alt="Product Image"></a><p>Mr. Pen- Sketch Pencils for Drawing, 14 Pack, Drawing Pencils, Art Pencils, Graphite Pencils, Graphite Pencils for Drawing, Art Pencils for Drawing and Shading</p><p>$5.95</p><a href="https://www.amazon.com/dp/B08FHMRW4L?tag=eloabder-20&linkCode=osi&th=1&psc=1">View Product</a></div><div class="product"><a href="https://www.amazon.com/dp/B0BNQ58DC4?tag=eloabder-20&linkCode=osi&th=1&psc=1"><img src="https://m.media-amazon.com/images/I/51e-gQtCcCL._SL500_.jpg" alt="Product Image"></a><p>MARTCOLOR Drawing Sketching Pencils Set, 12 Pack Graphite Pencils(14B - 2H), Ideal for Drawing Art, Sketching, Shading, Artist Pencils for Beginners & Pro Artists</p><p>$5.99</p><a href="https://www.amazon.com/dp/B0BNQ58DC4?tag=eloabder-20&linkCode=osi&th=1&psc=1">View Product</a></div>

<div class="product"><a href="https://www.amazon.com/dp/B0851M3749?tag=eloabder-20&linkCode=osi&th=1&psc=1"><img src="https://m.media-amazon.com/images/I/41KKSGSDl5L._SL500_.jpg" alt="Product Image"></a><p>N NOROCME 12 PCS Blending Stumps and Tortillions Paper Art Blenders with Sandpaper Pencil Sharpener Pointer for Student Artist Charcoal Sketch Drawing Tools</p><p>$4.99</p><a href="https://www.amazon.com/dp/B0851M3749?tag=eloabder-20&linkCode=osi&th=1&psc=1">View Product</a></div><div class="product"><a href="https://www.amazon.com/dp/B09J3HKN8F?tag=eloabder-20&linkCode=osi&th=1&psc=1"><img src="https://m.media-amazon.com/images/I/51Qvx81eQLL._SL500_.jpg" alt="Product Image"></a><p>Eraser Pencils Set for Artists, Wooden Sketch Eraser Pen for Charcoal Drawings, Professional Highlight Painting Eraser for Sketching, Revise Erasing Details for Students Limner</p><p>$6.99</p><a href="https://www.amazon.com/dp/B09J3HKN8F?tag=eloabder-20&linkCode=osi&th=1&psc=1">View Product</a></div>
<div class="product"><a href="https://www.amazon.com/dp/B09WCQ89T8?tag=eloabder-20&linkCode=osi&th=1&psc=1"><img src="https://m.media-amazon.com/images/I/41gZz0qgBFL._SL500_.jpg" alt="Product Image"></a><p>Bernat BABY BLANKET BB Blue Dreams Yarn - 1 Pack of 10.5oz/300g - Polyester - #6 Super Bulky - 220 Yards - Knitting/Crochet</p><p>$6.97</p><a href="https://www.amazon.com/dp/B09WCQ89T8?tag=eloabder-20&linkCode=osi&th=1&psc=1">View Product</a></div><div class="product"><a href="https://www.amazon.com/dp/B07V5JVNFD?tag=eloabder-20&linkCode=osi&th=1&psc=1"><img src="https://m.media-amazon.com/images/I/41IS+HdtiOL._SL500_.jpg" alt="Product Image"></a><p>Lion Brand Yarn Basic Stitch Anti-Pilling Knitting Yarn, Yarn for Crocheting, 1-Pack, Baby Blue</p><p>$8.40 ($0.02 / Foot)</p><a href="https://www.amazon.com/dp/B07V5JVNFD?tag=eloabder-20&linkCode=osi&th=1&psc=1">View Product</a></div><div class="product"><a href="https://www.amazon.com/dp/B01M0AJID2?tag=eloabder-20&linkCode=osi&th=1&psc=1"><img src="https://m.media-amazon.com/images/I/41yVau0AUpL._SL500_.jpg" alt="Product Image"></a><p>Lion Brand Yarn (1 Skein) Lion Brand Yarn Babysoft Baby Yarn Yarn, Little Boy Blue Multicolor</p><p>$7.19 ($0.01 / Foot)</p><a href="https://www.amazon.com/dp/B01M0AJID2?tag=eloabder-20&linkCode=osi&th=1&psc=1">View Product</a></div><div class="product"><a href="https://www.amazon.com/dp/B09W1KHF42?tag=eloabder-20&linkCode=osi&th=1&psc=1"><img src="https://m.media-amazon.com/images/I/41maDlrio5L._SL500_.jpg" alt="Product Image"></a><p>Red Heart Super Saver Light Blue Yarn - 3 Pack of 198g/7oz - Acrylic - 4 Medium (Worsted) - 364 Yards - Knitting/Crochet</p><p>$13.29 ($4.43 / Count)</p><a href="https://www.amazon.com/dp/B09W1KHF42?tag=eloabder-20&linkCode=osi&th=1&psc=1">View Product</a></div><div class="product"><a href="https://www.amazon.com/dp/B08LKVZ3CX?tag=eloabder-20&linkCode=osi&th=1&psc=1"><img src="https://m.media-amazon.com/images/I/41GLizNx8UL._SL500_.jpg" alt="Product Image"></a><p>Bernat Baby Blanket Baby Blue Yarn - 3 Pack of 100g/3.5oz - Polyester - 6 Super Bulky - 72 Yards - Knitting/Crochet</p><p>$21.81</p><a href="https://www.amazon.com/dp/B08LKVZ3CX?tag=eloabder-20&linkCode=osi&th=1&psc=1">View Product</a></div><div class="product"><a href="https://www.amazon.com/dp/B0CHJ95WHJ?tag=eloabder-20&linkCode=osi&th=1&psc=1"><img src="https://m.media-amazon.com/images/I/314E1EQdihL._SL500_.jpg" alt="Product Image"></a><p>NORCIA Soft Velvet Yarn Chenille Yarn for Crocheting Baby Blanket Yarn for Knitting Amigurumi Yarn Fancy Yarn for Crochet Weaving Craft (Baby Blue, 1 Skein)</p><p>$9.99</p><a href="https://www.amazon.com/dp/B0CHJ95WHJ?tag=eloabder-20&linkCode=osi&th=1&psc=1">View Product</a></div>

<div class="product"><a href="https://www.amazon.com/dp/B0D3HPD7WP?tag=eloabder-20&linkCode=osi&th=1&psc=1"><img src="https://m.media-amazon.com/images/I/31KSmmAWUWL._SL500_.jpg" alt="Product Image"></a><p>50 Sheets Grey Cardstock Paper, Colored Printer Paper 8.5 x 11, Thick Construction Paper for Cards Making, Scrapbook，Office Printing, Invitations, Certificates，DIY Crafting 92 lb/250gsm</p><p>$9.99</p><a href="https://www.amazon.com/dp/B0D3HPD7WP?tag=eloabder-20&linkCode=osi&th=1&psc=1">View Product</a></div>
<div class="product"><a href="https://www.amazon.com/dp/B076CP6F36?tag=eloabder-20&linkCode=osi&th=1&psc=1"><img src="https://m.media-amazon.com/images/I/51rfEIvgI+L._SL500_.jpg" alt="Product Image"></a><p>Apple Barrel, Vibrant Spectrum Collection Acrylic Craft Paint, PROMOABIII, 2 fl oz each, 16 assorted matte colors, 16 count</p><p>$15.97 ($0.50 / Fl Oz)</p><a href="https://www.amazon.com/dp/B076CP6F36?tag=eloabder-20&linkCode=osi&th=1&psc=1">View Product</a></div><div class="product"><a href="https://www.amazon.com/dp/B0BKFLSYQF?tag=eloabder-20&linkCode=osi&th=1&psc=1"><img src="https://m.media-amazon.com/images/I/51a0PmPRknL._SL500_.jpg" alt="Product Image"></a><p>72 Pack Acrylic Paint Set, Shuttle Art 60 Colors Acrylic Paint Including Extra White Black & 12 Brushes, 2oz/60ml, Rich Pigmented, Water Proof, Ideal for Artists, Beginners on Canvas Rock Wood Ceramic</p><p>$45.99 ($23.00 / Fl Oz)</p><a href="https://www.amazon.com/dp/B0BKFLSYQF?tag=eloabder-20&linkCode=osi&th=1&psc=1">View Product</a></div><div class="product"><a href="https://www.amazon.com/dp/B08CB3JH79?tag=eloabder-20&linkCode=osi&th=1&psc=1"><img src="https://m.media-amazon.com/images/I/51OUZsFdnTL._SL500_.jpg" alt="Product Image"></a><p>Acrylic Paint Set of 36 Colors 2fl oz 60ml Bottles,Non Toxic 36 Colors Acrylic Paint No Fading Rich Pigment for Kids Adults Artists Canvas Crafts Wood Painting</p><p>$32.99 ($0.46 / Fl Oz)</p><a href="https://www.amazon.com/dp/B08CB3JH79?tag=eloabder-20&linkCode=osi&th=1&psc=1">View Product</a></div><div class="product"><a href="https://www.amazon.com/dp/B0018NBVKQ?tag=eloabder-20&linkCode=osi&th=1&psc=1"><img src="https://m.media-amazon.com/images/I/31YlSvZMTCL._SL500_.jpg" alt="Product Image"></a><p>Apple Barrel Acrylic Paint in Assorted Colors (8 Ounce), 20403 White</p><p>$2.67 ($0.33 / Fl Oz)</p><a href="https://www.amazon.com/dp/B0018NBVKQ?tag=eloabder-20&linkCode=osi&th=1&psc=1">View Product</a></div><div class="product"><a href="https://www.amazon.com/dp/B077WSBLZ1?tag=eloabder-20&linkCode=osi&th=1&psc=1"><img src="https://m.media-amazon.com/images/I/51KPkXpLn1L._SL500_.jpg" alt="Product Image"></a><p>Shuttle Art Acrylic Paint Set, 30 x12ml Tubes Artist Quality Non Toxic Rich Pigments Colors Great for Kids Adults Professional Painting on Rocks Canvas Wood Clay Fabric Ceramic Crafts</p><p>$12.99 ($1.08 / Fl Oz)</p><a href="https://www.amazon.com/dp/B077WSBLZ1?tag=eloabder-20&linkCode=osi&th=1&psc=1">View Product</a></div><div class="product"><a href="https://www.amazon.com/dp/B00889Z5Y6?tag=eloabder-20&linkCode=osi&th=1&psc=1"><img src="https://m.media-amazon.com/images/I/41MQjsyDbSL._SL500_.jpg" alt="Product Image"></a><p>Apple Barrel Acrylic Paint in Assorted Colors (2 oz), 20764, Apricot</p><p>$0.58 ($0.29 / Fl Oz)</p><a href="https://www.amazon.com/dp/B00889Z5Y6?tag=eloabder-20&linkCode=osi&th=1&psc=1">View Product</a></div><div class="product"><a href="https://www.amazon.com/dp/B09TWQD5ZL?tag=eloabder-20&linkCode=osi&th=1&psc=1"><img src="https://m.media-amazon.com/images/I/41B0L003QXL._SL500_.jpg" alt="Product Image"></a><p>Artkey Acrylic Paint Set - 24 colors 2 oz/59 ml Acrylic Paints Professional Artists Painting Kit for Canvases Fabric Rock Leather Easter Egg Wood Ceramic Glass Art Craft Painting</p><p>$19.99 ($0.42 / Fl Oz)</p><a href="https://www.amazon.com/dp/B09TWQD5ZL?tag=eloabder-20&linkCode=osi&th=1&psc=1">View Product</a></div><div class="product"><a href="https://www.amazon.com/dp/B07Z93LQDB?tag=eloabder-20&linkCode=osi&th=1&psc=1"><img src="https://m.media-amazon.com/images/I/51veoN6zK0L._SL500_.jpg" alt="Product Image"></a><p>Shuttle Art Acrylic Paint Set, 36 Colors Acrylic Paint with Brushes & Palette, 2oz Bottles, Rich Pigments Non-toxic Paint for Artists Kids & Adults, Art Supplies for Canvas Rock Ceramic Wood Painting</p><p>$27.99</p><a href="https://www.amazon.com/dp/B07Z93LQDB?tag=eloabder-20&linkCode=osi&th=1&psc=1">View Product</a></div><div class="product"><a href="https://www.amazon.com/dp/B002665SYY?tag=eloabder-20&linkCode=osi&th=1&psc=1"><img src="https://m.media-amazon.com/images/I/31sJJeWK6OS._SL500_.jpg" alt="Product Image"></a><p>Liquitex BASICS Acrylic Paint, 250ml (8.5-oz) Tube, Titanium White</p><p>$9.99 ($1.18 / Fl Oz)</p><a href="https://www.amazon.com/dp/B002665SYY?tag=eloabder-20&linkCode=osi&th=1&psc=1">View Product</a></div>
<div class="product"><a href="https://www.amazon.com/dp/B0CC98XLGL?tag=eloabder-20&linkCode=osi&th=1&psc=1"><img src="https://m.media-amazon.com/images/I/51ZLw+nThiL._SL500_.jpg" alt="Product Image"></a><p>HUIRUSO 4 Pack Double Sided Tape Roller, Scrapbook Supplies, Glue Tape Roller for Crafts, Double-Sided Adhesive Tape Runner for Scrapbooking, School Office Journaling Supplies (0.31 in X 26.25 ft)</p><p>$6.99 ($1.75 / Count)</p><a href="https://www.amazon.com/dp/B0CC98XLGL?tag=eloabder-20&linkCode=osi&th=1&psc=1">View Product</a></div><div class="product"><a href="https://www.amazon.com/dp/B007XAAE6K?tag=eloabder-20&linkCode=osi&th=1&psc=1"><img src="https://m.media-amazon.com/images/I/414qxYVR0wL._SL500_.jpg" alt="Product Image"></a><p>Scotch Double Sided Tape Runner, 1-Pack, 0.27 in x 26 ft., Perfect for Holiday Crafts, Gifts, and More</p><p>$4.47</p><a href="https://www.amazon.com/dp/B007XAAE6K?tag=eloabder-20&linkCode=osi&th=1&psc=1">View Product</a></div><div class="product"><a href="https://www.amazon.com/dp/B0BZVGPFSK?tag=eloabder-20&linkCode=osi&th=1&psc=1"><img src="https://m.media-amazon.com/images/I/51-ue9+7JkL._SL500_.jpg" alt="Product Image"></a><p>Birllaid Double Sided Tape for Walls, Picture Hanging Strips Removable Mounting Dots Adhesive Heavy Duty, Removable for Art Craft, Decoration, Party Supplies, Multipurpose</p><p>$11.99</p><a href="https://www.amazon.com/dp/B0BZVGPFSK?tag=eloabder-20&linkCode=osi&th=1&psc=1">View Product</a></div><div class="product"><a href="https://www.amazon.com/dp/B0CGVN9SL1?tag=eloabder-20&linkCode=osi&th=1&psc=1"><img src="https://m.media-amazon.com/images/I/41Hy+i4CnoL._SL500_.jpg" alt="Product Image"></a><p>30Ft x 1 Inch Hook and Loop Strips with Adhesive,Double Rolls of Heavy Duty Self Adhesive Tape with Backing, Nylon Self Adhesive Tape for Home Office School and Crafting,White</p><p>$9.99</p><a href="https://www.amazon.com/dp/B0CGVN9SL1?tag=eloabder-20&linkCode=osi&th=1&psc=1">View Product</a></div><div class="product"><a href="https://www.amazon.com/dp/B07Y3VDPLF?tag=eloabder-20&linkCode=osi&th=1&psc=1"><img src="https://m.media-amazon.com/images/I/41cyKQ2OMuL._SL500_.jpg" alt="Product Image"></a><p>Melsan 1x4 inch Hook and Loop Strips with Adhesive - 15 Sets, Strong Back Adhesive Fasten Mounting Tape for Home or Office Use - Instead of Holes and Screws, Black</p><p>$7.82</p><a href="https://www.amazon.com/dp/B07Y3VDPLF?tag=eloabder-20&linkCode=osi&th=1&psc=1">View Product</a></div><div class="product"><a href="https://www.amazon.com/dp/B07V57VJT5?tag=eloabder-20&linkCode=osi&th=1&psc=1"><img src="https://m.media-amazon.com/images/I/514JO3bvl3L._SL500_.jpg" alt="Product Image"></a><p>XFasten Adhesive Roller for Scrapbooking, 8mm x 30ft 4-Pack Double Sided Glue Tape Roller, Scrapbook Supplies for Adults, Photo Tape for Scrapbooking</p><p>$9.99 ($2.50 / Count)</p><a href="https://www.amazon.com/dp/B07V57VJT5?tag=eloabder-20&linkCode=osi&th=1&psc=1">View Product</a></div><div class="product"><a href="https://www.amazon.com/dp/B07JLTGQHX?tag=eloabder-20&linkCode=osi&th=1&psc=1"><img src="https://m.media-amazon.com/images/I/51Eqfo7kUZL._SL500_.jpg" alt="Product Image"></a><p>UPINS 120 Pack Double Sided Foam Tape Square Self-Adhesive Foam Tape Black Strong Tape Pads for DIY Art Crafts Supplies</p><p>$9.99 ($0.08 / Count)</p><a href="https://www.amazon.com/dp/B07JLTGQHX?tag=eloabder-20&linkCode=osi&th=1&psc=1">View Product</a></div><div class="product"><a href="https://www.amazon.com/dp/B005FM6XF4?tag=eloabder-20&linkCode=osi&th=1&psc=1"><img src="https://m.media-amazon.com/images/I/51-vp1WJ89L._SL500_.jpg" alt="Product Image"></a><p>AdTech 5603 Permanent Crafter's Tape, 0.31" x 315", Pack of 4</p><p>$7.84 ($0.07 / Foot)</p><a href="https://www.amazon.com/dp/B005FM6XF4?tag=eloabder-20&linkCode=osi&th=1&psc=1">View Product</a></div><div class="product"><a href="https://www.amazon.com/dp/B0CJF1FLFJ?tag=eloabder-20&linkCode=osi&th=1&psc=1"><img src="https://m.media-amazon.com/images/I/51dig1RqzdL._SL500_.jpg" alt="Product Image"></a><p>UPINS 150Pack Double Sided Foam Tape Strong Sticky Double Sided Foam Pads for Crafts Self-Adhesive Mounting Foam Tape Heavy Duty for Home Wall Decor 40 * 40 * 2mm</p><p>$8.99 ($0.06 / Count)</p><a href="https://www.amazon.com/dp/B0CJF1FLFJ?tag=eloabder-20&linkCode=osi&th=1&psc=1">View Product</a></div><div class="product"><a href="https://www.amazon.com/dp/B0D4YWRGCL?tag=eloabder-20&linkCode=osi&th=1&psc=1"><img src="https://m.media-amazon.com/images/I/41EqJ553-KL._SL500_.jpg" alt="Product Image"></a><p>Amanbo Glue Tape for Scrapbooking, 6 Pack Scrapbook Tape, Double Sided Tape Roller for Crafts, Total 120 Ft x 0.24 in Tape Runner, Craft Supplies for Scrapbooking, Gift Wrapping and Photo Tape</p><p>$6.99</p><a href="https://www.amazon.com/dp/B0D4YWRGCL?tag=eloabder-20&linkCode=osi&th=1&psc=1">View Product</a></div>
<div class="product"><a href="https://www.amazon.com/dp/B0CC5HPPTN?tag=eloabder-20&linkCode=osi&th=1&psc=1"><img src="https://m.media-amazon.com/images/I/519M81S201L._SL500_.jpg" alt="Product Image"></a><p>Airbrush Paint - 30 Colors with 3 Thinner, Ready to Spray Airbrush Paint Set, Water-Based Acrylic Air brush Paints for Metal, Plastic Models, Canvas, Wood, 20ml/Bottle</p><p>$32.99 ($1.48 / Fl Oz)</p><a href="https://www.amazon.com/dp/B0CC5HPPTN?tag=eloabder-20&linkCode=osi&th=1&psc=1">View Product</a></div>
<div class="product"><a href="https://www.amazon.com/dp/B0CXPSGK36?tag=eloabder-20&linkCode=osi&th=1&psc=1"><img src="https://m.media-amazon.com/images/I/51dd2dYOtrL._SL500_.jpg" alt="Product Image"></a><p>Letter Stickers 30 Sheets 1500 PCS Large Alphabet Sticker 2 Inch Vinyl Self Adhesive Stick on Stickers for Water Bottles Cup Mailbox Number Address Craft Scrapbooking Bulletin Board Decor Multicolor</p><p>$9.99</p><a href="https://www.amazon.com/dp/B0CXPSGK36?tag=eloabder-20&linkCode=osi&th=1&psc=1">View Product</a></div><div class="product"><a href="https://www.amazon.com/dp/B07NNYFMGY?tag=eloabder-20&linkCode=osi&th=1&psc=1"><img src="https://m.media-amazon.com/images/I/51yDnU+gEXL._SL500_.jpg" alt="Product Image"></a><p>20 Sheets Alphabet Letter Stickers 10 Colors Self Adhesive Sticker Colorful PU Material Convex Feeling (Colored Letter Stickers 1)</p><p>$6.99 ($0.35 / Count)</p><a href="https://www.amazon.com/dp/B07NNYFMGY?tag=eloabder-20&linkCode=osi&th=1&psc=1">View Product</a></div>

<div class="product"><a href="https://www.amazon.com/dp/B01DDN8854?tag=eloabder-20&linkCode=osi&th=1&psc=1"><img src="https://m.media-amazon.com/images/I/61dPubDZBSL._SL500_.jpg" alt="Product Image"></a><p>Hugs 'n Kisses HNKHABY13 Applique Paper (20 Pack)</p><p>$19.72 ($0.99 / Count)</p><a href="https://www.amazon.com/dp/B01DDN8854?tag=eloabder-20&linkCode=osi&th=1&psc=1">View Product</a></div>
<div class="product"><a href="https://www.amazon.com/dp/B09KPNFJW1?tag=eloabder-20&linkCode=osi&th=1&psc=1"><img src="https://m.media-amazon.com/images/I/41abn5fELmL._SL500_.jpg" alt="Product Image"></a><p>UniPleased Disposable Aprons (50 Count), Plastic apron for Painting Party, Cooking, Housework, Picnic etc.</p><p>$5.69</p><a href="https://www.amazon.com/dp/B09KPNFJW1?tag=eloabder-20&linkCode=osi&th=1&psc=1">View Product</a></div>
<div class="product"><a href="https://www.amazon.com/dp/B087M21MM2?tag=eloabder-20&linkCode=osi&th=1&psc=1"><img src="https://m.media-amazon.com/images/I/41Xf-jehhLL._SL500_.jpg" alt="Product Image"></a><p>GOTIDEAL Stretched Canvas, Multi Pack 4x4, 5x7, 8x10,9x12, 11x14 Set of 10, Primed White - 100% Cotton Artist Canvas Boards for Painting, Acrylic Pouring, Oil Paint Dry & Wet Art Media</p><p>$24.99</p><a href="https://www.amazon.com/dp/B087M21MM2?tag=eloabder-20&linkCode=osi&th=1&psc=1">View Product</a></div><div class="product"><a href="https://www.amazon.com/dp/B00OQJYISG?tag=eloabder-20&linkCode=osi&th=1&psc=1"><img src="https://m.media-amazon.com/images/I/31fEDLPkkcL._SL500_.jpg" alt="Product Image"></a><p>6 Count 12” x 16” Super Value Canvas by Artist's Loft Necessities - Acid Free Cotton Canvas for Paint, Acrylic, & Oils - 1 Pack</p><p>$19.99</p><a href="https://www.amazon.com/dp/B00OQJYISG?tag=eloabder-20&linkCode=osi&th=1&psc=1">View Product</a></div><div class="product"><a href="https://www.amazon.com/dp/B09CDKB9HY?tag=eloabder-20&linkCode=osi&th=1&psc=1"><img src="https://m.media-amazon.com/images/I/51+p5xnClGL._SL500_.jpg" alt="Product Image"></a><p>DPDIAN Canvas Boards for Painting 40 Pack, 8 inch x 10 inch Super Value Pack, Artist Canvas Panels for Oil & Acrylic Painting</p><p>$29.99</p><a href="https://www.amazon.com/dp/B09CDKB9HY?tag=eloabder-20&linkCode=osi&th=1&psc=1">View Product</a></div><div class="product"><a href="https://www.amazon.com/dp/B0CFBGP29G?tag=eloabder-20&linkCode=osi&th=1&psc=1"><img src="https://m.media-amazon.com/images/I/3147Az5plbL._SL500_.jpg" alt="Product Image"></a><p>ArtSkills Stretched Canvases for Painting, 12x16 Canvas Painting Supplies for Artists, Blank Canvas Pack, 2-Pack</p><p>$16.99</p><a href="https://www.amazon.com/dp/B0CFBGP29G?tag=eloabder-20&linkCode=osi&th=1&psc=1">View Product</a></div><div class="product"><a href="https://www.amazon.com/dp/B07BNGQ1SS?tag=eloabder-20&linkCode=osi&th=1&psc=1"><img src="https://m.media-amazon.com/images/I/410ZVtygUwS._SL500_.jpg" alt="Product Image"></a><p>PHOENIX Stretched Canvas for Painting 8x10 Inch/10 Value Pack, 8 Oz Triple Primed 5/8 Inch Profile 100% Cotton White Blank Canvas, Artist Framed Canvas for Oil Acrylic & Pouring Art</p><p>$22.99</p><a href="https://www.amazon.com/dp/B07BNGQ1SS?tag=eloabder-20&linkCode=osi&th=1&psc=1">View Product</a></div><div class="product"><a href="https://www.amazon.com/dp/B0922JP1H4?tag=eloabder-20&linkCode=osi&th=1&psc=1"><img src="https://m.media-amazon.com/images/I/41BmiEND1KL._SL500_.jpg" alt="Product Image"></a><p>GOTIDEAL Canvases for Painting, 18 Pack Canvas Boards Multipack 4x4, 5x7, 8x10, 9x12,11x14,Primed White Blank Artist Canvas Variety Pack for Acrylic Paint, Oil Paint, Watercolor, Gouache</p><p>$19.99</p><a href="https://www.amazon.com/dp/B0922JP1H4?tag=eloabder-20&linkCode=osi&th=1&psc=1">View Product</a></div>


<div class="product"><a href="https://www.amazon.com/dp/B0872VFHBH?tag=eloabder-20&linkCode=osi&th=1&psc=1"><img src="https://m.media-amazon.com/images/I/51k3bekQheS._SL500_.jpg" alt="Product Image"></a><p>Bachmore Drawing Pad 9X12 Inch (110lb/180g), 60 Sheets, Top Spiral Bound Multi-Media for Artist Pro & Amateurs | Acrylic Art, Ink, Paint, Oil Pastels,Watercolor Mixed Media Sketch</p><p>$11.99</p><a href="https://www.amazon.com/dp/B0872VFHBH?tag=eloabder-20&linkCode=osi&th=1&psc=1">View Product</a></div><div class="product"><a href="https://www.amazon.com/dp/B0027A75A4?tag=eloabder-20&linkCode=osi&th=1&psc=1"><img src="https://m.media-amazon.com/images/I/51dyOxxcgYL._SL500_.jpg" alt="Product Image"></a><p>Strathmore 200 Series Sketch Pad, 9x12 inch, 100 Sheets, Tape Bound - Artist Sketchbook for Drawing, Illustration, Art Class Students</p><p>$6.99 ($0.07 / Count)</p><a href="https://www.amazon.com/dp/B0027A75A4?tag=eloabder-20&linkCode=osi&th=1&psc=1">View Product</a></div><div class="product"><a href="https://www.amazon.com/dp/B0BV13YQKX?tag=eloabder-20&linkCode=osi&th=1&psc=1"><img src="https://m.media-amazon.com/images/I/41VYfMpvXUL._SL500_.jpg" alt="Product Image"></a><p>Canson Graduate Watercolor Pad, Foldover, 9x12 inch, 20 Sheets | Artist Paper for Adults and Students - Painting, Gouache, Mixed Media and Ink</p><p>$4.97 ($0.41 / Count)</p><a href="https://www.amazon.com/dp/B0BV13YQKX?tag=eloabder-20&linkCode=osi&th=1&psc=1">View Product</a></div><div class="product"><a href="https://www.amazon.com/dp/B0024KMQ6K?tag=eloabder-20&linkCode=osi&th=1&psc=1"><img src="https://m.media-amazon.com/images/I/51sYdvPPUCL._SL500_.jpg" alt="Product Image"></a><p>Strathmore 400 Series Pastel Pad, Assorted Colors, 9"x12" Glue Bound, 24 Sheets</p><p>$9.11</p><a href="https://www.amazon.com/dp/B0024KMQ6K?tag=eloabder-20&linkCode=osi&th=1&psc=1">View Product</a></div><div class="product"><a href="https://www.amazon.com/dp/B00246O6PI?tag=eloabder-20&linkCode=osi&th=1&psc=1"><img src="https://m.media-amazon.com/images/I/517TUmckOIL._SL500_.jpg" alt="Product Image"></a><p>Strathmore 300 Series Drawing Paper Pad, Top Wire Bound, 11x14 inches, 50 Sheets (70lb/114g) - Artist Paper for Adults and Students - Charcoal, Colored Pencil, Ink, Pastel, Marker</p><p>$13.33</p><a href="https://www.amazon.com/dp/B00246O6PI?tag=eloabder-20&linkCode=osi&th=1&psc=1">View Product</a></div>
<div class="product"><a href="https://www.amazon.com/dp/B08ZMH7LJY?tag=eloabder-20&linkCode=osi&th=1&psc=1"><img src="https://m.media-amazon.com/images/I/51mJIsLJA-S._SL500_.jpg" alt="Product Image"></a><p>PANDAFLY Professional Drawing Sketching Pencil Set - 12 Pieces Graphite Pencils(14B - 2H), Ideal for Drawing Art, Sketching, Shading, Artist Pencils for Beginners & Pro Artists</p><p>$5.11</p><a href="https://www.amazon.com/dp/B08ZMH7LJY?tag=eloabder-20&linkCode=osi&th=1&psc=1">View Product</a></div><div class="product"><a href="https://www.amazon.com/dp/B088K1G5NL?tag=eloabder-20&linkCode=osi&th=1&psc=1"><img src="https://m.media-amazon.com/images/I/51F2bOMZWnL._SL500_.jpg" alt="Product Image"></a><p>MARKART Professional Drawing Sketching Pencil Set - 14 Pieces,Graphite,(12B - 4H), Ideal for Drawing Art, Sketching, Shading, Artist Pencils for Beginners & Pro Artists</p><p>$5.24</p><a href="https://www.amazon.com/dp/B088K1G5NL?tag=eloabder-20&linkCode=osi&th=1&psc=1">View Product</a></div><div class="product"><a href="https://www.amazon.com/dp/B08FHMRW4L?tag=eloabder-20&linkCode=osi&th=1&psc=1"><img src="https://m.media-amazon.com/images/I/51Pmn5gjyzL._SL500_.jpg" alt="Product Image"></a><p>Mr. Pen- Sketch Pencils for Drawing, 14 Pack, Drawing Pencils, Art Pencils, Graphite Pencils, Graphite Pencils for Drawing, Art Pencils for Drawing and Shading</p><p>$5.95</p><a href="https://www.amazon.com/dp/B08FHMRW4L?tag=eloabder-20&linkCode=osi&th=1&psc=1">View Product</a></div><div class="product"><a href="https://www.amazon.com/dp/B0BNQ58DC4?tag=eloabder-20&linkCode=osi&th=1&psc=1"><img src="https://m.media-amazon.com/images/I/51e-gQtCcCL._SL500_.jpg" alt="Product Image"></a><p>MARTCOLOR Drawing Sketching Pencils Set, 12 Pack Graphite Pencils(14B - 2H), Ideal for Drawing Art, Sketching, Shading, Artist Pencils for Beginners & Pro Artists</p><p>$5.99</p><a href="https://www.amazon.com/dp/B0BNQ58DC4?tag=eloabder-20&linkCode=osi&th=1&psc=1">View Product</a></div>

<div class="product"><a href="https://www.amazon.com/dp/B0851M3749?tag=eloabder-20&linkCode=osi&th=1&psc=1"><img src="https://m.media-amazon.com/images/I/41KKSGSDl5L._SL500_.jpg" alt="Product Image"></a><p>N NOROCME 12 PCS Blending Stumps and Tortillions Paper Art Blenders with Sandpaper Pencil Sharpener Pointer for Student Artist Charcoal Sketch Drawing Tools</p><p>$4.99</p><a href="https://www.amazon.com/dp/B0851M3749?tag=eloabder-20&linkCode=osi&th=1&psc=1">View Product</a></div><div class="product"><a href="https://www.amazon.com/dp/B09J3HKN8F?tag=eloabder-20&linkCode=osi&th=1&psc=1"><img src="https://m.media-amazon.com/images/I/51Qvx81eQLL._SL500_.jpg" alt="Product Image"></a><p>Eraser Pencils Set for Artists, Wooden Sketch Eraser Pen for Charcoal Drawings, Professional Highlight Painting Eraser for Sketching, Revise Erasing Details for Students Limner</p><p>$6.99</p><a href="https://www.amazon.com/dp/B09J3HKN8F?tag=eloabder-20&linkCode=osi&th=1&psc=1">View Product</a></div>
<div class="product"><a href="https://www.amazon.com/dp/B09WCQ89T8?tag=eloabder-20&linkCode=osi&th=1&psc=1"><img src="https://m.media-amazon.com/images/I/41gZz0qgBFL._SL500_.jpg" alt="Product Image"></a><p>Bernat BABY BLANKET BB Blue Dreams Yarn - 1 Pack of 10.5oz/300g - Polyester - #6 Super Bulky - 220 Yards - Knitting/Crochet</p><p>$6.97</p><a href="https://www.amazon.com/dp/B09WCQ89T8?tag=eloabder-20&linkCode=osi&th=1&psc=1">View Product</a></div><div class="product"><a href="https://www.amazon.com/dp/B07V5JVNFD?tag=eloabder-20&linkCode=osi&th=1&psc=1"><img src="https://m.media-amazon.com/images/I/41IS+HdtiOL._SL500_.jpg" alt="Product Image"></a><p>Lion Brand Yarn Basic Stitch Anti-Pilling Knitting Yarn, Yarn for Crocheting, 1-Pack, Baby Blue</p><p>$8.40 ($0.02 / Foot)</p><a href="https://www.amazon.com/dp/B07V5JVNFD?tag=eloabder-20&linkCode=osi&th=1&psc=1">View Product</a></div><div class="product"><a href="https://www.amazon.com/dp/B01M0AJID2?tag=eloabder-20&linkCode=osi&th=1&psc=1"><img src="https://m.media-amazon.com/images/I/41yVau0AUpL._SL500_.jpg" alt="Product Image"></a><p>Lion Brand Yarn (1 Skein) Lion Brand Yarn Babysoft Baby Yarn Yarn, Little Boy Blue Multicolor</p><p>$7.19 ($0.01 / Foot)</p><a href="https://www.amazon.com/dp/B01M0AJID2?tag=eloabder-20&linkCode=osi&th=1&psc=1">View Product</a></div><div class="product"><a href="https://www.amazon.com/dp/B09W1KHF42?tag=eloabder-20&linkCode=osi&th=1&psc=1"><img src="https://m.media-amazon.com/images/I/41maDlrio5L._SL500_.jpg" alt="Product Image"></a><p>Red Heart Super Saver Light Blue Yarn - 3 Pack of 198g/7oz - Acrylic - 4 Medium (Worsted) - 364 Yards - Knitting/Crochet</p><p>$13.29 ($4.43 / Count)</p><a href="https://www.amazon.com/dp/B09W1KHF42?tag=eloabder-20&linkCode=osi&th=1&psc=1">View Product</a></div><div class="product"><a href="https://www.amazon.com/dp/B08LKVZ3CX?tag=eloabder-20&linkCode=osi&th=1&psc=1"><img src="https://m.media-amazon.com/images/I/41GLizNx8UL._SL500_.jpg" alt="Product Image"></a><p>Bernat Baby Blanket Baby Blue Yarn - 3 Pack of 100g/3.5oz - Polyester - 6 Super Bulky - 72 Yards - Knitting/Crochet</p><p>$21.81</p><a href="https://www.amazon.com/dp/B08LKVZ3CX?tag=eloabder-20&linkCode=osi&th=1&psc=1">View Product</a></div><div class="product"><a href="https://www.amazon.com/dp/B0CHJ95WHJ?tag=eloabder-20&linkCode=osi&th=1&psc=1"><img src="https://m.media-amazon.com/images/I/314E1EQdihL._SL500_.jpg" alt="Product Image"></a><p>NORCIA Soft Velvet Yarn Chenille Yarn for Crocheting Baby Blanket Yarn for Knitting Amigurumi Yarn Fancy Yarn for Crochet Weaving Craft (Baby Blue, 1 Skein)</p><p>$9.99</p><a href="https://www.amazon.com/dp/B0CHJ95WHJ?tag=eloabder-20&linkCode=osi&th=1&psc=1">View Product</a></div>
<div class="product"><a href="https://www.amazon.com/dp/B0779F2TXJ?tag=eloabder-20&linkCode=osi&th=1&psc=1"><img src="https://m.media-amazon.com/images/I/31kqZr8DJzL._SL500_.jpg" alt="Product Image"></a><p>OPENDGO Feather Ballpoint Pen ，Black Ink Vintage Feather Quill Refined Plated Rod Quill Ballpoint Pen For School Writing ▏Wedding Gift Signature Pen (Black)</p><p>$6.97</p><a href="https://www.amazon.com/dp/B0779F2TXJ?tag=eloabder-20&linkCode=osi&th=1&psc=1">View Product</a></div><div class="product"><a href="https://www.amazon.com/dp/B0CQF3BJ3S?tag=eloabder-20&linkCode=osi&th=1&psc=1"><img src="https://m.media-amazon.com/images/I/41gs6AOiP6L._SL500_.jpg" alt="Product Image"></a><p>3 in 1 Retractable Ballpoint Pen with Light and Stylus, Nice Pens for Journaling Writing in The Dark - White/Red Light Tip- 0.7mm Black Ink</p><p>$12.99</p><a href="https://www.amazon.com/dp/B0CQF3BJ3S?tag=eloabder-20&linkCode=osi&th=1&psc=1">View Product</a></div><div class="product"><a href="https://www.amazon.com/dp/B08BBZ3B8G?tag=eloabder-20&linkCode=osi&th=1&psc=1"><img src="https://m.media-amazon.com/images/I/41cMHyw60wL._SL500_.jpg" alt="Product Image"></a><p>Mr. Pen- Pens, Black Pens, 12 Pack, Fast Dry, No Smear Pens, Bible Pens, Pens for Journaling, Pens No Bleed Through, Pens Fine Point, Journal Pens, Fine Tip, Planner Pens, Ball Point Journal Pens</p><p>$9.99</p><a href="https://www.amazon.com/dp/B08BBZ3B8G?tag=eloabder-20&linkCode=osi&th=1&psc=1">View Product</a></div><div class="product"><a href="https://www.amazon.com/dp/B0D4YWWGX6?tag=eloabder-20&linkCode=osi&th=1&psc=1"><img src="https://m.media-amazon.com/images/I/31xHBCCzJqL._SL500_.jpg" alt="Product Image"></a><p>PATIKIL 21cm/8" Feather Ballpoint Pen, 1Pcs Ink Vintage Quill Pen Refined Plated Dip Pen for Calligraphy Writing Signature Wedding Gift, Yellow</p><p>$7.49</p><a href="https://www.amazon.com/dp/B0D4YWWGX6?tag=eloabder-20&linkCode=osi&th=1&psc=1">View Product</a></div>

<div class="product"><a href="https://www.amazon.com/dp/B0D3HPD7WP?tag=eloabder-20&linkCode=osi&th=1&psc=1"><img src="https://m.media-amazon.com/images/I/31KSmmAWUWL._SL500_.jpg" alt="Product Image"></a><p>50 Sheets Grey Cardstock Paper, Colored Printer Paper 8.5 x 11, Thick Construction Paper for Cards Making, Scrapbook，Office Printing, Invitations, Certificates，DIY Crafting 92 lb/250gsm</p><p>$9.99</p><a href="https://www.amazon.com/dp/B0D3HPD7WP?tag=eloabder-20&linkCode=osi&th=1&psc=1">View Product</a></div>
<div class="product"><a href="https://www.amazon.com/dp/B076CP6F36?tag=eloabder-20&linkCode=osi&th=1&psc=1"><img src="https://m.media-amazon.com/images/I/51rfEIvgI+L._SL500_.jpg" alt="Product Image"></a><p>Apple Barrel, Vibrant Spectrum Collection Acrylic Craft Paint, PROMOABIII, 2 fl oz each, 16 assorted matte colors, 16 count</p><p>$15.97 ($0.50 / Fl Oz)</p><a href="https://www.amazon.com/dp/B076CP6F36?tag=eloabder-20&linkCode=osi&th=1&psc=1">View Product</a></div><div class="product"><a href="https://www.amazon.com/dp/B0BKFLSYQF?tag=eloabder-20&linkCode=osi&th=1&psc=1"><img src="https://m.media-amazon.com/images/I/51a0PmPRknL._SL500_.jpg" alt="Product Image"></a><p>72 Pack Acrylic Paint Set, Shuttle Art 60 Colors Acrylic Paint Including Extra White Black & 12 Brushes, 2oz/60ml, Rich Pigmented, Water Proof, Ideal for Artists, Beginners on Canvas Rock Wood Ceramic</p><p>$45.99 ($23.00 / Fl Oz)</p><a href="https://www.amazon.com/dp/B0BKFLSYQF?tag=eloabder-20&linkCode=osi&th=1&psc=1">View Product</a></div><div class="product"><a href="https://www.amazon.com/dp/B08CB3JH79?tag=eloabder-20&linkCode=osi&th=1&psc=1"><img src="https://m.media-amazon.com/images/I/51OUZsFdnTL._SL500_.jpg" alt="Product Image"></a><p>Acrylic Paint Set of 36 Colors 2fl oz 60ml Bottles,Non Toxic 36 Colors Acrylic Paint No Fading Rich Pigment for Kids Adults Artists Canvas Crafts Wood Painting</p><p>$32.99 ($0.46 / Fl Oz)</p><a href="https://www.amazon.com/dp/B08CB3JH79?tag=eloabder-20&linkCode=osi&th=1&psc=1">View Product</a></div><div class="product"><a href="https://www.amazon.com/dp/B0018NBVKQ?tag=eloabder-20&linkCode=osi&th=1&psc=1"><img src="https://m.media-amazon.com/images/I/31YlSvZMTCL._SL500_.jpg" alt="Product Image"></a><p>Apple Barrel Acrylic Paint in Assorted Colors (8 Ounce), 20403 White</p><p>$2.67 ($0.33 / Fl Oz)</p><a href="https://www.amazon.com/dp/B0018NBVKQ?tag=eloabder-20&linkCode=osi&th=1&psc=1">View Product</a></div><div class="product"><a href="https://www.amazon.com/dp/B077WSBLZ1?tag=eloabder-20&linkCode=osi&th=1&psc=1"><img src="https://m.media-amazon.com/images/I/51KPkXpLn1L._SL500_.jpg" alt="Product Image"></a><p>Shuttle Art Acrylic Paint Set, 30 x12ml Tubes Artist Quality Non Toxic Rich Pigments Colors Great for Kids Adults Professional Painting on Rocks Canvas Wood Clay Fabric Ceramic Crafts</p><p>$12.99 ($1.08 / Fl Oz)</p><a href="https://www.amazon.com/dp/B077WSBLZ1?tag=eloabder-20&linkCode=osi&th=1&psc=1">View Product</a></div><div class="product"><a href="https://www.amazon.com/dp/B00889Z5Y6?tag=eloabder-20&linkCode=osi&th=1&psc=1"><img src="https://m.media-amazon.com/images/I/41MQjsyDbSL._SL500_.jpg" alt="Product Image"></a><p>Apple Barrel Acrylic Paint in Assorted Colors (2 oz), 20764, Apricot</p><p>$0.58 ($0.29 / Fl Oz)</p><a href="https://www.amazon.com/dp/B00889Z5Y6?tag=eloabder-20&linkCode=osi&th=1&psc=1">View Product</a></div><div class="product"><a href="https://www.amazon.com/dp/B09TWQD5ZL?tag=eloabder-20&linkCode=osi&th=1&psc=1"><img src="https://m.media-amazon.com/images/I/41B0L003QXL._SL500_.jpg" alt="Product Image"></a><p>Artkey Acrylic Paint Set - 24 colors 2 oz/59 ml Acrylic Paints Professional Artists Painting Kit for Canvases Fabric Rock Leather Easter Egg Wood Ceramic Glass Art Craft Painting</p><p>$19.99 ($0.42 / Fl Oz)</p><a href="https://www.amazon.com/dp/B09TWQD5ZL?tag=eloabder-20&linkCode=osi&th=1&psc=1">View Product</a></div><div class="product"><a href="https://www.amazon.com/dp/B07Z93LQDB?tag=eloabder-20&linkCode=osi&th=1&psc=1"><img src="https://m.media-amazon.com/images/I/51veoN6zK0L._SL500_.jpg" alt="Product Image"></a><p>Shuttle Art Acrylic Paint Set, 36 Colors Acrylic Paint with Brushes & Palette, 2oz Bottles, Rich Pigments Non-toxic Paint for Artists Kids & Adults, Art Supplies for Canvas Rock Ceramic Wood Painting</p><p>$27.99</p><a href="https://www.amazon.com/dp/B07Z93LQDB?tag=eloabder-20&linkCode=osi&th=1&psc=1">View Product</a></div><div class="product"><a href="https://www.amazon.com/dp/B002665SYY?tag=eloabder-20&linkCode=osi&th=1&psc=1"><img src="https://m.media-amazon.com/images/I/31sJJeWK6OS._SL500_.jpg" alt="Product Image"></a><p>Liquitex BASICS Acrylic Paint, 250ml (8.5-oz) Tube, Titanium White</p><p>$9.99 ($1.18 / Fl Oz)</p><a href="https://www.amazon.com/dp/B002665SYY?tag=eloabder-20&linkCode=osi&th=1&psc=1">View Product</a></div>
<div class="product"><a href="https://www.amazon.com/dp/B0CC98XLGL?tag=eloabder-20&linkCode=osi&th=1&psc=1"><img src="https://m.media-amazon.com/images/I/51ZLw+nThiL._SL500_.jpg" alt="Product Image"></a><p>HUIRUSO 4 Pack Double Sided Tape Roller, Scrapbook Supplies, Glue Tape Roller for Crafts, Double-Sided Adhesive Tape Runner for Scrapbooking, School Office Journaling Supplies (0.31 in X 26.25 ft)</p><p>$6.99 ($1.75 / Count)</p><a href="https://www.amazon.com/dp/B0CC98XLGL?tag=eloabder-20&linkCode=osi&th=1&psc=1">View Product</a></div><div class="product"><a href="https://www.amazon.com/dp/B007XAAE6K?tag=eloabder-20&linkCode=osi&th=1&psc=1"><img src="https://m.media-amazon.com/images/I/414qxYVR0wL._SL500_.jpg" alt="Product Image"></a><p>Scotch Double Sided Tape Runner, 1-Pack, 0.27 in x 26 ft., Perfect for Holiday Crafts, Gifts, and More</p><p>$4.47</p><a href="https://www.amazon.com/dp/B007XAAE6K?tag=eloabder-20&linkCode=osi&th=1&psc=1">View Product</a></div><div class="product"><a href="https://www.amazon.com/dp/B0BZVGPFSK?tag=eloabder-20&linkCode=osi&th=1&psc=1"><img src="https://m.media-amazon.com/images/I/51-ue9+7JkL._SL500_.jpg" alt="Product Image"></a><p>Birllaid Double Sided Tape for Walls, Picture Hanging Strips Removable Mounting Dots Adhesive Heavy Duty, Removable for Art Craft, Decoration, Party Supplies, Multipurpose</p><p>$11.99</p><a href="https://www.amazon.com/dp/B0BZVGPFSK?tag=eloabder-20&linkCode=osi&th=1&psc=1">View Product</a></div><div class="product"><a href="https://www.amazon.com/dp/B0CGVN9SL1?tag=eloabder-20&linkCode=osi&th=1&psc=1"><img src="https://m.media-amazon.com/images/I/41Hy+i4CnoL._SL500_.jpg" alt="Product Image"></a><p>30Ft x 1 Inch Hook and Loop Strips with Adhesive,Double Rolls of Heavy Duty Self Adhesive Tape with Backing, Nylon Self Adhesive Tape for Home Office School and Crafting,White</p><p>$9.99</p><a href="https://www.amazon.com/dp/B0CGVN9SL1?tag=eloabder-20&linkCode=osi&th=1&psc=1">View Product</a></div><div class="product"><a href="https://www.amazon.com/dp/B07Y3VDPLF?tag=eloabder-20&linkCode=osi&th=1&psc=1"><img src="https://m.media-amazon.com/images/I/41cyKQ2OMuL._SL500_.jpg" alt="Product Image"></a><p>Melsan 1x4 inch Hook and Loop Strips with Adhesive - 15 Sets, Strong Back Adhesive Fasten Mounting Tape for Home or Office Use - Instead of Holes and Screws, Black</p><p>$7.82</p><a href="https://www.amazon.com/dp/B07Y3VDPLF?tag=eloabder-20&linkCode=osi&th=1&psc=1">View Product</a></div><div class="product"><a href="https://www.amazon.com/dp/B07V57VJT5?tag=eloabder-20&linkCode=osi&th=1&psc=1"><img src="https://m.media-amazon.com/images/I/514JO3bvl3L._SL500_.jpg" alt="Product Image"></a><p>XFasten Adhesive Roller for Scrapbooking, 8mm x 30ft 4-Pack Double Sided Glue Tape Roller, Scrapbook Supplies for Adults, Photo Tape for Scrapbooking</p><p>$9.99 ($2.50 / Count)</p><a href="https://www.amazon.com/dp/B07V57VJT5?tag=eloabder-20&linkCode=osi&th=1&psc=1">View Product</a></div><div class="product"><a href="https://www.amazon.com/dp/B07JLTGQHX?tag=eloabder-20&linkCode=osi&th=1&psc=1"><img src="https://m.media-amazon.com/images/I/51Eqfo7kUZL._SL500_.jpg" alt="Product Image"></a><p>UPINS 120 Pack Double Sided Foam Tape Square Self-Adhesive Foam Tape Black Strong Tape Pads for DIY Art Crafts Supplies</p><p>$9.99 ($0.08 / Count)</p><a href="https://www.amazon.com/dp/B07JLTGQHX?tag=eloabder-20&linkCode=osi&th=1&psc=1">View Product</a></div><div class="product"><a href="https://www.amazon.com/dp/B005FM6XF4?tag=eloabder-20&linkCode=osi&th=1&psc=1"><img src="https://m.media-amazon.com/images/I/51-vp1WJ89L._SL500_.jpg" alt="Product Image"></a><p>AdTech 5603 Permanent Crafter's Tape, 0.31" x 315", Pack of 4</p><p>$7.84 ($0.07 / Foot)</p><a href="https://www.amazon.com/dp/B005FM6XF4?tag=eloabder-20&linkCode=osi&th=1&psc=1">View Product</a></div><div class="product"><a href="https://www.amazon.com/dp/B0CJF1FLFJ?tag=eloabder-20&linkCode=osi&th=1&psc=1"><img src="https://m.media-amazon.com/images/I/51dig1RqzdL._SL500_.jpg" alt="Product Image"></a><p>UPINS 150Pack Double Sided Foam Tape Strong Sticky Double Sided Foam Pads for Crafts Self-Adhesive Mounting Foam Tape Heavy Duty for Home Wall Decor 40 * 40 * 2mm</p><p>$8.99 ($0.06 / Count)</p><a href="https://www.amazon.com/dp/B0CJF1FLFJ?tag=eloabder-20&linkCode=osi&th=1&psc=1">View Product</a></div><div class="product"><a href="https://www.amazon.com/dp/B0D4YWRGCL?tag=eloabder-20&linkCode=osi&th=1&psc=1"><img src="https://m.media-amazon.com/images/I/41EqJ553-KL._SL500_.jpg" alt="Product Image"></a><p>Amanbo Glue Tape for Scrapbooking, 6 Pack Scrapbook Tape, Double Sided Tape Roller for Crafts, Total 120 Ft x 0.24 in Tape Runner, Craft Supplies for Scrapbooking, Gift Wrapping and Photo Tape</p><p>$6.99</p><a href="https://www.amazon.com/dp/B0D4YWRGCL?tag=eloabder-20&linkCode=osi&th=1&psc=1">View Product</a></div>
<div class="product"><a href="https://www.amazon.com/dp/B0CC5HPPTN?tag=eloabder-20&linkCode=osi&th=1&psc=1"><img src="https://m.media-amazon.com/images/I/519M81S201L._SL500_.jpg" alt="Product Image"></a><p>Airbrush Paint - 30 Colors with 3 Thinner, Ready to Spray Airbrush Paint Set, Water-Based Acrylic Air brush Paints for Metal, Plastic Models, Canvas, Wood, 20ml/Bottle</p><p>$32.99 ($1.48 / Fl Oz)</p><a href="https://www.amazon.com/dp/B0CC5HPPTN?tag=eloabder-20&linkCode=osi&th=1&psc=1">View Product</a></div>
<div class="product"><a href="https://www.amazon.com/dp/B0CXPSGK36?tag=eloabder-20&linkCode=osi&th=1&psc=1"><img src="https://m.media-amazon.com/images/I/51dd2dYOtrL._SL500_.jpg" alt="Product Image"></a><p>Letter Stickers 30 Sheets 1500 PCS Large Alphabet Sticker 2 Inch Vinyl Self Adhesive Stick on Stickers for Water Bottles Cup Mailbox Number Address Craft Scrapbooking Bulletin Board Decor Multicolor</p><p>$9.99</p><a href="https://www.amazon.com/dp/B0CXPSGK36?tag=eloabder-20&linkCode=osi&th=1&psc=1">View Product</a></div><div class="product"><a href="https://www.amazon.com/dp/B07NNYFMGY?tag=eloabder-20&linkCode=osi&th=1&psc=1"><img src="https://m.media-amazon.com/images/I/51yDnU+gEXL._SL500_.jpg" alt="Product Image"></a><p>20 Sheets Alphabet Letter Stickers 10 Colors Self Adhesive Sticker Colorful PU Material Convex Feeling (Colored Letter Stickers 1)</p><p>$6.99 ($0.35 / Count)</p><a href="https://www.amazon.com/dp/B07NNYFMGY?tag=eloabder-20&linkCode=osi&th=1&psc=1">View Product</a></div>

<div class="product"><a href="https://www.amazon.com/dp/B01DDN8854?tag=eloabder-20&linkCode=osi&th=1&psc=1"><img src="https://m.media-amazon.com/images/I/61dPubDZBSL._SL500_.jpg" alt="Product Image"></a><p>Hugs 'n Kisses HNKHABY13 Applique Paper (20 Pack)</p><p>$19.72 ($0.99 / Count)</p><a href="https://www.amazon.com/dp/B01DDN8854?tag=eloabder-20&linkCode=osi&th=1&psc=1">View Product</a></div>
<div class="product"><a href="https://www.amazon.com/dp/B09KPNFJW1?tag=eloabder-20&linkCode=osi&th=1&psc=1"><img src="https://m.media-amazon.com/images/I/41abn5fELmL._SL500_.jpg" alt="Product Image"></a><p>UniPleased Disposable Aprons (50 Count), Plastic apron for Painting Party, Cooking, Housework, Picnic etc.</p><p>$5.69</p><a href="https://www.amazon.com/dp/B09KPNFJW1?tag=eloabder-20&linkCode=osi&th=1&psc=1">View Product</a></div>
<div class="product"><a href="https://www.amazon.com/dp/B087M21MM2?tag=eloabder-20&linkCode=osi&th=1&psc=1"><img src="https://m.media-amazon.com/images/I/41Xf-jehhLL._SL500_.jpg" alt="Product Image"></a><p>GOTIDEAL Stretched Canvas, Multi Pack 4x4, 5x7, 8x10,9x12, 11x14 Set of 10, Primed White - 100% Cotton Artist Canvas Boards for Painting, Acrylic Pouring, Oil Paint Dry & Wet Art Media</p><p>$24.99</p><a href="https://www.amazon.com/dp/B087M21MM2?tag=eloabder-20&linkCode=osi&th=1&psc=1">View Product</a></div><div class="product"><a href="https://www.amazon.com/dp/B00OQJYISG?tag=eloabder-20&linkCode=osi&th=1&psc=1"><img src="https://m.media-amazon.com/images/I/31fEDLPkkcL._SL500_.jpg" alt="Product Image"></a><p>6 Count 12” x 16” Super Value Canvas by Artist's Loft Necessities - Acid Free Cotton Canvas for Paint, Acrylic, & Oils - 1 Pack</p><p>$19.99</p><a href="https://www.amazon.com/dp/B00OQJYISG?tag=eloabder-20&linkCode=osi&th=1&psc=1">View Product</a></div><div class="product"><a href="https://www.amazon.com/dp/B09CDKB9HY?tag=eloabder-20&linkCode=osi&th=1&psc=1"><img src="https://m.media-amazon.com/images/I/51+p5xnClGL._SL500_.jpg" alt="Product Image"></a><p>DPDIAN Canvas Boards for Painting 40 Pack, 8 inch x 10 inch Super Value Pack, Artist Canvas Panels for Oil & Acrylic Painting</p><p>$29.99</p><a href="https://www.amazon.com/dp/B09CDKB9HY?tag=eloabder-20&linkCode=osi&th=1&psc=1">View Product</a></div><div class="product"><a href="https://www.amazon.com/dp/B0CFBGP29G?tag=eloabder-20&linkCode=osi&th=1&psc=1"><img src="https://m.media-amazon.com/images/I/3147Az5plbL._SL500_.jpg" alt="Product Image"></a><p>ArtSkills Stretched Canvases for Painting, 12x16 Canvas Painting Supplies for Artists, Blank Canvas Pack, 2-Pack</p><p>$16.99</p><a href="https://www.amazon.com/dp/B0CFBGP29G?tag=eloabder-20&linkCode=osi&th=1&psc=1">View Product</a></div><div class="product"><a href="https://www.amazon.com/dp/B07BNGQ1SS?tag=eloabder-20&linkCode=osi&th=1&psc=1"><img src="https://m.media-amazon.com/images/I/410ZVtygUwS._SL500_.jpg" alt="Product Image"></a><p>PHOENIX Stretched Canvas for Painting 8x10 Inch/10 Value Pack, 8 Oz Triple Primed 5/8 Inch Profile 100% Cotton White Blank Canvas, Artist Framed Canvas for Oil Acrylic & Pouring Art</p><p>$22.99</p><a href="https://www.amazon.com/dp/B07BNGQ1SS?tag=eloabder-20&linkCode=osi&th=1&psc=1">View Product</a></div><div class="product"><a href="https://www.amazon.com/dp/B0922JP1H4?tag=eloabder-20&linkCode=osi&th=1&psc=1"><img src="https://m.media-amazon.com/images/I/41BmiEND1KL._SL500_.jpg" alt="Product Image"></a><p>GOTIDEAL Canvases for Painting, 18 Pack Canvas Boards Multipack 4x4, 5x7, 8x10, 9x12,11x14,Primed White Blank Artist Canvas Variety Pack for Acrylic Paint, Oil Paint, Watercolor, Gouache</p><p>$19.99</p><a href="https://www.amazon.com/dp/B0922JP1H4?tag=eloabder-20&linkCode=osi&th=1&psc=1">View Product</a></div>


<div class="product"><a href="https://www.amazon.com/dp/B0872VFHBH?tag=eloabder-20&linkCode=osi&th=1&psc=1"><img src="https://m.media-amazon.com/images/I/51k3bekQheS._SL500_.jpg" alt="Product Image"></a><p>Bachmore Drawing Pad 9X12 Inch (110lb/180g), 60 Sheets, Top Spiral Bound Multi-Media for Artist Pro & Amateurs | Acrylic Art, Ink, Paint, Oil Pastels,Watercolor Mixed Media Sketch</p><p>$11.99</p><a href="https://www.amazon.com/dp/B0872VFHBH?tag=eloabder-20&linkCode=osi&th=1&psc=1">View Product</a></div><div class="product"><a href="https://www.amazon.com/dp/B0027A75A4?tag=eloabder-20&linkCode=osi&th=1&psc=1"><img src="https://m.media-amazon.com/images/I/51dyOxxcgYL._SL500_.jpg" alt="Product Image"></a><p>Strathmore 200 Series Sketch Pad, 9x12 inch, 100 Sheets, Tape Bound - Artist Sketchbook for Drawing, Illustration, Art Class Students</p><p>$6.99 ($0.07 / Count)</p><a href="https://www.amazon.com/dp/B0027A75A4?tag=eloabder-20&linkCode=osi&th=1&psc=1">View Product</a></div><div class="product"><a href="https://www.amazon.com/dp/B0BV13YQKX?tag=eloabder-20&linkCode=osi&th=1&psc=1"><img src="https://m.media-amazon.com/images/I/41VYfMpvXUL._SL500_.jpg" alt="Product Image"></a><p>Canson Graduate Watercolor Pad, Foldover, 9x12 inch, 20 Sheets | Artist Paper for Adults and Students - Painting, Gouache, Mixed Media and Ink</p><p>$4.97 ($0.41 / Count)</p><a href="https://www.amazon.com/dp/B0BV13YQKX?tag=eloabder-20&linkCode=osi&th=1&psc=1">View Product</a></div><div class="product"><a href="https://www.amazon.com/dp/B0024KMQ6K?tag=eloabder-20&linkCode=osi&th=1&psc=1"><img src="https://m.media-amazon.com/images/I/51sYdvPPUCL._SL500_.jpg" alt="Product Image"></a><p>Strathmore 400 Series Pastel Pad, Assorted Colors, 9"x12" Glue Bound, 24 Sheets</p><p>$9.11</p><a href="https://www.amazon.com/dp/B0024KMQ6K?tag=eloabder-20&linkCode=osi&th=1&psc=1">View Product</a></div><div class="product"><a href="https://www.amazon.com/dp/B00246O6PI?tag=eloabder-20&linkCode=osi&th=1&psc=1"><img src="https://m.media-amazon.com/images/I/517TUmckOIL._SL500_.jpg" alt="Product Image"></a><p>Strathmore 300 Series Drawing Paper Pad, Top Wire Bound, 11x14 inches, 50 Sheets (70lb/114g) - Artist Paper for Adults and Students - Charcoal, Colored Pencil, Ink, Pastel, Marker</p><p>$13.33</p><a href="https://www.amazon.com/dp/B00246O6PI?tag=eloabder-20&linkCode=osi&th=1&psc=1">View Product</a></div>
<div class="product"><a href="https://www.amazon.com/dp/B08ZMH7LJY?tag=eloabder-20&linkCode=osi&th=1&psc=1"><img src="https://m.media-amazon.com/images/I/51mJIsLJA-S._SL500_.jpg" alt="Product Image"></a><p>PANDAFLY Professional Drawing Sketching Pencil Set - 12 Pieces Graphite Pencils(14B - 2H), Ideal for Drawing Art, Sketching, Shading, Artist Pencils for Beginners & Pro Artists</p><p>$5.11</p><a href="https://www.amazon.com/dp/B08ZMH7LJY?tag=eloabder-20&linkCode=osi&th=1&psc=1">View Product</a></div><div class="product"><a href="https://www.amazon.com/dp/B088K1G5NL?tag=eloabder-20&linkCode=osi&th=1&psc=1"><img src="https://m.media-amazon.com/images/I/51F2bOMZWnL._SL500_.jpg" alt="Product Image"></a><p>MARKART Professional Drawing Sketching Pencil Set - 14 Pieces,Graphite,(12B - 4H), Ideal for Drawing Art, Sketching, Shading, Artist Pencils for Beginners & Pro Artists</p><p>$5.24</p><a href="https://www.amazon.com/dp/B088K1G5NL?tag=eloabder-20&linkCode=osi&th=1&psc=1">View Product</a></div><div class="product"><a href="https://www.amazon.com/dp/B08FHMRW4L?tag=eloabder-20&linkCode=osi&th=1&psc=1"><img src="https://m.media-amazon.com/images/I/51Pmn5gjyzL._SL500_.jpg" alt="Product Image"></a><p>Mr. Pen- Sketch Pencils for Drawing, 14 Pack, Drawing Pencils, Art Pencils, Graphite Pencils, Graphite Pencils for Drawing, Art Pencils for Drawing and Shading</p><p>$5.95</p><a href="https://www.amazon.com/dp/B08FHMRW4L?tag=eloabder-20&linkCode=osi&th=1&psc=1">View Product</a></div><div class="product"><a href="https://www.amazon.com/dp/B0BNQ58DC4?tag=eloabder-20&linkCode=osi&th=1&psc=1"><img src="https://m.media-amazon.com/images/I/51e-gQtCcCL._SL500_.jpg" alt="Product Image"></a><p>MARTCOLOR Drawing Sketching Pencils Set, 12 Pack Graphite Pencils(14B - 2H), Ideal for Drawing Art, Sketching, Shading, Artist Pencils for Beginners & Pro Artists</p><p>$5.99</p><a href="https://www.amazon.com/dp/B0BNQ58DC4?tag=eloabder-20&linkCode=osi&th=1&psc=1">View Product</a></div>

<div class="product"><a href="https://www.amazon.com/dp/B0851M3749?tag=eloabder-20&linkCode=osi&th=1&psc=1"><img src="https://m.media-amazon.com/images/I/41KKSGSDl5L._SL500_.jpg" alt="Product Image"></a><p>N NOROCME 12 PCS Blending Stumps and Tortillions Paper Art Blenders with Sandpaper Pencil Sharpener Pointer for Student Artist Charcoal Sketch Drawing Tools</p><p>$4.99</p><a href="https://www.amazon.com/dp/B0851M3749?tag=eloabder-20&linkCode=osi&th=1&psc=1">View Product</a></div><div class="product"><a href="https://www.amazon.com/dp/B09J3HKN8F?tag=eloabder-20&linkCode=osi&th=1&psc=1"><img src="https://m.media-amazon.com/images/I/51Qvx81eQLL._SL500_.jpg" alt="Product Image"></a><p>Eraser Pencils Set for Artists, Wooden Sketch Eraser Pen for Charcoal Drawings, Professional Highlight Painting Eraser for Sketching, Revise Erasing Details for Students Limner</p><p>$6.99</p><a href="https://www.amazon.com/dp/B09J3HKN8F?tag=eloabder-20&linkCode=osi&th=1&psc=1">View Product</a></div>
<div class="product"><a href="https://www.amazon.com/dp/B09WCQ89T8?tag=eloabder-20&linkCode=osi&th=1&psc=1"><img src="https://m.media-amazon.com/images/I/41gZz0qgBFL._SL500_.jpg" alt="Product Image"></a><p>Bernat BABY BLANKET BB Blue Dreams Yarn - 1 Pack of 10.5oz/300g - Polyester - #6 Super Bulky - 220 Yards - Knitting/Crochet</p><p>$6.97</p><a href="https://www.amazon.com/dp/B09WCQ89T8?tag=eloabder-20&linkCode=osi&th=1&psc=1">View Product</a></div><div class="product"><a href="https://www.amazon.com/dp/B07V5JVNFD?tag=eloabder-20&linkCode=osi&th=1&psc=1"><img src="https://m.media-amazon.com/images/I/41IS+HdtiOL._SL500_.jpg" alt="Product Image"></a><p>Lion Brand Yarn Basic Stitch Anti-Pilling Knitting Yarn, Yarn for Crocheting, 1-Pack, Baby Blue</p><p>$8.40 ($0.02 / Foot)</p><a href="https://www.amazon.com/dp/B07V5JVNFD?tag=eloabder-20&linkCode=osi&th=1&psc=1">View Product</a></div><div class="product"><a href="https://www.amazon.com/dp/B01M0AJID2?tag=eloabder-20&linkCode=osi&th=1&psc=1"><img src="https://m.media-amazon.com/images/I/41yVau0AUpL._SL500_.jpg" alt="Product Image"></a><p>Lion Brand Yarn (1 Skein) Lion Brand Yarn Babysoft Baby Yarn Yarn, Little Boy Blue Multicolor</p><p>$7.19 ($0.01 / Foot)</p><a href="https://www.amazon.com/dp/B01M0AJID2?tag=eloabder-20&linkCode=osi&th=1&psc=1">View Product</a></div><div class="product"><a href="https://www.amazon.com/dp/B09W1KHF42?tag=eloabder-20&linkCode=osi&th=1&psc=1"><img src="https://m.media-amazon.com/images/I/41maDlrio5L._SL500_.jpg" alt="Product Image"></a><p>Red Heart Super Saver Light Blue Yarn - 3 Pack of 198g/7oz - Acrylic - 4 Medium (Worsted) - 364 Yards - Knitting/Crochet</p><p>$13.29 ($4.43 / Count)</p><a href="https://www.amazon.com/dp/B09W1KHF42?tag=eloabder-20&linkCode=osi&th=1&psc=1">View Product</a></div><div class="product"><a href="https://www.amazon.com/dp/B08LKVZ3CX?tag=eloabder-20&linkCode=osi&th=1&psc=1"><img src="https://m.media-amazon.com/images/I/41GLizNx8UL._SL500_.jpg" alt="Product Image"></a><p>Bernat Baby Blanket Baby Blue Yarn - 3 Pack of 100g/3.5oz - Polyester - 6 Super Bulky - 72 Yards - Knitting/Crochet</p><p>$21.81</p><a href="https://www.amazon.com/dp/B08LKVZ3CX?tag=eloabder-20&linkCode=osi&th=1&psc=1">View Product</a></div><div class="product"><a href="https://www.amazon.com/dp/B0CHJ95WHJ?tag=eloabder-20&linkCode=osi&th=1&psc=1"><img src="https://m.media-amazon.com/images/I/314E1EQdihL._SL500_.jpg" alt="Product Image"></a><p>NORCIA Soft Velvet Yarn Chenille Yarn for Crocheting Baby Blanket Yarn for Knitting Amigurumi Yarn Fancy Yarn for Crochet Weaving Craft (Baby Blue, 1 Skein)</p><p>$9.99</p><a href="https://www.amazon.com/dp/B0CHJ95WHJ?tag=eloabder-20&linkCode=osi&th=1&psc=1">View Product</a></div>
<div class="product"><a href="https://www.amazon.com/dp/B0779F2TXJ?tag=eloabder-20&linkCode=osi&th=1&psc=1"><img src="https://m.media-amazon.com/images/I/31kqZr8DJzL._SL500_.jpg" alt="Product Image"></a><p>OPENDGO Feather Ballpoint Pen ，Black Ink Vintage Feather Quill Refined Plated Rod Quill Ballpoint Pen For School Writing ▏Wedding Gift Signature Pen (Black)</p><p>$6.97</p><a href="https://www.amazon.com/dp/B0779F2TXJ?tag=eloabder-20&linkCode=osi&th=1&psc=1">View Product</a></div><div class="product"><a href="https://www.amazon.com/dp/B0CQF3BJ3S?tag=eloabder-20&linkCode=osi&th=1&psc=1"><img src="https://m.media-amazon.com/images/I/41gs6AOiP6L._SL500_.jpg" alt="Product Image"></a><p>3 in 1 Retractable Ballpoint Pen with Light and Stylus, Nice Pens for Journaling Writing in The Dark - White/Red Light Tip- 0.7mm Black Ink</p><p>$12.99</p><a href="https://www.amazon.com/dp/B0CQF3BJ3S?tag=eloabder-20&linkCode=osi&th=1&psc=1">View Product</a></div><div class="product"><a href="https://www.amazon.com/dp/B08BBZ3B8G?tag=eloabder-20&linkCode=osi&th=1&psc=1"><img src="https://m.media-amazon.com/images/I/41cMHyw60wL._SL500_.jpg" alt="Product Image"></a><p>Mr. Pen- Pens, Black Pens, 12 Pack, Fast Dry, No Smear Pens, Bible Pens, Pens for Journaling, Pens No Bleed Through, Pens Fine Point, Journal Pens, Fine Tip, Planner Pens, Ball Point Journal Pens</p><p>$9.99</p><a href="https://www.amazon.com/dp/B08BBZ3B8G?tag=eloabder-20&linkCode=osi&th=1&psc=1">View Product</a></div><div class="product"><a href="https://www.amazon.com/dp/B0D4YWWGX6?tag=eloabder-20&linkCode=osi&th=1&psc=1"><img src="https://m.media-amazon.com/images/I/31xHBCCzJqL._SL500_.jpg" alt="Product Image"></a><p>PATIKIL 21cm/8" Feather Ballpoint Pen, 1Pcs Ink Vintage Quill Pen Refined Plated Dip Pen for Calligraphy Writing Signature Wedding Gift, Yellow</p><p>$7.49</p><a href="https://www.amazon.com/dp/B0D4YWWGX6?tag=eloabder-20&linkCode=osi&th=1&psc=1">View Product</a></div>


<div class="product"><a href="https://www.amazon.com/dp/B0D3HPD7WP?tag=eloabder-20&linkCode=osi&th=1&psc=1"><img src="https://m.media-amazon.com/images/I/31KSmmAWUWL._SL500_.jpg" alt="Product Image"></a><p>50 Sheets Grey Cardstock Paper, Colored Printer Paper 8.5 x 11, Thick Construction Paper for Cards Making, Scrapbook，Office Printing, Invitations, Certificates，DIY Crafting 92 lb/250gsm</p><p>$9.99</p><a href="https://www.amazon.com/dp/B0D3HPD7WP?tag=eloabder-20&linkCode=osi&th=1&psc=1">View Product</a></div>
<div class="product"><a href="https://www.amazon.com/dp/B076CP6F36?tag=eloabder-20&linkCode=osi&th=1&psc=1"><img src="https://m.media-amazon.com/images/I/51rfEIvgI+L._SL500_.jpg" alt="Product Image"></a><p>Apple Barrel, Vibrant Spectrum Collection Acrylic Craft Paint, PROMOABIII, 2 fl oz each, 16 assorted matte colors, 16 count</p><p>$15.97 ($0.50 / Fl Oz)</p><a href="https://www.amazon.com/dp/B076CP6F36?tag=eloabder-20&linkCode=osi&th=1&psc=1">View Product</a></div><div class="product"><a href="https://www.amazon.com/dp/B0BKFLSYQF?tag=eloabder-20&linkCode=osi&th=1&psc=1"><img src="https://m.media-amazon.com/images/I/51a0PmPRknL._SL500_.jpg" alt="Product Image"></a><p>72 Pack Acrylic Paint Set, Shuttle Art 60 Colors Acrylic Paint Including Extra White Black & 12 Brushes, 2oz/60ml, Rich Pigmented, Water Proof, Ideal for Artists, Beginners on Canvas Rock Wood Ceramic</p><p>$45.99 ($23.00 / Fl Oz)</p><a href="https://www.amazon.com/dp/B0BKFLSYQF?tag=eloabder-20&linkCode=osi&th=1&psc=1">View Product</a></div><div class="product"><a href="https://www.amazon.com/dp/B08CB3JH79?tag=eloabder-20&linkCode=osi&th=1&psc=1"><img src="https://m.media-amazon.com/images/I/51OUZsFdnTL._SL500_.jpg" alt="Product Image"></a><p>Acrylic Paint Set of 36 Colors 2fl oz 60ml Bottles,Non Toxic 36 Colors Acrylic Paint No Fading Rich Pigment for Kids Adults Artists Canvas Crafts Wood Painting</p><p>$32.99 ($0.46 / Fl Oz)</p><a href="https://www.amazon.com/dp/B08CB3JH79?tag=eloabder-20&linkCode=osi&th=1&psc=1">View Product</a></div><div class="product"><a href="https://www.amazon.com/dp/B0018NBVKQ?tag=eloabder-20&linkCode=osi&th=1&psc=1"><img src="https://m.media-amazon.com/images/I/31YlSvZMTCL._SL500_.jpg" alt="Product Image"></a><p>Apple Barrel Acrylic Paint in Assorted Colors (8 Ounce), 20403 White</p><p>$2.67 ($0.33 / Fl Oz)</p><a href="https://www.amazon.com/dp/B0018NBVKQ?tag=eloabder-20&linkCode=osi&th=1&psc=1">View Product</a></div><div class="product"><a href="https://www.amazon.com/dp/B077WSBLZ1?tag=eloabder-20&linkCode=osi&th=1&psc=1"><img src="https://m.media-amazon.com/images/I/51KPkXpLn1L._SL500_.jpg" alt="Product Image"></a><p>Shuttle Art Acrylic Paint Set, 30 x12ml Tubes Artist Quality Non Toxic Rich Pigments Colors Great for Kids Adults Professional Painting on Rocks Canvas Wood Clay Fabric Ceramic Crafts</p><p>$12.99 ($1.08 / Fl Oz)</p><a href="https://www.amazon.com/dp/B077WSBLZ1?tag=eloabder-20&linkCode=osi&th=1&psc=1">View Product</a></div><div class="product"><a href="https://www.amazon.com/dp/B00889Z5Y6?tag=eloabder-20&linkCode=osi&th=1&psc=1"><img src="https://m.media-amazon.com/images/I/41MQjsyDbSL._SL500_.jpg" alt="Product Image"></a><p>Apple Barrel Acrylic Paint in Assorted Colors (2 oz), 20764, Apricot</p><p>$0.58 ($0.29 / Fl Oz)</p><a href="https://www.amazon.com/dp/B00889Z5Y6?tag=eloabder-20&linkCode=osi&th=1&psc=1">View Product</a></div><div class="product"><a href="https://www.amazon.com/dp/B09TWQD5ZL?tag=eloabder-20&linkCode=osi&th=1&psc=1"><img src="https://m.media-amazon.com/images/I/41B0L003QXL._SL500_.jpg" alt="Product Image"></a><p>Artkey Acrylic Paint Set - 24 colors 2 oz/59 ml Acrylic Paints Professional Artists Painting Kit for Canvases Fabric Rock Leather Easter Egg Wood Ceramic Glass Art Craft Painting</p><p>$19.99 ($0.42 / Fl Oz)</p><a href="https://www.amazon.com/dp/B09TWQD5ZL?tag=eloabder-20&linkCode=osi&th=1&psc=1">View Product</a></div><div class="product"><a href="https://www.amazon.com/dp/B07Z93LQDB?tag=eloabder-20&linkCode=osi&th=1&psc=1"><img src="https://m.media-amazon.com/images/I/51veoN6zK0L._SL500_.jpg" alt="Product Image"></a><p>Shuttle Art Acrylic Paint Set, 36 Colors Acrylic Paint with Brushes & Palette, 2oz Bottles, Rich Pigments Non-toxic Paint for Artists Kids & Adults, Art Supplies for Canvas Rock Ceramic Wood Painting</p><p>$27.99</p><a href="https://www.amazon.com/dp/B07Z93LQDB?tag=eloabder-20&linkCode=osi&th=1&psc=1">View Product</a></div><div class="product"><a href="https://www.amazon.com/dp/B002665SYY?tag=eloabder-20&linkCode=osi&th=1&psc=1"><img src="https://m.media-amazon.com/images/I/31sJJeWK6OS._SL500_.jpg" alt="Product Image"></a><p>Liquitex BASICS Acrylic Paint, 250ml (8.5-oz) Tube, Titanium White</p><p>$9.99 ($1.18 / Fl Oz)</p><a href="https://www.amazon.com/dp/B002665SYY?tag=eloabder-20&linkCode=osi&th=1&psc=1">View Product</a></div>
<div class="product"><a href="https://www.amazon.com/dp/B0CC98XLGL?tag=eloabder-20&linkCode=osi&th=1&psc=1"><img src="https://m.media-amazon.com/images/I/51ZLw+nThiL._SL500_.jpg" alt="Product Image"></a><p>HUIRUSO 4 Pack Double Sided Tape Roller, Scrapbook Supplies, Glue Tape Roller for Crafts, Double-Sided Adhesive Tape Runner for Scrapbooking, School Office Journaling Supplies (0.31 in X 26.25 ft)</p><p>$6.99 ($1.75 / Count)</p><a href="https://www.amazon.com/dp/B0CC98XLGL?tag=eloabder-20&linkCode=osi&th=1&psc=1">View Product</a></div><div class="product"><a href="https://www.amazon.com/dp/B007XAAE6K?tag=eloabder-20&linkCode=osi&th=1&psc=1"><img src="https://m.media-amazon.com/images/I/414qxYVR0wL._SL500_.jpg" alt="Product Image"></a><p>Scotch Double Sided Tape Runner, 1-Pack, 0.27 in x 26 ft., Perfect for Holiday Crafts, Gifts, and More</p><p>$4.47</p><a href="https://www.amazon.com/dp/B007XAAE6K?tag=eloabder-20&linkCode=osi&th=1&psc=1">View Product</a></div><div class="product"><a href="https://www.amazon.com/dp/B0BZVGPFSK?tag=eloabder-20&linkCode=osi&th=1&psc=1"><img src="https://m.media-amazon.com/images/I/51-ue9+7JkL._SL500_.jpg" alt="Product Image"></a><p>Birllaid Double Sided Tape for Walls, Picture Hanging Strips Removable Mounting Dots Adhesive Heavy Duty, Removable for Art Craft, Decoration, Party Supplies, Multipurpose</p><p>$11.99</p><a href="https://www.amazon.com/dp/B0BZVGPFSK?tag=eloabder-20&linkCode=osi&th=1&psc=1">View Product</a></div><div class="product"><a href="https://www.amazon.com/dp/B0CGVN9SL1?tag=eloabder-20&linkCode=osi&th=1&psc=1"><img src="https://m.media-amazon.com/images/I/41Hy+i4CnoL._SL500_.jpg" alt="Product Image"></a><p>30Ft x 1 Inch Hook and Loop Strips with Adhesive,Double Rolls of Heavy Duty Self Adhesive Tape with Backing, Nylon Self Adhesive Tape for Home Office School and Crafting,White</p><p>$9.99</p><a href="https://www.amazon.com/dp/B0CGVN9SL1?tag=eloabder-20&linkCode=osi&th=1&psc=1">View Product</a></div><div class="product"><a href="https://www.amazon.com/dp/B07Y3VDPLF?tag=eloabder-20&linkCode=osi&th=1&psc=1"><img src="https://m.media-amazon.com/images/I/41cyKQ2OMuL._SL500_.jpg" alt="Product Image"></a><p>Melsan 1x4 inch Hook and Loop Strips with Adhesive - 15 Sets, Strong Back Adhesive Fasten Mounting Tape for Home or Office Use - Instead of Holes and Screws, Black</p><p>$7.82</p><a href="https://www.amazon.com/dp/B07Y3VDPLF?tag=eloabder-20&linkCode=osi&th=1&psc=1">View Product</a></div><div class="product"><a href="https://www.amazon.com/dp/B07V57VJT5?tag=eloabder-20&linkCode=osi&th=1&psc=1"><img src="https://m.media-amazon.com/images/I/514JO3bvl3L._SL500_.jpg" alt="Product Image"></a><p>XFasten Adhesive Roller for Scrapbooking, 8mm x 30ft 4-Pack Double Sided Glue Tape Roller, Scrapbook Supplies for Adults, Photo Tape for Scrapbooking</p><p>$9.99 ($2.50 / Count)</p><a href="https://www.amazon.com/dp/B07V57VJT5?tag=eloabder-20&linkCode=osi&th=1&psc=1">View Product</a></div><div class="product"><a href="https://www.amazon.com/dp/B07JLTGQHX?tag=eloabder-20&linkCode=osi&th=1&psc=1"><img src="https://m.media-amazon.com/images/I/51Eqfo7kUZL._SL500_.jpg" alt="Product Image"></a><p>UPINS 120 Pack Double Sided Foam Tape Square Self-Adhesive Foam Tape Black Strong Tape Pads for DIY Art Crafts Supplies</p><p>$9.99 ($0.08 / Count)</p><a href="https://www.amazon.com/dp/B07JLTGQHX?tag=eloabder-20&linkCode=osi&th=1&psc=1">View Product</a></div><div class="product"><a href="https://www.amazon.com/dp/B005FM6XF4?tag=eloabder-20&linkCode=osi&th=1&psc=1"><img src="https://m.media-amazon.com/images/I/51-vp1WJ89L._SL500_.jpg" alt="Product Image"></a><p>AdTech 5603 Permanent Crafter's Tape, 0.31" x 315", Pack of 4</p><p>$7.84 ($0.07 / Foot)</p><a href="https://www.amazon.com/dp/B005FM6XF4?tag=eloabder-20&linkCode=osi&th=1&psc=1">View Product</a></div><div class="product"><a href="https://www.amazon.com/dp/B0CJF1FLFJ?tag=eloabder-20&linkCode=osi&th=1&psc=1"><img src="https://m.media-amazon.com/images/I/51dig1RqzdL._SL500_.jpg" alt="Product Image"></a><p>UPINS 150Pack Double Sided Foam Tape Strong Sticky Double Sided Foam Pads for Crafts Self-Adhesive Mounting Foam Tape Heavy Duty for Home Wall Decor 40 * 40 * 2mm</p><p>$8.99 ($0.06 / Count)</p><a href="https://www.amazon.com/dp/B0CJF1FLFJ?tag=eloabder-20&linkCode=osi&th=1&psc=1">View Product</a></div><div class="product"><a href="https://www.amazon.com/dp/B0D4YWRGCL?tag=eloabder-20&linkCode=osi&th=1&psc=1"><img src="https://m.media-amazon.com/images/I/41EqJ553-KL._SL500_.jpg" alt="Product Image"></a><p>Amanbo Glue Tape for Scrapbooking, 6 Pack Scrapbook Tape, Double Sided Tape Roller for Crafts, Total 120 Ft x 0.24 in Tape Runner, Craft Supplies for Scrapbooking, Gift Wrapping and Photo Tape</p><p>$6.99</p><a href="https://www.amazon.com/dp/B0D4YWRGCL?tag=eloabder-20&linkCode=osi&th=1&psc=1">View Product</a></div>
<div class="product"><a href="https://www.amazon.com/dp/B0CC5HPPTN?tag=eloabder-20&linkCode=osi&th=1&psc=1"><img src="https://m.media-amazon.com/images/I/519M81S201L._SL500_.jpg" alt="Product Image"></a><p>Airbrush Paint - 30 Colors with 3 Thinner, Ready to Spray Airbrush Paint Set, Water-Based Acrylic Air brush Paints for Metal, Plastic Models, Canvas, Wood, 20ml/Bottle</p><p>$32.99 ($1.48 / Fl Oz)</p><a href="https://www.amazon.com/dp/B0CC5HPPTN?tag=eloabder-20&linkCode=osi&th=1&psc=1">View Product</a></div>
<div class="product"><a href="https://www.amazon.com/dp/B0CXPSGK36?tag=eloabder-20&linkCode=osi&th=1&psc=1"><img src="https://m.media-amazon.com/images/I/51dd2dYOtrL._SL500_.jpg" alt="Product Image"></a><p>Letter Stickers 30 Sheets 1500 PCS Large Alphabet Sticker 2 Inch Vinyl Self Adhesive Stick on Stickers for Water Bottles Cup Mailbox Number Address Craft Scrapbooking Bulletin Board Decor Multicolor</p><p>$9.99</p><a href="https://www.amazon.com/dp/B0CXPSGK36?tag=eloabder-20&linkCode=osi&th=1&psc=1">View Product</a></div><div class="product"><a href="https://www.amazon.com/dp/B07NNYFMGY?tag=eloabder-20&linkCode=osi&th=1&psc=1"><img src="https://m.media-amazon.com/images/I/51yDnU+gEXL._SL500_.jpg" alt="Product Image"></a><p>20 Sheets Alphabet Letter Stickers 10 Colors Self Adhesive Sticker Colorful PU Material Convex Feeling (Colored Letter Stickers 1)</p><p>$6.99 ($0.35 / Count)</p><a href="https://www.amazon.com/dp/B07NNYFMGY?tag=eloabder-20&linkCode=osi&th=1&psc=1">View Product</a></div>

<div class="product"><a href="https://www.amazon.com/dp/B01DDN8854?tag=eloabder-20&linkCode=osi&th=1&psc=1"><img src="https://m.media-amazon.com/images/I/61dPubDZBSL._SL500_.jpg" alt="Product Image"></a><p>Hugs 'n Kisses HNKHABY13 Applique Paper (20 Pack)</p><p>$19.72 ($0.99 / Count)</p><a href="https://www.amazon.com/dp/B01DDN8854?tag=eloabder-20&linkCode=osi&th=1&psc=1">View Product</a></div>
<div class="product"><a href="https://www.amazon.com/dp/B09KPNFJW1?tag=eloabder-20&linkCode=osi&th=1&psc=1"><img src="https://m.media-amazon.com/images/I/41abn5fELmL._SL500_.jpg" alt="Product Image"></a><p>UniPleased Disposable Aprons (50 Count), Plastic apron for Painting Party, Cooking, Housework, Picnic etc.</p><p>$5.69</p><a href="https://www.amazon.com/dp/B09KPNFJW1?tag=eloabder-20&linkCode=osi&th=1&psc=1">View Product</a></div>
<div class="product"><a href="https://www.amazon.com/dp/B087M21MM2?tag=eloabder-20&linkCode=osi&th=1&psc=1"><img src="https://m.media-amazon.com/images/I/41Xf-jehhLL._SL500_.jpg" alt="Product Image"></a><p>GOTIDEAL Stretched Canvas, Multi Pack 4x4, 5x7, 8x10,9x12, 11x14 Set of 10, Primed White - 100% Cotton Artist Canvas Boards for Painting, Acrylic Pouring, Oil Paint Dry & Wet Art Media</p><p>$24.99</p><a href="https://www.amazon.com/dp/B087M21MM2?tag=eloabder-20&linkCode=osi&th=1&psc=1">View Product</a></div><div class="product"><a href="https://www.amazon.com/dp/B00OQJYISG?tag=eloabder-20&linkCode=osi&th=1&psc=1"><img src="https://m.media-amazon.com/images/I/31fEDLPkkcL._SL500_.jpg" alt="Product Image"></a><p>6 Count 12” x 16” Super Value Canvas by Artist's Loft Necessities - Acid Free Cotton Canvas for Paint, Acrylic, & Oils - 1 Pack</p><p>$19.99</p><a href="https://www.amazon.com/dp/B00OQJYISG?tag=eloabder-20&linkCode=osi&th=1&psc=1">View Product</a></div><div class="product"><a href="https://www.amazon.com/dp/B09CDKB9HY?tag=eloabder-20&linkCode=osi&th=1&psc=1"><img src="https://m.media-amazon.com/images/I/51+p5xnClGL._SL500_.jpg" alt="Product Image"></a><p>DPDIAN Canvas Boards for Painting 40 Pack, 8 inch x 10 inch Super Value Pack, Artist Canvas Panels for Oil & Acrylic Painting</p><p>$29.99</p><a href="https://www.amazon.com/dp/B09CDKB9HY?tag=eloabder-20&linkCode=osi&th=1&psc=1">View Product</a></div><div class="product"><a href="https://www.amazon.com/dp/B0CFBGP29G?tag=eloabder-20&linkCode=osi&th=1&psc=1"><img src="https://m.media-amazon.com/images/I/3147Az5plbL._SL500_.jpg" alt="Product Image"></a><p>ArtSkills Stretched Canvases for Painting, 12x16 Canvas Painting Supplies for Artists, Blank Canvas Pack, 2-Pack</p><p>$16.99</p><a href="https://www.amazon.com/dp/B0CFBGP29G?tag=eloabder-20&linkCode=osi&th=1&psc=1">View Product</a></div><div class="product"><a href="https://www.amazon.com/dp/B07BNGQ1SS?tag=eloabder-20&linkCode=osi&th=1&psc=1"><img src="https://m.media-amazon.com/images/I/410ZVtygUwS._SL500_.jpg" alt="Product Image"></a><p>PHOENIX Stretched Canvas for Painting 8x10 Inch/10 Value Pack, 8 Oz Triple Primed 5/8 Inch Profile 100% Cotton White Blank Canvas, Artist Framed Canvas for Oil Acrylic & Pouring Art</p><p>$22.99</p><a href="https://www.amazon.com/dp/B07BNGQ1SS?tag=eloabder-20&linkCode=osi&th=1&psc=1">View Product</a></div><div class="product"><a href="https://www.amazon.com/dp/B0922JP1H4?tag=eloabder-20&linkCode=osi&th=1&psc=1"><img src="https://m.media-amazon.com/images/I/41BmiEND1KL._SL500_.jpg" alt="Product Image"></a><p>GOTIDEAL Canvases for Painting, 18 Pack Canvas Boards Multipack 4x4, 5x7, 8x10, 9x12,11x14,Primed White Blank Artist Canvas Variety Pack for Acrylic Paint, Oil Paint, Watercolor, Gouache</p><p>$19.99</p><a href="https://www.amazon.com/dp/B0922JP1H4?tag=eloabder-20&linkCode=osi&th=1&psc=1">View Product</a></div>


<div class="product"><a href="https://www.amazon.com/dp/B0872VFHBH?tag=eloabder-20&linkCode=osi&th=1&psc=1"><img src="https://m.media-amazon.com/images/I/51k3bekQheS._SL500_.jpg" alt="Product Image"></a><p>Bachmore Drawing Pad 9X12 Inch (110lb/180g), 60 Sheets, Top Spiral Bound Multi-Media for Artist Pro & Amateurs | Acrylic Art, Ink, Paint, Oil Pastels,Watercolor Mixed Media Sketch</p><p>$11.99</p><a href="https://www.amazon.com/dp/B0872VFHBH?tag=eloabder-20&linkCode=osi&th=1&psc=1">View Product</a></div><div class="product"><a href="https://www.amazon.com/dp/B0027A75A4?tag=eloabder-20&linkCode=osi&th=1&psc=1"><img src="https://m.media-amazon.com/images/I/51dyOxxcgYL._SL500_.jpg" alt="Product Image"></a><p>Strathmore 200 Series Sketch Pad, 9x12 inch, 100 Sheets, Tape Bound - Artist Sketchbook for Drawing, Illustration, Art Class Students</p><p>$6.99 ($0.07 / Count)</p><a href="https://www.amazon.com/dp/B0027A75A4?tag=eloabder-20&linkCode=osi&th=1&psc=1">View Product</a></div><div class="product"><a href="https://www.amazon.com/dp/B0BV13YQKX?tag=eloabder-20&linkCode=osi&th=1&psc=1"><img src="https://m.media-amazon.com/images/I/41VYfMpvXUL._SL500_.jpg" alt="Product Image"></a><p>Canson Graduate Watercolor Pad, Foldover, 9x12 inch, 20 Sheets | Artist Paper for Adults and Students - Painting, Gouache, Mixed Media and Ink</p><p>$4.97 ($0.41 / Count)</p><a href="https://www.amazon.com/dp/B0BV13YQKX?tag=eloabder-20&linkCode=osi&th=1&psc=1">View Product</a></div><div class="product"><a href="https://www.amazon.com/dp/B0024KMQ6K?tag=eloabder-20&linkCode=osi&th=1&psc=1"><img src="https://m.media-amazon.com/images/I/51sYdvPPUCL._SL500_.jpg" alt="Product Image"></a><p>Strathmore 400 Series Pastel Pad, Assorted Colors, 9"x12" Glue Bound, 24 Sheets</p><p>$9.11</p><a href="https://www.amazon.com/dp/B0024KMQ6K?tag=eloabder-20&linkCode=osi&th=1&psc=1">View Product</a></div><div class="product"><a href="https://www.amazon.com/dp/B00246O6PI?tag=eloabder-20&linkCode=osi&th=1&psc=1"><img src="https://m.media-amazon.com/images/I/517TUmckOIL._SL500_.jpg" alt="Product Image"></a><p>Strathmore 300 Series Drawing Paper Pad, Top Wire Bound, 11x14 inches, 50 Sheets (70lb/114g) - Artist Paper for Adults and Students - Charcoal, Colored Pencil, Ink, Pastel, Marker</p><p>$13.33</p><a href="https://www.amazon.com/dp/B00246O6PI?tag=eloabder-20&linkCode=osi&th=1&psc=1">View Product</a></div>
<div class="product"><a href="https://www.amazon.com/dp/B08ZMH7LJY?tag=eloabder-20&linkCode=osi&th=1&psc=1"><img src="https://m.media-amazon.com/images/I/51mJIsLJA-S._SL500_.jpg" alt="Product Image"></a><p>PANDAFLY Professional Drawing Sketching Pencil Set - 12 Pieces Graphite Pencils(14B - 2H), Ideal for Drawing Art, Sketching, Shading, Artist Pencils for Beginners & Pro Artists</p><p>$5.11</p><a href="https://www.amazon.com/dp/B08ZMH7LJY?tag=eloabder-20&linkCode=osi&th=1&psc=1">View Product</a></div><div class="product"><a href="https://www.amazon.com/dp/B088K1G5NL?tag=eloabder-20&linkCode=osi&th=1&psc=1"><img src="https://m.media-amazon.com/images/I/51F2bOMZWnL._SL500_.jpg" alt="Product Image"></a><p>MARKART Professional Drawing Sketching Pencil Set - 14 Pieces,Graphite,(12B - 4H), Ideal for Drawing Art, Sketching, Shading, Artist Pencils for Beginners & Pro Artists</p><p>$5.24</p><a href="https://www.amazon.com/dp/B088K1G5NL?tag=eloabder-20&linkCode=osi&th=1&psc=1">View Product</a></div><div class="product"><a href="https://www.amazon.com/dp/B08FHMRW4L?tag=eloabder-20&linkCode=osi&th=1&psc=1"><img src="https://m.media-amazon.com/images/I/51Pmn5gjyzL._SL500_.jpg" alt="Product Image"></a><p>Mr. Pen- Sketch Pencils for Drawing, 14 Pack, Drawing Pencils, Art Pencils, Graphite Pencils, Graphite Pencils for Drawing, Art Pencils for Drawing and Shading</p><p>$5.95</p><a href="https://www.amazon.com/dp/B08FHMRW4L?tag=eloabder-20&linkCode=osi&th=1&psc=1">View Product</a></div><div class="product"><a href="https://www.amazon.com/dp/B0BNQ58DC4?tag=eloabder-20&linkCode=osi&th=1&psc=1"><img src="https://m.media-amazon.com/images/I/51e-gQtCcCL._SL500_.jpg" alt="Product Image"></a><p>MARTCOLOR Drawing Sketching Pencils Set, 12 Pack Graphite Pencils(14B - 2H), Ideal for Drawing Art, Sketching, Shading, Artist Pencils for Beginners & Pro Artists</p><p>$5.99</p><a href="https://www.amazon.com/dp/B0BNQ58DC4?tag=eloabder-20&linkCode=osi&th=1&psc=1">View Product</a></div>

<div class="product"><a href="https://www.amazon.com/dp/B0851M3749?tag=eloabder-20&linkCode=osi&th=1&psc=1"><img src="https://m.media-amazon.com/images/I/41KKSGSDl5L._SL500_.jpg" alt="Product Image"></a><p>N NOROCME 12 PCS Blending Stumps and Tortillions Paper Art Blenders with Sandpaper Pencil Sharpener Pointer for Student Artist Charcoal Sketch Drawing Tools</p><p>$4.99</p><a href="https://www.amazon.com/dp/B0851M3749?tag=eloabder-20&linkCode=osi&th=1&psc=1">View Product</a></div><div class="product"><a href="https://www.amazon.com/dp/B09J3HKN8F?tag=eloabder-20&linkCode=osi&th=1&psc=1"><img src="https://m.media-amazon.com/images/I/51Qvx81eQLL._SL500_.jpg" alt="Product Image"></a><p>Eraser Pencils Set for Artists, Wooden Sketch Eraser Pen for Charcoal Drawings, Professional Highlight Painting Eraser for Sketching, Revise Erasing Details for Students Limner</p><p>$6.99</p><a href="https://www.amazon.com/dp/B09J3HKN8F?tag=eloabder-20&linkCode=osi&th=1&psc=1">View Product</a></div>
<div class="product"><a href="https://www.amazon.com/dp/B09WCQ89T8?tag=eloabder-20&linkCode=osi&th=1&psc=1"><img src="https://m.media-amazon.com/images/I/41gZz0qgBFL._SL500_.jpg" alt="Product Image"></a><p>Bernat BABY BLANKET BB Blue Dreams Yarn - 1 Pack of 10.5oz/300g - Polyester - #6 Super Bulky - 220 Yards - Knitting/Crochet</p><p>$6.97</p><a href="https://www.amazon.com/dp/B09WCQ89T8?tag=eloabder-20&linkCode=osi&th=1&psc=1">View Product</a></div><div class="product"><a href="https://www.amazon.com/dp/B07V5JVNFD?tag=eloabder-20&linkCode=osi&th=1&psc=1"><img src="https://m.media-amazon.com/images/I/41IS+HdtiOL._SL500_.jpg" alt="Product Image"></a><p>Lion Brand Yarn Basic Stitch Anti-Pilling Knitting Yarn, Yarn for Crocheting, 1-Pack, Baby Blue</p><p>$8.40 ($0.02 / Foot)</p><a href="https://www.amazon.com/dp/B07V5JVNFD?tag=eloabder-20&linkCode=osi&th=1&psc=1">View Product</a></div><div class="product"><a href="https://www.amazon.com/dp/B01M0AJID2?tag=eloabder-20&linkCode=osi&th=1&psc=1"><img src="https://m.media-amazon.com/images/I/41yVau0AUpL._SL500_.jpg" alt="Product Image"></a><p>Lion Brand Yarn (1 Skein) Lion Brand Yarn Babysoft Baby Yarn Yarn, Little Boy Blue Multicolor</p><p>$7.19 ($0.01 / Foot)</p><a href="https://www.amazon.com/dp/B01M0AJID2?tag=eloabder-20&linkCode=osi&th=1&psc=1">View Product</a></div><div class="product"><a href="https://www.amazon.com/dp/B09W1KHF42?tag=eloabder-20&linkCode=osi&th=1&psc=1"><img src="https://m.media-amazon.com/images/I/41maDlrio5L._SL500_.jpg" alt="Product Image"></a><p>Red Heart Super Saver Light Blue Yarn - 3 Pack of 198g/7oz - Acrylic - 4 Medium (Worsted) - 364 Yards - Knitting/Crochet</p><p>$13.29 ($4.43 / Count)</p><a href="https://www.amazon.com/dp/B09W1KHF42?tag=eloabder-20&linkCode=osi&th=1&psc=1">View Product</a></div><div class="product"><a href="https://www.amazon.com/dp/B08LKVZ3CX?tag=eloabder-20&linkCode=osi&th=1&psc=1"><img src="https://m.media-amazon.com/images/I/41GLizNx8UL._SL500_.jpg" alt="Product Image"></a><p>Bernat Baby Blanket Baby Blue Yarn - 3 Pack of 100g/3.5oz - Polyester - 6 Super Bulky - 72 Yards - Knitting/Crochet</p><p>$21.81</p><a href="https://www.amazon.com/dp/B08LKVZ3CX?tag=eloabder-20&linkCode=osi&th=1&psc=1">View Product</a></div><div class="product"><a href="https://www.amazon.com/dp/B0CHJ95WHJ?tag=eloabder-20&linkCode=osi&th=1&psc=1"><img src="https://m.media-amazon.com/images/I/314E1EQdihL._SL500_.jpg" alt="Product Image"></a><p>NORCIA Soft Velvet Yarn Chenille Yarn for Crocheting Baby Blanket Yarn for Knitting Amigurumi Yarn Fancy Yarn for Crochet Weaving Craft (Baby Blue, 1 Skein)</p><p>$9.99</p><a href="https://www.amazon.com/dp/B0CHJ95WHJ?tag=eloabder-20&linkCode=osi&th=1&psc=1">View Product</a></div>
<div class="product"><a href="https://www.amazon.com/dp/B0779F2TXJ?tag=eloabder-20&linkCode=osi&th=1&psc=1"><img src="https://m.media-amazon.com/images/I/31kqZr8DJzL._SL500_.jpg" alt="Product Image"></a><p>OPENDGO Feather Ballpoint Pen ，Black Ink Vintage Feather Quill Refined Plated Rod Quill Ballpoint Pen For School Writing ▏Wedding Gift Signature Pen (Black)</p><p>$6.97</p><a href="https://www.amazon.com/dp/B0779F2TXJ?tag=eloabder-20&linkCode=osi&th=1&psc=1">View Product</a></div><div class="product"><a href="https://www.amazon.com/dp/B0CQF3BJ3S?tag=eloabder-20&linkCode=osi&th=1&psc=1"><img src="https://m.media-amazon.com/images/I/41gs6AOiP6L._SL500_.jpg" alt="Product Image"></a><p>3 in 1 Retractable Ballpoint Pen with Light and Stylus, Nice Pens for Journaling Writing in The Dark - White/Red Light Tip- 0.7mm Black Ink</p><p>$12.99</p><a href="https://www.amazon.com/dp/B0CQF3BJ3S?tag=eloabder-20&linkCode=osi&th=1&psc=1">View Product</a></div><div class="product"><a href="https://www.amazon.com/dp/B08BBZ3B8G?tag=eloabder-20&linkCode=osi&th=1&psc=1"><img src="https://m.media-amazon.com/images/I/41cMHyw60wL._SL500_.jpg" alt="Product Image"></a><p>Mr. Pen- Pens, Black Pens, 12 Pack, Fast Dry, No Smear Pens, Bible Pens, Pens for Journaling, Pens No Bleed Through, Pens Fine Point, Journal Pens, Fine Tip, Planner Pens, Ball Point Journal Pens</p><p>$9.99</p><a href="https://www.amazon.com/dp/B08BBZ3B8G?tag=eloabder-20&linkCode=osi&th=1&psc=1">View Product</a></div><div class="product"><a href="https://www.amazon.com/dp/B0D4YWWGX6?tag=eloabder-20&linkCode=osi&th=1&psc=1"><img src="https://m.media-amazon.com/images/I/31xHBCCzJqL._SL500_.jpg" alt="Product Image"></a><p>PATIKIL 21cm/8" Feather Ballpoint Pen, 1Pcs Ink Vintage Quill Pen Refined Plated Dip Pen for Calligraphy Writing Signature Wedding Gift, Yellow</p><p>$7.49</p><a href="https://www.amazon.com/dp/B0D4YWWGX6?tag=eloabder-20&linkCode=osi&th=1&psc=1">View Product</a></div>

<div class="product"><a href="https://www.amazon.com/dp/B001TLDEVQ?tag=eloabder-20&linkCode=osi&th=1&psc=1"><img src="https://m.media-amazon.com/images/I/41jYF39F6lL._SL500_.jpg" alt="Product Image"></a><p>Beadalon SuppleMax Illusion Beading Cord, 0.40 mm / 0.016 in, Clear Monofilament, 50 m / 164 ft</p><p>$4.74</p><a href="https://www.amazon.com/dp/B001TLDEVQ?tag=eloabder-20&linkCode=osi&th=1&psc=1">View Product</a></div><div class="product"><a href="https://www.amazon.com/dp/B0D2HVFZ7Q?tag=eloabder-20&linkCode=osi&th=1&psc=1"><img src="https://m.media-amazon.com/images/I/41R66LMYz7L._SL500_.jpg" alt="Product Image"></a><p>Zxiixz 116Yards 0.5mm Bracelet String, Waxed String Cord for Bracelet Making, Beading Thread for Bracelet Beads, Friendship Bracelet String for Bracelet Making, Waxed Polyester Cord for Jewelry Making</p><p>$6.99</p><a href="https://www.amazon.com/dp/B0D2HVFZ7Q?tag=eloabder-20&linkCode=osi&th=1&psc=1">View Product</a></div><div class="product"><a href="https://www.amazon.com/dp/B07BNF8KH5?tag=eloabder-20&linkCode=osi&th=1&psc=1"><img src="https://m.media-amazon.com/images/I/51jVByheyVL._SL500_.jpg" alt="Product Image"></a><p>PH PandaHall 100 Yards 1mm Waxed Cotton Cord Thread Beading String for Bracelet Necklace Making Crafting Beading Macrame Vase Decor, Burlywood</p><p>$7.19 ($0.02 / Foot)</p><a href="https://www.amazon.com/dp/B07BNF8KH5?tag=eloabder-20&linkCode=osi&th=1&psc=1">View Product</a></div><div class="product"><a href="https://www.amazon.com/dp/B07HBPGXJG?tag=eloabder-20&linkCode=osi&th=1&psc=1"><img src="https://m.media-amazon.com/images/I/41xi8gO6kDL._SL500_.jpg" alt="Product Image"></a><p>Paxcoo 0.8mm Elastic String, Stretchy Bracelet String Crystal String Bead Cord for Bracelet, Beading and Jewelry Making (120m)</p><p>$6.99 ($0.02 / Foot)</p><a href="https://www.amazon.com/dp/B07HBPGXJG?tag=eloabder-20&linkCode=osi&th=1&psc=1">View Product</a></div><div class="product"><a href="https://www.amazon.com/dp/B0CNPST7D9?tag=eloabder-20&linkCode=osi&th=1&psc=1"><img src="https://m.media-amazon.com/images/I/41A9VISFC4L._SL500_.jpg" alt="Product Image"></a><p>Kblick Black Nylon String Cord - 1MM 100 Yards Black Twine, Bracelet String for Bracelet Making, Braided Ornament Lanyard Sting, Jewelry Thread Clay Bead String for Crafts, Macrame Satin Cord</p><p>$5.99 ($0.02 / Foot)</p><a href="https://www.amazon.com/dp/B0CNPST7D9?tag=eloabder-20&linkCode=osi&th=1&psc=1">View Product</a></div><div class="product"><a href="https://www.amazon.com/dp/B08GC3JF9X?tag=eloabder-20&linkCode=osi&th=1&psc=1"><img src="https://m.media-amazon.com/images/I/41FQZYhvQpL._SL500_.jpg" alt="Product Image"></a><p>Cheriswelry 100M 0.8mm Nylon Beading Cord Black Chinese Knotting Rattail Macrame Thread String Roll for Jewelry Making Kumihimo Wrapping Supplies DIY Crafts</p><p>$6.99 ($0.02 / Fl Oz)</p><a href="https://www.amazon.com/dp/B08GC3JF9X?tag=eloabder-20&linkCode=osi&th=1&psc=1">View Product</a></div><div class="product"><a href="https://www.amazon.com/dp/B0B3V9RWQC?tag=eloabder-20&linkCode=osi&th=1&psc=1"><img src="https://m.media-amazon.com/images/I/41F-OP+yCxL._SL500_.jpg" alt="Product Image"></a><p>Griffin Silk Bead Cord Perlseide – Black Color – Size 3 (0.50mm) – 2 Meters per Card – Stainless Steel Needle Attached – for Knotting Pearls, Gemstones, Crystals and Beads</p><p>$4.99 ($0.76 / Foot)</p><a href="https://www.amazon.com/dp/B0B3V9RWQC?tag=eloabder-20&linkCode=osi&th=1&psc=1">View Product</a></div><div class="product"><a href="https://www.amazon.com/dp/B08F49YVQP?tag=eloabder-20&linkCode=osi&th=1&psc=1"><img src="https://m.media-amazon.com/images/I/41yCMIpj0rS._SL500_.jpg" alt="Product Image"></a><p>1mm Stretchy Bracelet String, Sturdy Rainbow Elastic String Elastic Cord for Jewelry Making, Necklaces, Beading and Crafts</p><p>$6.99 ($0.04 / Foot)</p><a href="https://www.amazon.com/dp/B08F49YVQP?tag=eloabder-20&linkCode=osi&th=1&psc=1">View Product</a></div>



<div class="product"><a href="https://www.amazon.com/dp/B0D3HPD7WP?tag=eloabder-20&linkCode=osi&th=1&psc=1"><img src="https://m.media-amazon.com/images/I/31KSmmAWUWL._SL500_.jpg" alt="Product Image"></a><p>50 Sheets Grey Cardstock Paper, Colored Printer Paper 8.5 x 11, Thick Construction Paper for Cards Making, Scrapbook，Office Printing, Invitations, Certificates，DIY Crafting 92 lb/250gsm</p><p>$9.99</p><a href="https://www.amazon.com/dp/B0D3HPD7WP?tag=eloabder-20&linkCode=osi&th=1&psc=1">View Product</a></div>
<div class="product"><a href="https://www.amazon.com/dp/B076CP6F36?tag=eloabder-20&linkCode=osi&th=1&psc=1"><img src="https://m.media-amazon.com/images/I/51rfEIvgI+L._SL500_.jpg" alt="Product Image"></a><p>Apple Barrel, Vibrant Spectrum Collection Acrylic Craft Paint, PROMOABIII, 2 fl oz each, 16 assorted matte colors, 16 count</p><p>$15.97 ($0.50 / Fl Oz)</p><a href="https://www.amazon.com/dp/B076CP6F36?tag=eloabder-20&linkCode=osi&th=1&psc=1">View Product</a></div><div class="product"><a href="https://www.amazon.com/dp/B0BKFLSYQF?tag=eloabder-20&linkCode=osi&th=1&psc=1"><img src="https://m.media-amazon.com/images/I/51a0PmPRknL._SL500_.jpg" alt="Product Image"></a><p>72 Pack Acrylic Paint Set, Shuttle Art 60 Colors Acrylic Paint Including Extra White Black & 12 Brushes, 2oz/60ml, Rich Pigmented, Water Proof, Ideal for Artists, Beginners on Canvas Rock Wood Ceramic</p><p>$45.99 ($23.00 / Fl Oz)</p><a href="https://www.amazon.com/dp/B0BKFLSYQF?tag=eloabder-20&linkCode=osi&th=1&psc=1">View Product</a></div><div class="product"><a href="https://www.amazon.com/dp/B08CB3JH79?tag=eloabder-20&linkCode=osi&th=1&psc=1"><img src="https://m.media-amazon.com/images/I/51OUZsFdnTL._SL500_.jpg" alt="Product Image"></a><p>Acrylic Paint Set of 36 Colors 2fl oz 60ml Bottles,Non Toxic 36 Colors Acrylic Paint No Fading Rich Pigment for Kids Adults Artists Canvas Crafts Wood Painting</p><p>$32.99 ($0.46 / Fl Oz)</p><a href="https://www.amazon.com/dp/B08CB3JH79?tag=eloabder-20&linkCode=osi&th=1&psc=1">View Product</a></div><div class="product"><a href="https://www.amazon.com/dp/B0018NBVKQ?tag=eloabder-20&linkCode=osi&th=1&psc=1"><img src="https://m.media-amazon.com/images/I/31YlSvZMTCL._SL500_.jpg" alt="Product Image"></a><p>Apple Barrel Acrylic Paint in Assorted Colors (8 Ounce), 20403 White</p><p>$2.67 ($0.33 / Fl Oz)</p><a href="https://www.amazon.com/dp/B0018NBVKQ?tag=eloabder-20&linkCode=osi&th=1&psc=1">View Product</a></div><div class="product"><a href="https://www.amazon.com/dp/B077WSBLZ1?tag=eloabder-20&linkCode=osi&th=1&psc=1"><img src="https://m.media-amazon.com/images/I/51KPkXpLn1L._SL500_.jpg" alt="Product Image"></a><p>Shuttle Art Acrylic Paint Set, 30 x12ml Tubes Artist Quality Non Toxic Rich Pigments Colors Great for Kids Adults Professional Painting on Rocks Canvas Wood Clay Fabric Ceramic Crafts</p><p>$12.99 ($1.08 / Fl Oz)</p><a href="https://www.amazon.com/dp/B077WSBLZ1?tag=eloabder-20&linkCode=osi&th=1&psc=1">View Product</a></div><div class="product"><a href="https://www.amazon.com/dp/B00889Z5Y6?tag=eloabder-20&linkCode=osi&th=1&psc=1"><img src="https://m.media-amazon.com/images/I/41MQjsyDbSL._SL500_.jpg" alt="Product Image"></a><p>Apple Barrel Acrylic Paint in Assorted Colors (2 oz), 20764, Apricot</p><p>$0.58 ($0.29 / Fl Oz)</p><a href="https://www.amazon.com/dp/B00889Z5Y6?tag=eloabder-20&linkCode=osi&th=1&psc=1">View Product</a></div><div class="product"><a href="https://www.amazon.com/dp/B09TWQD5ZL?tag=eloabder-20&linkCode=osi&th=1&psc=1"><img src="https://m.media-amazon.com/images/I/41B0L003QXL._SL500_.jpg" alt="Product Image"></a><p>Artkey Acrylic Paint Set - 24 colors 2 oz/59 ml Acrylic Paints Professional Artists Painting Kit for Canvases Fabric Rock Leather Easter Egg Wood Ceramic Glass Art Craft Painting</p><p>$19.99 ($0.42 / Fl Oz)</p><a href="https://www.amazon.com/dp/B09TWQD5ZL?tag=eloabder-20&linkCode=osi&th=1&psc=1">View Product</a></div><div class="product"><a href="https://www.amazon.com/dp/B07Z93LQDB?tag=eloabder-20&linkCode=osi&th=1&psc=1"><img src="https://m.media-amazon.com/images/I/51veoN6zK0L._SL500_.jpg" alt="Product Image"></a><p>Shuttle Art Acrylic Paint Set, 36 Colors Acrylic Paint with Brushes & Palette, 2oz Bottles, Rich Pigments Non-toxic Paint for Artists Kids & Adults, Art Supplies for Canvas Rock Ceramic Wood Painting</p><p>$27.99</p><a href="https://www.amazon.com/dp/B07Z93LQDB?tag=eloabder-20&linkCode=osi&th=1&psc=1">View Product</a></div><div class="product"><a href="https://www.amazon.com/dp/B002665SYY?tag=eloabder-20&linkCode=osi&th=1&psc=1"><img src="https://m.media-amazon.com/images/I/31sJJeWK6OS._SL500_.jpg" alt="Product Image"></a><p>Liquitex BASICS Acrylic Paint, 250ml (8.5-oz) Tube, Titanium White</p><p>$9.99 ($1.18 / Fl Oz)</p><a href="https://www.amazon.com/dp/B002665SYY?tag=eloabder-20&linkCode=osi&th=1&psc=1">View Product</a></div>
<div class="product"><a href="https://www.amazon.com/dp/B0CC98XLGL?tag=eloabder-20&linkCode=osi&th=1&psc=1"><img src="https://m.media-amazon.com/images/I/51ZLw+nThiL._SL500_.jpg" alt="Product Image"></a><p>HUIRUSO 4 Pack Double Sided Tape Roller, Scrapbook Supplies, Glue Tape Roller for Crafts, Double-Sided Adhesive Tape Runner for Scrapbooking, School Office Journaling Supplies (0.31 in X 26.25 ft)</p><p>$6.99 ($1.75 / Count)</p><a href="https://www.amazon.com/dp/B0CC98XLGL?tag=eloabder-20&linkCode=osi&th=1&psc=1">View Product</a></div><div class="product"><a href="https://www.amazon.com/dp/B007XAAE6K?tag=eloabder-20&linkCode=osi&th=1&psc=1"><img src="https://m.media-amazon.com/images/I/414qxYVR0wL._SL500_.jpg" alt="Product Image"></a><p>Scotch Double Sided Tape Runner, 1-Pack, 0.27 in x 26 ft., Perfect for Holiday Crafts, Gifts, and More</p><p>$4.47</p><a href="https://www.amazon.com/dp/B007XAAE6K?tag=eloabder-20&linkCode=osi&th=1&psc=1">View Product</a></div><div class="product"><a href="https://www.amazon.com/dp/B0BZVGPFSK?tag=eloabder-20&linkCode=osi&th=1&psc=1"><img src="https://m.media-amazon.com/images/I/51-ue9+7JkL._SL500_.jpg" alt="Product Image"></a><p>Birllaid Double Sided Tape for Walls, Picture Hanging Strips Removable Mounting Dots Adhesive Heavy Duty, Removable for Art Craft, Decoration, Party Supplies, Multipurpose</p><p>$11.99</p><a href="https://www.amazon.com/dp/B0BZVGPFSK?tag=eloabder-20&linkCode=osi&th=1&psc=1">View Product</a></div><div class="product"><a href="https://www.amazon.com/dp/B0CGVN9SL1?tag=eloabder-20&linkCode=osi&th=1&psc=1"><img src="https://m.media-amazon.com/images/I/41Hy+i4CnoL._SL500_.jpg" alt="Product Image"></a><p>30Ft x 1 Inch Hook and Loop Strips with Adhesive,Double Rolls of Heavy Duty Self Adhesive Tape with Backing, Nylon Self Adhesive Tape for Home Office School and Crafting,White</p><p>$9.99</p><a href="https://www.amazon.com/dp/B0CGVN9SL1?tag=eloabder-20&linkCode=osi&th=1&psc=1">View Product</a></div><div class="product"><a href="https://www.amazon.com/dp/B07Y3VDPLF?tag=eloabder-20&linkCode=osi&th=1&psc=1"><img src="https://m.media-amazon.com/images/I/41cyKQ2OMuL._SL500_.jpg" alt="Product Image"></a><p>Melsan 1x4 inch Hook and Loop Strips with Adhesive - 15 Sets, Strong Back Adhesive Fasten Mounting Tape for Home or Office Use - Instead of Holes and Screws, Black</p><p>$7.82</p><a href="https://www.amazon.com/dp/B07Y3VDPLF?tag=eloabder-20&linkCode=osi&th=1&psc=1">View Product</a></div><div class="product"><a href="https://www.amazon.com/dp/B07V57VJT5?tag=eloabder-20&linkCode=osi&th=1&psc=1"><img src="https://m.media-amazon.com/images/I/514JO3bvl3L._SL500_.jpg" alt="Product Image"></a><p>XFasten Adhesive Roller for Scrapbooking, 8mm x 30ft 4-Pack Double Sided Glue Tape Roller, Scrapbook Supplies for Adults, Photo Tape for Scrapbooking</p><p>$9.99 ($2.50 / Count)</p><a href="https://www.amazon.com/dp/B07V57VJT5?tag=eloabder-20&linkCode=osi&th=1&psc=1">View Product</a></div><div class="product"><a href="https://www.amazon.com/dp/B07JLTGQHX?tag=eloabder-20&linkCode=osi&th=1&psc=1"><img src="https://m.media-amazon.com/images/I/51Eqfo7kUZL._SL500_.jpg" alt="Product Image"></a><p>UPINS 120 Pack Double Sided Foam Tape Square Self-Adhesive Foam Tape Black Strong Tape Pads for DIY Art Crafts Supplies</p><p>$9.99 ($0.08 / Count)</p><a href="https://www.amazon.com/dp/B07JLTGQHX?tag=eloabder-20&linkCode=osi&th=1&psc=1">View Product</a></div><div class="product"><a href="https://www.amazon.com/dp/B005FM6XF4?tag=eloabder-20&linkCode=osi&th=1&psc=1"><img src="https://m.media-amazon.com/images/I/51-vp1WJ89L._SL500_.jpg" alt="Product Image"></a><p>AdTech 5603 Permanent Crafter's Tape, 0.31" x 315", Pack of 4</p><p>$7.84 ($0.07 / Foot)</p><a href="https://www.amazon.com/dp/B005FM6XF4?tag=eloabder-20&linkCode=osi&th=1&psc=1">View Product</a></div><div class="product"><a href="https://www.amazon.com/dp/B0CJF1FLFJ?tag=eloabder-20&linkCode=osi&th=1&psc=1"><img src="https://m.media-amazon.com/images/I/51dig1RqzdL._SL500_.jpg" alt="Product Image"></a><p>UPINS 150Pack Double Sided Foam Tape Strong Sticky Double Sided Foam Pads for Crafts Self-Adhesive Mounting Foam Tape Heavy Duty for Home Wall Decor 40 * 40 * 2mm</p><p>$8.99 ($0.06 / Count)</p><a href="https://www.amazon.com/dp/B0CJF1FLFJ?tag=eloabder-20&linkCode=osi&th=1&psc=1">View Product</a></div><div class="product"><a href="https://www.amazon.com/dp/B0D4YWRGCL?tag=eloabder-20&linkCode=osi&th=1&psc=1"><img src="https://m.media-amazon.com/images/I/41EqJ553-KL._SL500_.jpg" alt="Product Image"></a><p>Amanbo Glue Tape for Scrapbooking, 6 Pack Scrapbook Tape, Double Sided Tape Roller for Crafts, Total 120 Ft x 0.24 in Tape Runner, Craft Supplies for Scrapbooking, Gift Wrapping and Photo Tape</p><p>$6.99</p><a href="https://www.amazon.com/dp/B0D4YWRGCL?tag=eloabder-20&linkCode=osi&th=1&psc=1">View Product</a></div>
<div class="product"><a href="https://www.amazon.com/dp/B0CC5HPPTN?tag=eloabder-20&linkCode=osi&th=1&psc=1"><img src="https://m.media-amazon.com/images/I/519M81S201L._SL500_.jpg" alt="Product Image"></a><p>Airbrush Paint - 30 Colors with 3 Thinner, Ready to Spray Airbrush Paint Set, Water-Based Acrylic Air brush Paints for Metal, Plastic Models, Canvas, Wood, 20ml/Bottle</p><p>$32.99 ($1.48 / Fl Oz)</p><a href="https://www.amazon.com/dp/B0CC5HPPTN?tag=eloabder-20&linkCode=osi&th=1&psc=1">View Product</a></div>
<div class="product"><a href="https://www.amazon.com/dp/B0CXPSGK36?tag=eloabder-20&linkCode=osi&th=1&psc=1"><img src="https://m.media-amazon.com/images/I/51dd2dYOtrL._SL500_.jpg" alt="Product Image"></a><p>Letter Stickers 30 Sheets 1500 PCS Large Alphabet Sticker 2 Inch Vinyl Self Adhesive Stick on Stickers for Water Bottles Cup Mailbox Number Address Craft Scrapbooking Bulletin Board Decor Multicolor</p><p>$9.99</p><a href="https://www.amazon.com/dp/B0CXPSGK36?tag=eloabder-20&linkCode=osi&th=1&psc=1">View Product</a></div><div class="product"><a href="https://www.amazon.com/dp/B07NNYFMGY?tag=eloabder-20&linkCode=osi&th=1&psc=1"><img src="https://m.media-amazon.com/images/I/51yDnU+gEXL._SL500_.jpg" alt="Product Image"></a><p>20 Sheets Alphabet Letter Stickers 10 Colors Self Adhesive Sticker Colorful PU Material Convex Feeling (Colored Letter Stickers 1)</p><p>$6.99 ($0.35 / Count)</p><a href="https://www.amazon.com/dp/B07NNYFMGY?tag=eloabder-20&linkCode=osi&th=1&psc=1">View Product</a></div>

<div class="product"><a href="https://www.amazon.com/dp/B01DDN8854?tag=eloabder-20&linkCode=osi&th=1&psc=1"><img src="https://m.media-amazon.com/images/I/61dPubDZBSL._SL500_.jpg" alt="Product Image"></a><p>Hugs 'n Kisses HNKHABY13 Applique Paper (20 Pack)</p><p>$19.72 ($0.99 / Count)</p><a href="https://www.amazon.com/dp/B01DDN8854?tag=eloabder-20&linkCode=osi&th=1&psc=1">View Product</a></div>
<div class="product"><a href="https://www.amazon.com/dp/B09KPNFJW1?tag=eloabder-20&linkCode=osi&th=1&psc=1"><img src="https://m.media-amazon.com/images/I/41abn5fELmL._SL500_.jpg" alt="Product Image"></a><p>UniPleased Disposable Aprons (50 Count), Plastic apron for Painting Party, Cooking, Housework, Picnic etc.</p><p>$5.69</p><a href="https://www.amazon.com/dp/B09KPNFJW1?tag=eloabder-20&linkCode=osi&th=1&psc=1">View Product</a></div>
<div class="product"><a href="https://www.amazon.com/dp/B087M21MM2?tag=eloabder-20&linkCode=osi&th=1&psc=1"><img src="https://m.media-amazon.com/images/I/41Xf-jehhLL._SL500_.jpg" alt="Product Image"></a><p>GOTIDEAL Stretched Canvas, Multi Pack 4x4, 5x7, 8x10,9x12, 11x14 Set of 10, Primed White - 100% Cotton Artist Canvas Boards for Painting, Acrylic Pouring, Oil Paint Dry & Wet Art Media</p><p>$24.99</p><a href="https://www.amazon.com/dp/B087M21MM2?tag=eloabder-20&linkCode=osi&th=1&psc=1">View Product</a></div><div class="product"><a href="https://www.amazon.com/dp/B00OQJYISG?tag=eloabder-20&linkCode=osi&th=1&psc=1"><img src="https://m.media-amazon.com/images/I/31fEDLPkkcL._SL500_.jpg" alt="Product Image"></a><p>6 Count 12” x 16” Super Value Canvas by Artist's Loft Necessities - Acid Free Cotton Canvas for Paint, Acrylic, & Oils - 1 Pack</p><p>$19.99</p><a href="https://www.amazon.com/dp/B00OQJYISG?tag=eloabder-20&linkCode=osi&th=1&psc=1">View Product</a></div><div class="product"><a href="https://www.amazon.com/dp/B09CDKB9HY?tag=eloabder-20&linkCode=osi&th=1&psc=1"><img src="https://m.media-amazon.com/images/I/51+p5xnClGL._SL500_.jpg" alt="Product Image"></a><p>DPDIAN Canvas Boards for Painting 40 Pack, 8 inch x 10 inch Super Value Pack, Artist Canvas Panels for Oil & Acrylic Painting</p><p>$29.99</p><a href="https://www.amazon.com/dp/B09CDKB9HY?tag=eloabder-20&linkCode=osi&th=1&psc=1">View Product</a></div><div class="product"><a href="https://www.amazon.com/dp/B0CFBGP29G?tag=eloabder-20&linkCode=osi&th=1&psc=1"><img src="https://m.media-amazon.com/images/I/3147Az5plbL._SL500_.jpg" alt="Product Image"></a><p>ArtSkills Stretched Canvases for Painting, 12x16 Canvas Painting Supplies for Artists, Blank Canvas Pack, 2-Pack</p><p>$16.99</p><a href="https://www.amazon.com/dp/B0CFBGP29G?tag=eloabder-20&linkCode=osi&th=1&psc=1">View Product</a></div><div class="product"><a href="https://www.amazon.com/dp/B07BNGQ1SS?tag=eloabder-20&linkCode=osi&th=1&psc=1"><img src="https://m.media-amazon.com/images/I/410ZVtygUwS._SL500_.jpg" alt="Product Image"></a><p>PHOENIX Stretched Canvas for Painting 8x10 Inch/10 Value Pack, 8 Oz Triple Primed 5/8 Inch Profile 100% Cotton White Blank Canvas, Artist Framed Canvas for Oil Acrylic & Pouring Art</p><p>$22.99</p><a href="https://www.amazon.com/dp/B07BNGQ1SS?tag=eloabder-20&linkCode=osi&th=1&psc=1">View Product</a></div><div class="product"><a href="https://www.amazon.com/dp/B0922JP1H4?tag=eloabder-20&linkCode=osi&th=1&psc=1"><img src="https://m.media-amazon.com/images/I/41BmiEND1KL._SL500_.jpg" alt="Product Image"></a><p>GOTIDEAL Canvases for Painting, 18 Pack Canvas Boards Multipack 4x4, 5x7, 8x10, 9x12,11x14,Primed White Blank Artist Canvas Variety Pack for Acrylic Paint, Oil Paint, Watercolor, Gouache</p><p>$19.99</p><a href="https://www.amazon.com/dp/B0922JP1H4?tag=eloabder-20&linkCode=osi&th=1&psc=1">View Product</a></div>


<div class="product"><a href="https://www.amazon.com/dp/B0872VFHBH?tag=eloabder-20&linkCode=osi&th=1&psc=1"><img src="https://m.media-amazon.com/images/I/51k3bekQheS._SL500_.jpg" alt="Product Image"></a><p>Bachmore Drawing Pad 9X12 Inch (110lb/180g), 60 Sheets, Top Spiral Bound Multi-Media for Artist Pro & Amateurs | Acrylic Art, Ink, Paint, Oil Pastels,Watercolor Mixed Media Sketch</p><p>$11.99</p><a href="https://www.amazon.com/dp/B0872VFHBH?tag=eloabder-20&linkCode=osi&th=1&psc=1">View Product</a></div><div class="product"><a href="https://www.amazon.com/dp/B0027A75A4?tag=eloabder-20&linkCode=osi&th=1&psc=1"><img src="https://m.media-amazon.com/images/I/51dyOxxcgYL._SL500_.jpg" alt="Product Image"></a><p>Strathmore 200 Series Sketch Pad, 9x12 inch, 100 Sheets, Tape Bound - Artist Sketchbook for Drawing, Illustration, Art Class Students</p><p>$6.99 ($0.07 / Count)</p><a href="https://www.amazon.com/dp/B0027A75A4?tag=eloabder-20&linkCode=osi&th=1&psc=1">View Product</a></div><div class="product"><a href="https://www.amazon.com/dp/B0BV13YQKX?tag=eloabder-20&linkCode=osi&th=1&psc=1"><img src="https://m.media-amazon.com/images/I/41VYfMpvXUL._SL500_.jpg" alt="Product Image"></a><p>Canson Graduate Watercolor Pad, Foldover, 9x12 inch, 20 Sheets | Artist Paper for Adults and Students - Painting, Gouache, Mixed Media and Ink</p><p>$4.97 ($0.41 / Count)</p><a href="https://www.amazon.com/dp/B0BV13YQKX?tag=eloabder-20&linkCode=osi&th=1&psc=1">View Product</a></div><div class="product"><a href="https://www.amazon.com/dp/B0024KMQ6K?tag=eloabder-20&linkCode=osi&th=1&psc=1"><img src="https://m.media-amazon.com/images/I/51sYdvPPUCL._SL500_.jpg" alt="Product Image"></a><p>Strathmore 400 Series Pastel Pad, Assorted Colors, 9"x12" Glue Bound, 24 Sheets</p><p>$9.11</p><a href="https://www.amazon.com/dp/B0024KMQ6K?tag=eloabder-20&linkCode=osi&th=1&psc=1">View Product</a></div><div class="product"><a href="https://www.amazon.com/dp/B00246O6PI?tag=eloabder-20&linkCode=osi&th=1&psc=1"><img src="https://m.media-amazon.com/images/I/517TUmckOIL._SL500_.jpg" alt="Product Image"></a><p>Strathmore 300 Series Drawing Paper Pad, Top Wire Bound, 11x14 inches, 50 Sheets (70lb/114g) - Artist Paper for Adults and Students - Charcoal, Colored Pencil, Ink, Pastel, Marker</p><p>$13.33</p><a href="https://www.amazon.com/dp/B00246O6PI?tag=eloabder-20&linkCode=osi&th=1&psc=1">View Product</a></div>
<div class="product"><a href="https://www.amazon.com/dp/B08ZMH7LJY?tag=eloabder-20&linkCode=osi&th=1&psc=1"><img src="https://m.media-amazon.com/images/I/51mJIsLJA-S._SL500_.jpg" alt="Product Image"></a><p>PANDAFLY Professional Drawing Sketching Pencil Set - 12 Pieces Graphite Pencils(14B - 2H), Ideal for Drawing Art, Sketching, Shading, Artist Pencils for Beginners & Pro Artists</p><p>$5.11</p><a href="https://www.amazon.com/dp/B08ZMH7LJY?tag=eloabder-20&linkCode=osi&th=1&psc=1">View Product</a></div><div class="product"><a href="https://www.amazon.com/dp/B088K1G5NL?tag=eloabder-20&linkCode=osi&th=1&psc=1"><img src="https://m.media-amazon.com/images/I/51F2bOMZWnL._SL500_.jpg" alt="Product Image"></a><p>MARKART Professional Drawing Sketching Pencil Set - 14 Pieces,Graphite,(12B - 4H), Ideal for Drawing Art, Sketching, Shading, Artist Pencils for Beginners & Pro Artists</p><p>$5.24</p><a href="https://www.amazon.com/dp/B088K1G5NL?tag=eloabder-20&linkCode=osi&th=1&psc=1">View Product</a></div><div class="product"><a href="https://www.amazon.com/dp/B08FHMRW4L?tag=eloabder-20&linkCode=osi&th=1&psc=1"><img src="https://m.media-amazon.com/images/I/51Pmn5gjyzL._SL500_.jpg" alt="Product Image"></a><p>Mr. Pen- Sketch Pencils for Drawing, 14 Pack, Drawing Pencils, Art Pencils, Graphite Pencils, Graphite Pencils for Drawing, Art Pencils for Drawing and Shading</p><p>$5.95</p><a href="https://www.amazon.com/dp/B08FHMRW4L?tag=eloabder-20&linkCode=osi&th=1&psc=1">View Product</a></div><div class="product"><a href="https://www.amazon.com/dp/B0BNQ58DC4?tag=eloabder-20&linkCode=osi&th=1&psc=1"><img src="https://m.media-amazon.com/images/I/51e-gQtCcCL._SL500_.jpg" alt="Product Image"></a><p>MARTCOLOR Drawing Sketching Pencils Set, 12 Pack Graphite Pencils(14B - 2H), Ideal for Drawing Art, Sketching, Shading, Artist Pencils for Beginners & Pro Artists</p><p>$5.99</p><a href="https://www.amazon.com/dp/B0BNQ58DC4?tag=eloabder-20&linkCode=osi&th=1&psc=1">View Product</a></div>

<div class="product"><a href="https://www.amazon.com/dp/B0851M3749?tag=eloabder-20&linkCode=osi&th=1&psc=1"><img src="https://m.media-amazon.com/images/I/41KKSGSDl5L._SL500_.jpg" alt="Product Image"></a><p>N NOROCME 12 PCS Blending Stumps and Tortillions Paper Art Blenders with Sandpaper Pencil Sharpener Pointer for Student Artist Charcoal Sketch Drawing Tools</p><p>$4.99</p><a href="https://www.amazon.com/dp/B0851M3749?tag=eloabder-20&linkCode=osi&th=1&psc=1">View Product</a></div><div class="product"><a href="https://www.amazon.com/dp/B09J3HKN8F?tag=eloabder-20&linkCode=osi&th=1&psc=1"><img src="https://m.media-amazon.com/images/I/51Qvx81eQLL._SL500_.jpg" alt="Product Image"></a><p>Eraser Pencils Set for Artists, Wooden Sketch Eraser Pen for Charcoal Drawings, Professional Highlight Painting Eraser for Sketching, Revise Erasing Details for Students Limner</p><p>$6.99</p><a href="https://www.amazon.com/dp/B09J3HKN8F?tag=eloabder-20&linkCode=osi&th=1&psc=1">View Product</a></div>
<div class="product"><a href="https://www.amazon.com/dp/B09WCQ89T8?tag=eloabder-20&linkCode=osi&th=1&psc=1"><img src="https://m.media-amazon.com/images/I/41gZz0qgBFL._SL500_.jpg" alt="Product Image"></a><p>Bernat BABY BLANKET BB Blue Dreams Yarn - 1 Pack of 10.5oz/300g - Polyester - #6 Super Bulky - 220 Yards - Knitting/Crochet</p><p>$6.97</p><a href="https://www.amazon.com/dp/B09WCQ89T8?tag=eloabder-20&linkCode=osi&th=1&psc=1">View Product</a></div><div class="product"><a href="https://www.amazon.com/dp/B07V5JVNFD?tag=eloabder-20&linkCode=osi&th=1&psc=1"><img src="https://m.media-amazon.com/images/I/41IS+HdtiOL._SL500_.jpg" alt="Product Image"></a><p>Lion Brand Yarn Basic Stitch Anti-Pilling Knitting Yarn, Yarn for Crocheting, 1-Pack, Baby Blue</p><p>$8.40 ($0.02 / Foot)</p><a href="https://www.amazon.com/dp/B07V5JVNFD?tag=eloabder-20&linkCode=osi&th=1&psc=1">View Product</a></div><div class="product"><a href="https://www.amazon.com/dp/B01M0AJID2?tag=eloabder-20&linkCode=osi&th=1&psc=1"><img src="https://m.media-amazon.com/images/I/41yVau0AUpL._SL500_.jpg" alt="Product Image"></a><p>Lion Brand Yarn (1 Skein) Lion Brand Yarn Babysoft Baby Yarn Yarn, Little Boy Blue Multicolor</p><p>$7.19 ($0.01 / Foot)</p><a href="https://www.amazon.com/dp/B01M0AJID2?tag=eloabder-20&linkCode=osi&th=1&psc=1">View Product</a></div><div class="product"><a href="https://www.amazon.com/dp/B09W1KHF42?tag=eloabder-20&linkCode=osi&th=1&psc=1"><img src="https://m.media-amazon.com/images/I/41maDlrio5L._SL500_.jpg" alt="Product Image"></a><p>Red Heart Super Saver Light Blue Yarn - 3 Pack of 198g/7oz - Acrylic - 4 Medium (Worsted) - 364 Yards - Knitting/Crochet</p><p>$13.29 ($4.43 / Count)</p><a href="https://www.amazon.com/dp/B09W1KHF42?tag=eloabder-20&linkCode=osi&th=1&psc=1">View Product</a></div><div class="product"><a href="https://www.amazon.com/dp/B08LKVZ3CX?tag=eloabder-20&linkCode=osi&th=1&psc=1"><img src="https://m.media-amazon.com/images/I/41GLizNx8UL._SL500_.jpg" alt="Product Image"></a><p>Bernat Baby Blanket Baby Blue Yarn - 3 Pack of 100g/3.5oz - Polyester - 6 Super Bulky - 72 Yards - Knitting/Crochet</p><p>$21.81</p><a href="https://www.amazon.com/dp/B08LKVZ3CX?tag=eloabder-20&linkCode=osi&th=1&psc=1">View Product</a></div><div class="product"><a href="https://www.amazon.com/dp/B0CHJ95WHJ?tag=eloabder-20&linkCode=osi&th=1&psc=1"><img src="https://m.media-amazon.com/images/I/314E1EQdihL._SL500_.jpg" alt="Product Image"></a><p>NORCIA Soft Velvet Yarn Chenille Yarn for Crocheting Baby Blanket Yarn for Knitting Amigurumi Yarn Fancy Yarn for Crochet Weaving Craft (Baby Blue, 1 Skein)</p><p>$9.99</p><a href="https://www.amazon.com/dp/B0CHJ95WHJ?tag=eloabder-20&linkCode=osi&th=1&psc=1">View Product</a></div>
<div class="product"><a href="https://www.amazon.com/dp/B0779F2TXJ?tag=eloabder-20&linkCode=osi&th=1&psc=1"><img src="https://m.media-amazon.com/images/I/31kqZr8DJzL._SL500_.jpg" alt="Product Image"></a><p>OPENDGO Feather Ballpoint Pen ，Black Ink Vintage Feather Quill Refined Plated Rod Quill Ballpoint Pen For School Writing ▏Wedding Gift Signature Pen (Black)</p><p>$6.97</p><a href="https://www.amazon.com/dp/B0779F2TXJ?tag=eloabder-20&linkCode=osi&th=1&psc=1">View Product</a></div><div class="product"><a href="https://www.amazon.com/dp/B0CQF3BJ3S?tag=eloabder-20&linkCode=osi&th=1&psc=1"><img src="https://m.media-amazon.com/images/I/41gs6AOiP6L._SL500_.jpg" alt="Product Image"></a><p>3 in 1 Retractable Ballpoint Pen with Light and Stylus, Nice Pens for Journaling Writing in The Dark - White/Red Light Tip- 0.7mm Black Ink</p><p>$12.99</p><a href="https://www.amazon.com/dp/B0CQF3BJ3S?tag=eloabder-20&linkCode=osi&th=1&psc=1">View Product</a></div><div class="product"><a href="https://www.amazon.com/dp/B08BBZ3B8G?tag=eloabder-20&linkCode=osi&th=1&psc=1"><img src="https://m.media-amazon.com/images/I/41cMHyw60wL._SL500_.jpg" alt="Product Image"></a><p>Mr. Pen- Pens, Black Pens, 12 Pack, Fast Dry, No Smear Pens, Bible Pens, Pens for Journaling, Pens No Bleed Through, Pens Fine Point, Journal Pens, Fine Tip, Planner Pens, Ball Point Journal Pens</p><p>$9.99</p><a href="https://www.amazon.com/dp/B08BBZ3B8G?tag=eloabder-20&linkCode=osi&th=1&psc=1">View Product</a></div><div class="product"><a href="https://www.amazon.com/dp/B0D4YWWGX6?tag=eloabder-20&linkCode=osi&th=1&psc=1"><img src="https://m.media-amazon.com/images/I/31xHBCCzJqL._SL500_.jpg" alt="Product Image"></a><p>PATIKIL 21cm/8" Feather Ballpoint Pen, 1Pcs Ink Vintage Quill Pen Refined Plated Dip Pen for Calligraphy Writing Signature Wedding Gift, Yellow</p><p>$7.49</p><a href="https://www.amazon.com/dp/B0D4YWWGX6?tag=eloabder-20&linkCode=osi&th=1&psc=1">View Product</a></div>

<div class="product"><a href="https://www.amazon.com/dp/B001TLDEVQ?tag=eloabder-20&linkCode=osi&th=1&psc=1"><img src="https://m.media-amazon.com/images/I/41jYF39F6lL._SL500_.jpg" alt="Product Image"></a><p>Beadalon SuppleMax Illusion Beading Cord, 0.40 mm / 0.016 in, Clear Monofilament, 50 m / 164 ft</p><p>$4.74</p><a href="https://www.amazon.com/dp/B001TLDEVQ?tag=eloabder-20&linkCode=osi&th=1&psc=1">View Product</a></div><div class="product"><a href="https://www.amazon.com/dp/B0D2HVFZ7Q?tag=eloabder-20&linkCode=osi&th=1&psc=1"><img src="https://m.media-amazon.com/images/I/41R66LMYz7L._SL500_.jpg" alt="Product Image"></a><p>Zxiixz 116Yards 0.5mm Bracelet String, Waxed String Cord for Bracelet Making, Beading Thread for Bracelet Beads, Friendship Bracelet String for Bracelet Making, Waxed Polyester Cord for Jewelry Making</p><p>$6.99</p><a href="https://www.amazon.com/dp/B0D2HVFZ7Q?tag=eloabder-20&linkCode=osi&th=1&psc=1">View Product</a></div><div class="product"><a href="https://www.amazon.com/dp/B07BNF8KH5?tag=eloabder-20&linkCode=osi&th=1&psc=1"><img src="https://m.media-amazon.com/images/I/51jVByheyVL._SL500_.jpg" alt="Product Image"></a><p>PH PandaHall 100 Yards 1mm Waxed Cotton Cord Thread Beading String for Bracelet Necklace Making Crafting Beading Macrame Vase Decor, Burlywood</p><p>$7.19 ($0.02 / Foot)</p><a href="https://www.amazon.com/dp/B07BNF8KH5?tag=eloabder-20&linkCode=osi&th=1&psc=1">View Product</a></div><div class="product"><a href="https://www.amazon.com/dp/B07HBPGXJG?tag=eloabder-20&linkCode=osi&th=1&psc=1"><img src="https://m.media-amazon.com/images/I/41xi8gO6kDL._SL500_.jpg" alt="Product Image"></a><p>Paxcoo 0.8mm Elastic String, Stretchy Bracelet String Crystal String Bead Cord for Bracelet, Beading and Jewelry Making (120m)</p><p>$6.99 ($0.02 / Foot)</p><a href="https://www.amazon.com/dp/B07HBPGXJG?tag=eloabder-20&linkCode=osi&th=1&psc=1">View Product</a></div><div class="product"><a href="https://www.amazon.com/dp/B0CNPST7D9?tag=eloabder-20&linkCode=osi&th=1&psc=1"><img src="https://m.media-amazon.com/images/I/41A9VISFC4L._SL500_.jpg" alt="Product Image"></a><p>Kblick Black Nylon String Cord - 1MM 100 Yards Black Twine, Bracelet String for Bracelet Making, Braided Ornament Lanyard Sting, Jewelry Thread Clay Bead String for Crafts, Macrame Satin Cord</p><p>$5.99 ($0.02 / Foot)</p><a href="https://www.amazon.com/dp/B0CNPST7D9?tag=eloabder-20&linkCode=osi&th=1&psc=1">View Product</a></div><div class="product"><a href="https://www.amazon.com/dp/B08GC3JF9X?tag=eloabder-20&linkCode=osi&th=1&psc=1"><img src="https://m.media-amazon.com/images/I/41FQZYhvQpL._SL500_.jpg" alt="Product Image"></a><p>Cheriswelry 100M 0.8mm Nylon Beading Cord Black Chinese Knotting Rattail Macrame Thread String Roll for Jewelry Making Kumihimo Wrapping Supplies DIY Crafts</p><p>$6.99 ($0.02 / Fl Oz)</p><a href="https://www.amazon.com/dp/B08GC3JF9X?tag=eloabder-20&linkCode=osi&th=1&psc=1">View Product</a></div><div class="product"><a href="https://www.amazon.com/dp/B0B3V9RWQC?tag=eloabder-20&linkCode=osi&th=1&psc=1"><img src="https://m.media-amazon.com/images/I/41F-OP+yCxL._SL500_.jpg" alt="Product Image"></a><p>Griffin Silk Bead Cord Perlseide – Black Color – Size 3 (0.50mm) – 2 Meters per Card – Stainless Steel Needle Attached – for Knotting Pearls, Gemstones, Crystals and Beads</p><p>$4.99 ($0.76 / Foot)</p><a href="https://www.amazon.com/dp/B0B3V9RWQC?tag=eloabder-20&linkCode=osi&th=1&psc=1">View Product</a></div><div class="product"><a href="https://www.amazon.com/dp/B08F49YVQP?tag=eloabder-20&linkCode=osi&th=1&psc=1"><img src="https://m.media-amazon.com/images/I/41yCMIpj0rS._SL500_.jpg" alt="Product Image"></a><p>1mm Stretchy Bracelet String, Sturdy Rainbow Elastic String Elastic Cord for Jewelry Making, Necklaces, Beading and Crafts</p><p>$6.99 ($0.04 / Foot)</p><a href="https://www.amazon.com/dp/B08F49YVQP?tag=eloabder-20&linkCode=osi&th=1&psc=1">View Product</a></div>


<div class="product"><a href="https://www.amazon.com/dp/B0D3HPD7WP?tag=eloabder-20&linkCode=osi&th=1&psc=1"><img src="https://m.media-amazon.com/images/I/31KSmmAWUWL._SL500_.jpg" alt="Product Image"></a><p>50 Sheets Grey Cardstock Paper, Colored Printer Paper 8.5 x 11, Thick Construction Paper for Cards Making, Scrapbook，Office Printing, Invitations, Certificates，DIY Crafting 92 lb/250gsm</p><p>$9.99</p><a href="https://www.amazon.com/dp/B0D3HPD7WP?tag=eloabder-20&linkCode=osi&th=1&psc=1">View Product</a></div>
<div class="product"><a href="https://www.amazon.com/dp/B076CP6F36?tag=eloabder-20&linkCode=osi&th=1&psc=1"><img src="https://m.media-amazon.com/images/I/51rfEIvgI+L._SL500_.jpg" alt="Product Image"></a><p>Apple Barrel, Vibrant Spectrum Collection Acrylic Craft Paint, PROMOABIII, 2 fl oz each, 16 assorted matte colors, 16 count</p><p>$15.97 ($0.50 / Fl Oz)</p><a href="https://www.amazon.com/dp/B076CP6F36?tag=eloabder-20&linkCode=osi&th=1&psc=1">View Product</a></div><div class="product"><a href="https://www.amazon.com/dp/B0BKFLSYQF?tag=eloabder-20&linkCode=osi&th=1&psc=1"><img src="https://m.media-amazon.com/images/I/51a0PmPRknL._SL500_.jpg" alt="Product Image"></a><p>72 Pack Acrylic Paint Set, Shuttle Art 60 Colors Acrylic Paint Including Extra White Black & 12 Brushes, 2oz/60ml, Rich Pigmented, Water Proof, Ideal for Artists, Beginners on Canvas Rock Wood Ceramic</p><p>$45.99 ($23.00 / Fl Oz)</p><a href="https://www.amazon.com/dp/B0BKFLSYQF?tag=eloabder-20&linkCode=osi&th=1&psc=1">View Product</a></div><div class="product"><a href="https://www.amazon.com/dp/B08CB3JH79?tag=eloabder-20&linkCode=osi&th=1&psc=1"><img src="https://m.media-amazon.com/images/I/51OUZsFdnTL._SL500_.jpg" alt="Product Image"></a><p>Acrylic Paint Set of 36 Colors 2fl oz 60ml Bottles,Non Toxic 36 Colors Acrylic Paint No Fading Rich Pigment for Kids Adults Artists Canvas Crafts Wood Painting</p><p>$32.99 ($0.46 / Fl Oz)</p><a href="https://www.amazon.com/dp/B08CB3JH79?tag=eloabder-20&linkCode=osi&th=1&psc=1">View Product</a></div><div class="product"><a href="https://www.amazon.com/dp/B0018NBVKQ?tag=eloabder-20&linkCode=osi&th=1&psc=1"><img src="https://m.media-amazon.com/images/I/31YlSvZMTCL._SL500_.jpg" alt="Product Image"></a><p>Apple Barrel Acrylic Paint in Assorted Colors (8 Ounce), 20403 White</p><p>$2.67 ($0.33 / Fl Oz)</p><a href="https://www.amazon.com/dp/B0018NBVKQ?tag=eloabder-20&linkCode=osi&th=1&psc=1">View Product</a></div><div class="product"><a href="https://www.amazon.com/dp/B077WSBLZ1?tag=eloabder-20&linkCode=osi&th=1&psc=1"><img src="https://m.media-amazon.com/images/I/51KPkXpLn1L._SL500_.jpg" alt="Product Image"></a><p>Shuttle Art Acrylic Paint Set, 30 x12ml Tubes Artist Quality Non Toxic Rich Pigments Colors Great for Kids Adults Professional Painting on Rocks Canvas Wood Clay Fabric Ceramic Crafts</p><p>$12.99 ($1.08 / Fl Oz)</p><a href="https://www.amazon.com/dp/B077WSBLZ1?tag=eloabder-20&linkCode=osi&th=1&psc=1">View Product</a></div><div class="product"><a href="https://www.amazon.com/dp/B00889Z5Y6?tag=eloabder-20&linkCode=osi&th=1&psc=1"><img src="https://m.media-amazon.com/images/I/41MQjsyDbSL._SL500_.jpg" alt="Product Image"></a><p>Apple Barrel Acrylic Paint in Assorted Colors (2 oz), 20764, Apricot</p><p>$0.58 ($0.29 / Fl Oz)</p><a href="https://www.amazon.com/dp/B00889Z5Y6?tag=eloabder-20&linkCode=osi&th=1&psc=1">View Product</a></div><div class="product"><a href="https://www.amazon.com/dp/B09TWQD5ZL?tag=eloabder-20&linkCode=osi&th=1&psc=1"><img src="https://m.media-amazon.com/images/I/41B0L003QXL._SL500_.jpg" alt="Product Image"></a><p>Artkey Acrylic Paint Set - 24 colors 2 oz/59 ml Acrylic Paints Professional Artists Painting Kit for Canvases Fabric Rock Leather Easter Egg Wood Ceramic Glass Art Craft Painting</p><p>$19.99 ($0.42 / Fl Oz)</p><a href="https://www.amazon.com/dp/B09TWQD5ZL?tag=eloabder-20&linkCode=osi&th=1&psc=1">View Product</a></div><div class="product"><a href="https://www.amazon.com/dp/B07Z93LQDB?tag=eloabder-20&linkCode=osi&th=1&psc=1"><img src="https://m.media-amazon.com/images/I/51veoN6zK0L._SL500_.jpg" alt="Product Image"></a><p>Shuttle Art Acrylic Paint Set, 36 Colors Acrylic Paint with Brushes & Palette, 2oz Bottles, Rich Pigments Non-toxic Paint for Artists Kids & Adults, Art Supplies for Canvas Rock Ceramic Wood Painting</p><p>$27.99</p><a href="https://www.amazon.com/dp/B07Z93LQDB?tag=eloabder-20&linkCode=osi&th=1&psc=1">View Product</a></div><div class="product"><a href="https://www.amazon.com/dp/B002665SYY?tag=eloabder-20&linkCode=osi&th=1&psc=1"><img src="https://m.media-amazon.com/images/I/31sJJeWK6OS._SL500_.jpg" alt="Product Image"></a><p>Liquitex BASICS Acrylic Paint, 250ml (8.5-oz) Tube, Titanium White</p><p>$9.99 ($1.18 / Fl Oz)</p><a href="https://www.amazon.com/dp/B002665SYY?tag=eloabder-20&linkCode=osi&th=1&psc=1">View Product</a></div>
<div class="product"><a href="https://www.amazon.com/dp/B0CC98XLGL?tag=eloabder-20&linkCode=osi&th=1&psc=1"><img src="https://m.media-amazon.com/images/I/51ZLw+nThiL._SL500_.jpg" alt="Product Image"></a><p>HUIRUSO 4 Pack Double Sided Tape Roller, Scrapbook Supplies, Glue Tape Roller for Crafts, Double-Sided Adhesive Tape Runner for Scrapbooking, School Office Journaling Supplies (0.31 in X 26.25 ft)</p><p>$6.99 ($1.75 / Count)</p><a href="https://www.amazon.com/dp/B0CC98XLGL?tag=eloabder-20&linkCode=osi&th=1&psc=1">View Product</a></div><div class="product"><a href="https://www.amazon.com/dp/B007XAAE6K?tag=eloabder-20&linkCode=osi&th=1&psc=1"><img src="https://m.media-amazon.com/images/I/414qxYVR0wL._SL500_.jpg" alt="Product Image"></a><p>Scotch Double Sided Tape Runner, 1-Pack, 0.27 in x 26 ft., Perfect for Holiday Crafts, Gifts, and More</p><p>$4.47</p><a href="https://www.amazon.com/dp/B007XAAE6K?tag=eloabder-20&linkCode=osi&th=1&psc=1">View Product</a></div><div class="product"><a href="https://www.amazon.com/dp/B0BZVGPFSK?tag=eloabder-20&linkCode=osi&th=1&psc=1"><img src="https://m.media-amazon.com/images/I/51-ue9+7JkL._SL500_.jpg" alt="Product Image"></a><p>Birllaid Double Sided Tape for Walls, Picture Hanging Strips Removable Mounting Dots Adhesive Heavy Duty, Removable for Art Craft, Decoration, Party Supplies, Multipurpose</p><p>$11.99</p><a href="https://www.amazon.com/dp/B0BZVGPFSK?tag=eloabder-20&linkCode=osi&th=1&psc=1">View Product</a></div><div class="product"><a href="https://www.amazon.com/dp/B0CGVN9SL1?tag=eloabder-20&linkCode=osi&th=1&psc=1"><img src="https://m.media-amazon.com/images/I/41Hy+i4CnoL._SL500_.jpg" alt="Product Image"></a><p>30Ft x 1 Inch Hook and Loop Strips with Adhesive,Double Rolls of Heavy Duty Self Adhesive Tape with Backing, Nylon Self Adhesive Tape for Home Office School and Crafting,White</p><p>$9.99</p><a href="https://www.amazon.com/dp/B0CGVN9SL1?tag=eloabder-20&linkCode=osi&th=1&psc=1">View Product</a></div><div class="product"><a href="https://www.amazon.com/dp/B07Y3VDPLF?tag=eloabder-20&linkCode=osi&th=1&psc=1"><img src="https://m.media-amazon.com/images/I/41cyKQ2OMuL._SL500_.jpg" alt="Product Image"></a><p>Melsan 1x4 inch Hook and Loop Strips with Adhesive - 15 Sets, Strong Back Adhesive Fasten Mounting Tape for Home or Office Use - Instead of Holes and Screws, Black</p><p>$7.82</p><a href="https://www.amazon.com/dp/B07Y3VDPLF?tag=eloabder-20&linkCode=osi&th=1&psc=1">View Product</a></div><div class="product"><a href="https://www.amazon.com/dp/B07V57VJT5?tag=eloabder-20&linkCode=osi&th=1&psc=1"><img src="https://m.media-amazon.com/images/I/514JO3bvl3L._SL500_.jpg" alt="Product Image"></a><p>XFasten Adhesive Roller for Scrapbooking, 8mm x 30ft 4-Pack Double Sided Glue Tape Roller, Scrapbook Supplies for Adults, Photo Tape for Scrapbooking</p><p>$9.99 ($2.50 / Count)</p><a href="https://www.amazon.com/dp/B07V57VJT5?tag=eloabder-20&linkCode=osi&th=1&psc=1">View Product</a></div><div class="product"><a href="https://www.amazon.com/dp/B07JLTGQHX?tag=eloabder-20&linkCode=osi&th=1&psc=1"><img src="https://m.media-amazon.com/images/I/51Eqfo7kUZL._SL500_.jpg" alt="Product Image"></a><p>UPINS 120 Pack Double Sided Foam Tape Square Self-Adhesive Foam Tape Black Strong Tape Pads for DIY Art Crafts Supplies</p><p>$9.99 ($0.08 / Count)</p><a href="https://www.amazon.com/dp/B07JLTGQHX?tag=eloabder-20&linkCode=osi&th=1&psc=1">View Product</a></div><div class="product"><a href="https://www.amazon.com/dp/B005FM6XF4?tag=eloabder-20&linkCode=osi&th=1&psc=1"><img src="https://m.media-amazon.com/images/I/51-vp1WJ89L._SL500_.jpg" alt="Product Image"></a><p>AdTech 5603 Permanent Crafter's Tape, 0.31" x 315", Pack of 4</p><p>$7.84 ($0.07 / Foot)</p><a href="https://www.amazon.com/dp/B005FM6XF4?tag=eloabder-20&linkCode=osi&th=1&psc=1">View Product</a></div><div class="product"><a href="https://www.amazon.com/dp/B0CJF1FLFJ?tag=eloabder-20&linkCode=osi&th=1&psc=1"><img src="https://m.media-amazon.com/images/I/51dig1RqzdL._SL500_.jpg" alt="Product Image"></a><p>UPINS 150Pack Double Sided Foam Tape Strong Sticky Double Sided Foam Pads for Crafts Self-Adhesive Mounting Foam Tape Heavy Duty for Home Wall Decor 40 * 40 * 2mm</p><p>$8.99 ($0.06 / Count)</p><a href="https://www.amazon.com/dp/B0CJF1FLFJ?tag=eloabder-20&linkCode=osi&th=1&psc=1">View Product</a></div><div class="product"><a href="https://www.amazon.com/dp/B0D4YWRGCL?tag=eloabder-20&linkCode=osi&th=1&psc=1"><img src="https://m.media-amazon.com/images/I/41EqJ553-KL._SL500_.jpg" alt="Product Image"></a><p>Amanbo Glue Tape for Scrapbooking, 6 Pack Scrapbook Tape, Double Sided Tape Roller for Crafts, Total 120 Ft x 0.24 in Tape Runner, Craft Supplies for Scrapbooking, Gift Wrapping and Photo Tape</p><p>$6.99</p><a href="https://www.amazon.com/dp/B0D4YWRGCL?tag=eloabder-20&linkCode=osi&th=1&psc=1">View Product</a></div>
<div class="product"><a href="https://www.amazon.com/dp/B0CC5HPPTN?tag=eloabder-20&linkCode=osi&th=1&psc=1"><img src="https://m.media-amazon.com/images/I/519M81S201L._SL500_.jpg" alt="Product Image"></a><p>Airbrush Paint - 30 Colors with 3 Thinner, Ready to Spray Airbrush Paint Set, Water-Based Acrylic Air brush Paints for Metal, Plastic Models, Canvas, Wood, 20ml/Bottle</p><p>$32.99 ($1.48 / Fl Oz)</p><a href="https://www.amazon.com/dp/B0CC5HPPTN?tag=eloabder-20&linkCode=osi&th=1&psc=1">View Product</a></div>
<div class="product"><a href="https://www.amazon.com/dp/B0CXPSGK36?tag=eloabder-20&linkCode=osi&th=1&psc=1"><img src="https://m.media-amazon.com/images/I/51dd2dYOtrL._SL500_.jpg" alt="Product Image"></a><p>Letter Stickers 30 Sheets 1500 PCS Large Alphabet Sticker 2 Inch Vinyl Self Adhesive Stick on Stickers for Water Bottles Cup Mailbox Number Address Craft Scrapbooking Bulletin Board Decor Multicolor</p><p>$9.99</p><a href="https://www.amazon.com/dp/B0CXPSGK36?tag=eloabder-20&linkCode=osi&th=1&psc=1">View Product</a></div><div class="product"><a href="https://www.amazon.com/dp/B07NNYFMGY?tag=eloabder-20&linkCode=osi&th=1&psc=1"><img src="https://m.media-amazon.com/images/I/51yDnU+gEXL._SL500_.jpg" alt="Product Image"></a><p>20 Sheets Alphabet Letter Stickers 10 Colors Self Adhesive Sticker Colorful PU Material Convex Feeling (Colored Letter Stickers 1)</p><p>$6.99 ($0.35 / Count)</p><a href="https://www.amazon.com/dp/B07NNYFMGY?tag=eloabder-20&linkCode=osi&th=1&psc=1">View Product</a></div>

<div class="product"><a href="https://www.amazon.com/dp/B01DDN8854?tag=eloabder-20&linkCode=osi&th=1&psc=1"><img src="https://m.media-amazon.com/images/I/61dPubDZBSL._SL500_.jpg" alt="Product Image"></a><p>Hugs 'n Kisses HNKHABY13 Applique Paper (20 Pack)</p><p>$19.72 ($0.99 / Count)</p><a href="https://www.amazon.com/dp/B01DDN8854?tag=eloabder-20&linkCode=osi&th=1&psc=1">View Product</a></div>
<div class="product"><a href="https://www.amazon.com/dp/B09KPNFJW1?tag=eloabder-20&linkCode=osi&th=1&psc=1"><img src="https://m.media-amazon.com/images/I/41abn5fELmL._SL500_.jpg" alt="Product Image"></a><p>UniPleased Disposable Aprons (50 Count), Plastic apron for Painting Party, Cooking, Housework, Picnic etc.</p><p>$5.69</p><a href="https://www.amazon.com/dp/B09KPNFJW1?tag=eloabder-20&linkCode=osi&th=1&psc=1">View Product</a></div>
<div class="product"><a href="https://www.amazon.com/dp/B087M21MM2?tag=eloabder-20&linkCode=osi&th=1&psc=1"><img src="https://m.media-amazon.com/images/I/41Xf-jehhLL._SL500_.jpg" alt="Product Image"></a><p>GOTIDEAL Stretched Canvas, Multi Pack 4x4, 5x7, 8x10,9x12, 11x14 Set of 10, Primed White - 100% Cotton Artist Canvas Boards for Painting, Acrylic Pouring, Oil Paint Dry & Wet Art Media</p><p>$24.99</p><a href="https://www.amazon.com/dp/B087M21MM2?tag=eloabder-20&linkCode=osi&th=1&psc=1">View Product</a></div><div class="product"><a href="https://www.amazon.com/dp/B00OQJYISG?tag=eloabder-20&linkCode=osi&th=1&psc=1"><img src="https://m.media-amazon.com/images/I/31fEDLPkkcL._SL500_.jpg" alt="Product Image"></a><p>6 Count 12” x 16” Super Value Canvas by Artist's Loft Necessities - Acid Free Cotton Canvas for Paint, Acrylic, & Oils - 1 Pack</p><p>$19.99</p><a href="https://www.amazon.com/dp/B00OQJYISG?tag=eloabder-20&linkCode=osi&th=1&psc=1">View Product</a></div><div class="product"><a href="https://www.amazon.com/dp/B09CDKB9HY?tag=eloabder-20&linkCode=osi&th=1&psc=1"><img src="https://m.media-amazon.com/images/I/51+p5xnClGL._SL500_.jpg" alt="Product Image"></a><p>DPDIAN Canvas Boards for Painting 40 Pack, 8 inch x 10 inch Super Value Pack, Artist Canvas Panels for Oil & Acrylic Painting</p><p>$29.99</p><a href="https://www.amazon.com/dp/B09CDKB9HY?tag=eloabder-20&linkCode=osi&th=1&psc=1">View Product</a></div><div class="product"><a href="https://www.amazon.com/dp/B0CFBGP29G?tag=eloabder-20&linkCode=osi&th=1&psc=1"><img src="https://m.media-amazon.com/images/I/3147Az5plbL._SL500_.jpg" alt="Product Image"></a><p>ArtSkills Stretched Canvases for Painting, 12x16 Canvas Painting Supplies for Artists, Blank Canvas Pack, 2-Pack</p><p>$16.99</p><a href="https://www.amazon.com/dp/B0CFBGP29G?tag=eloabder-20&linkCode=osi&th=1&psc=1">View Product</a></div><div class="product"><a href="https://www.amazon.com/dp/B07BNGQ1SS?tag=eloabder-20&linkCode=osi&th=1&psc=1"><img src="https://m.media-amazon.com/images/I/410ZVtygUwS._SL500_.jpg" alt="Product Image"></a><p>PHOENIX Stretched Canvas for Painting 8x10 Inch/10 Value Pack, 8 Oz Triple Primed 5/8 Inch Profile 100% Cotton White Blank Canvas, Artist Framed Canvas for Oil Acrylic & Pouring Art</p><p>$22.99</p><a href="https://www.amazon.com/dp/B07BNGQ1SS?tag=eloabder-20&linkCode=osi&th=1&psc=1">View Product</a></div><div class="product"><a href="https://www.amazon.com/dp/B0922JP1H4?tag=eloabder-20&linkCode=osi&th=1&psc=1"><img src="https://m.media-amazon.com/images/I/41BmiEND1KL._SL500_.jpg" alt="Product Image"></a><p>GOTIDEAL Canvases for Painting, 18 Pack Canvas Boards Multipack 4x4, 5x7, 8x10, 9x12,11x14,Primed White Blank Artist Canvas Variety Pack for Acrylic Paint, Oil Paint, Watercolor, Gouache</p><p>$19.99</p><a href="https://www.amazon.com/dp/B0922JP1H4?tag=eloabder-20&linkCode=osi&th=1&psc=1">View Product</a></div>


<div class="product"><a href="https://www.amazon.com/dp/B0872VFHBH?tag=eloabder-20&linkCode=osi&th=1&psc=1"><img src="https://m.media-amazon.com/images/I/51k3bekQheS._SL500_.jpg" alt="Product Image"></a><p>Bachmore Drawing Pad 9X12 Inch (110lb/180g), 60 Sheets, Top Spiral Bound Multi-Media for Artist Pro & Amateurs | Acrylic Art, Ink, Paint, Oil Pastels,Watercolor Mixed Media Sketch</p><p>$11.99</p><a href="https://www.amazon.com/dp/B0872VFHBH?tag=eloabder-20&linkCode=osi&th=1&psc=1">View Product</a></div><div class="product"><a href="https://www.amazon.com/dp/B0027A75A4?tag=eloabder-20&linkCode=osi&th=1&psc=1"><img src="https://m.media-amazon.com/images/I/51dyOxxcgYL._SL500_.jpg" alt="Product Image"></a><p>Strathmore 200 Series Sketch Pad, 9x12 inch, 100 Sheets, Tape Bound - Artist Sketchbook for Drawing, Illustration, Art Class Students</p><p>$6.99 ($0.07 / Count)</p><a href="https://www.amazon.com/dp/B0027A75A4?tag=eloabder-20&linkCode=osi&th=1&psc=1">View Product</a></div><div class="product"><a href="https://www.amazon.com/dp/B0BV13YQKX?tag=eloabder-20&linkCode=osi&th=1&psc=1"><img src="https://m.media-amazon.com/images/I/41VYfMpvXUL._SL500_.jpg" alt="Product Image"></a><p>Canson Graduate Watercolor Pad, Foldover, 9x12 inch, 20 Sheets | Artist Paper for Adults and Students - Painting, Gouache, Mixed Media and Ink</p><p>$4.97 ($0.41 / Count)</p><a href="https://www.amazon.com/dp/B0BV13YQKX?tag=eloabder-20&linkCode=osi&th=1&psc=1">View Product</a></div><div class="product"><a href="https://www.amazon.com/dp/B0024KMQ6K?tag=eloabder-20&linkCode=osi&th=1&psc=1"><img src="https://m.media-amazon.com/images/I/51sYdvPPUCL._SL500_.jpg" alt="Product Image"></a><p>Strathmore 400 Series Pastel Pad, Assorted Colors, 9"x12" Glue Bound, 24 Sheets</p><p>$9.11</p><a href="https://www.amazon.com/dp/B0024KMQ6K?tag=eloabder-20&linkCode=osi&th=1&psc=1">View Product</a></div><div class="product"><a href="https://www.amazon.com/dp/B00246O6PI?tag=eloabder-20&linkCode=osi&th=1&psc=1"><img src="https://m.media-amazon.com/images/I/517TUmckOIL._SL500_.jpg" alt="Product Image"></a><p>Strathmore 300 Series Drawing Paper Pad, Top Wire Bound, 11x14 inches, 50 Sheets (70lb/114g) - Artist Paper for Adults and Students - Charcoal, Colored Pencil, Ink, Pastel, Marker</p><p>$13.33</p><a href="https://www.amazon.com/dp/B00246O6PI?tag=eloabder-20&linkCode=osi&th=1&psc=1">View Product</a></div>
<div class="product"><a href="https://www.amazon.com/dp/B08ZMH7LJY?tag=eloabder-20&linkCode=osi&th=1&psc=1"><img src="https://m.media-amazon.com/images/I/51mJIsLJA-S._SL500_.jpg" alt="Product Image"></a><p>PANDAFLY Professional Drawing Sketching Pencil Set - 12 Pieces Graphite Pencils(14B - 2H), Ideal for Drawing Art, Sketching, Shading, Artist Pencils for Beginners & Pro Artists</p><p>$5.11</p><a href="https://www.amazon.com/dp/B08ZMH7LJY?tag=eloabder-20&linkCode=osi&th=1&psc=1">View Product</a></div><div class="product"><a href="https://www.amazon.com/dp/B088K1G5NL?tag=eloabder-20&linkCode=osi&th=1&psc=1"><img src="https://m.media-amazon.com/images/I/51F2bOMZWnL._SL500_.jpg" alt="Product Image"></a><p>MARKART Professional Drawing Sketching Pencil Set - 14 Pieces,Graphite,(12B - 4H), Ideal for Drawing Art, Sketching, Shading, Artist Pencils for Beginners & Pro Artists</p><p>$5.24</p><a href="https://www.amazon.com/dp/B088K1G5NL?tag=eloabder-20&linkCode=osi&th=1&psc=1">View Product</a></div><div class="product"><a href="https://www.amazon.com/dp/B08FHMRW4L?tag=eloabder-20&linkCode=osi&th=1&psc=1"><img src="https://m.media-amazon.com/images/I/51Pmn5gjyzL._SL500_.jpg" alt="Product Image"></a><p>Mr. Pen- Sketch Pencils for Drawing, 14 Pack, Drawing Pencils, Art Pencils, Graphite Pencils, Graphite Pencils for Drawing, Art Pencils for Drawing and Shading</p><p>$5.95</p><a href="https://www.amazon.com/dp/B08FHMRW4L?tag=eloabder-20&linkCode=osi&th=1&psc=1">View Product</a></div><div class="product"><a href="https://www.amazon.com/dp/B0BNQ58DC4?tag=eloabder-20&linkCode=osi&th=1&psc=1"><img src="https://m.media-amazon.com/images/I/51e-gQtCcCL._SL500_.jpg" alt="Product Image"></a><p>MARTCOLOR Drawing Sketching Pencils Set, 12 Pack Graphite Pencils(14B - 2H), Ideal for Drawing Art, Sketching, Shading, Artist Pencils for Beginners & Pro Artists</p><p>$5.99</p><a href="https://www.amazon.com/dp/B0BNQ58DC4?tag=eloabder-20&linkCode=osi&th=1&psc=1">View Product</a></div>

<div class="product"><a href="https://www.amazon.com/dp/B0851M3749?tag=eloabder-20&linkCode=osi&th=1&psc=1"><img src="https://m.media-amazon.com/images/I/41KKSGSDl5L._SL500_.jpg" alt="Product Image"></a><p>N NOROCME 12 PCS Blending Stumps and Tortillions Paper Art Blenders with Sandpaper Pencil Sharpener Pointer for Student Artist Charcoal Sketch Drawing Tools</p><p>$4.99</p><a href="https://www.amazon.com/dp/B0851M3749?tag=eloabder-20&linkCode=osi&th=1&psc=1">View Product</a></div><div class="product"><a href="https://www.amazon.com/dp/B09J3HKN8F?tag=eloabder-20&linkCode=osi&th=1&psc=1"><img src="https://m.media-amazon.com/images/I/51Qvx81eQLL._SL500_.jpg" alt="Product Image"></a><p>Eraser Pencils Set for Artists, Wooden Sketch Eraser Pen for Charcoal Drawings, Professional Highlight Painting Eraser for Sketching, Revise Erasing Details for Students Limner</p><p>$6.99</p><a href="https://www.amazon.com/dp/B09J3HKN8F?tag=eloabder-20&linkCode=osi&th=1&psc=1">View Product</a></div>
<div class="product"><a href="https://www.amazon.com/dp/B09WCQ89T8?tag=eloabder-20&linkCode=osi&th=1&psc=1"><img src="https://m.media-amazon.com/images/I/41gZz0qgBFL._SL500_.jpg" alt="Product Image"></a><p>Bernat BABY BLANKET BB Blue Dreams Yarn - 1 Pack of 10.5oz/300g - Polyester - #6 Super Bulky - 220 Yards - Knitting/Crochet</p><p>$6.97</p><a href="https://www.amazon.com/dp/B09WCQ89T8?tag=eloabder-20&linkCode=osi&th=1&psc=1">View Product</a></div><div class="product"><a href="https://www.amazon.com/dp/B07V5JVNFD?tag=eloabder-20&linkCode=osi&th=1&psc=1"><img src="https://m.media-amazon.com/images/I/41IS+HdtiOL._SL500_.jpg" alt="Product Image"></a><p>Lion Brand Yarn Basic Stitch Anti-Pilling Knitting Yarn, Yarn for Crocheting, 1-Pack, Baby Blue</p><p>$8.40 ($0.02 / Foot)</p><a href="https://www.amazon.com/dp/B07V5JVNFD?tag=eloabder-20&linkCode=osi&th=1&psc=1">View Product</a></div><div class="product"><a href="https://www.amazon.com/dp/B01M0AJID2?tag=eloabder-20&linkCode=osi&th=1&psc=1"><img src="https://m.media-amazon.com/images/I/41yVau0AUpL._SL500_.jpg" alt="Product Image"></a><p>Lion Brand Yarn (1 Skein) Lion Brand Yarn Babysoft Baby Yarn Yarn, Little Boy Blue Multicolor</p><p>$7.19 ($0.01 / Foot)</p><a href="https://www.amazon.com/dp/B01M0AJID2?tag=eloabder-20&linkCode=osi&th=1&psc=1">View Product</a></div><div class="product"><a href="https://www.amazon.com/dp/B09W1KHF42?tag=eloabder-20&linkCode=osi&th=1&psc=1"><img src="https://m.media-amazon.com/images/I/41maDlrio5L._SL500_.jpg" alt="Product Image"></a><p>Red Heart Super Saver Light Blue Yarn - 3 Pack of 198g/7oz - Acrylic - 4 Medium (Worsted) - 364 Yards - Knitting/Crochet</p><p>$13.29 ($4.43 / Count)</p><a href="https://www.amazon.com/dp/B09W1KHF42?tag=eloabder-20&linkCode=osi&th=1&psc=1">View Product</a></div><div class="product"><a href="https://www.amazon.com/dp/B08LKVZ3CX?tag=eloabder-20&linkCode=osi&th=1&psc=1"><img src="https://m.media-amazon.com/images/I/41GLizNx8UL._SL500_.jpg" alt="Product Image"></a><p>Bernat Baby Blanket Baby Blue Yarn - 3 Pack of 100g/3.5oz - Polyester - 6 Super Bulky - 72 Yards - Knitting/Crochet</p><p>$21.81</p><a href="https://www.amazon.com/dp/B08LKVZ3CX?tag=eloabder-20&linkCode=osi&th=1&psc=1">View Product</a></div><div class="product"><a href="https://www.amazon.com/dp/B0CHJ95WHJ?tag=eloabder-20&linkCode=osi&th=1&psc=1"><img src="https://m.media-amazon.com/images/I/314E1EQdihL._SL500_.jpg" alt="Product Image"></a><p>NORCIA Soft Velvet Yarn Chenille Yarn for Crocheting Baby Blanket Yarn for Knitting Amigurumi Yarn Fancy Yarn for Crochet Weaving Craft (Baby Blue, 1 Skein)</p><p>$9.99</p><a href="https://www.amazon.com/dp/B0CHJ95WHJ?tag=eloabder-20&linkCode=osi&th=1&psc=1">View Product</a></div>
<div class="product"><a href="https://www.amazon.com/dp/B0779F2TXJ?tag=eloabder-20&linkCode=osi&th=1&psc=1"><img src="https://m.media-amazon.com/images/I/31kqZr8DJzL._SL500_.jpg" alt="Product Image"></a><p>OPENDGO Feather Ballpoint Pen ，Black Ink Vintage Feather Quill Refined Plated Rod Quill Ballpoint Pen For School Writing ▏Wedding Gift Signature Pen (Black)</p><p>$6.97</p><a href="https://www.amazon.com/dp/B0779F2TXJ?tag=eloabder-20&linkCode=osi&th=1&psc=1">View Product</a></div><div class="product"><a href="https://www.amazon.com/dp/B0CQF3BJ3S?tag=eloabder-20&linkCode=osi&th=1&psc=1"><img src="https://m.media-amazon.com/images/I/41gs6AOiP6L._SL500_.jpg" alt="Product Image"></a><p>3 in 1 Retractable Ballpoint Pen with Light and Stylus, Nice Pens for Journaling Writing in The Dark - White/Red Light Tip- 0.7mm Black Ink</p><p>$12.99</p><a href="https://www.amazon.com/dp/B0CQF3BJ3S?tag=eloabder-20&linkCode=osi&th=1&psc=1">View Product</a></div><div class="product"><a href="https://www.amazon.com/dp/B08BBZ3B8G?tag=eloabder-20&linkCode=osi&th=1&psc=1"><img src="https://m.media-amazon.com/images/I/41cMHyw60wL._SL500_.jpg" alt="Product Image"></a><p>Mr. Pen- Pens, Black Pens, 12 Pack, Fast Dry, No Smear Pens, Bible Pens, Pens for Journaling, Pens No Bleed Through, Pens Fine Point, Journal Pens, Fine Tip, Planner Pens, Ball Point Journal Pens</p><p>$9.99</p><a href="https://www.amazon.com/dp/B08BBZ3B8G?tag=eloabder-20&linkCode=osi&th=1&psc=1">View Product</a></div><div class="product"><a href="https://www.amazon.com/dp/B0D4YWWGX6?tag=eloabder-20&linkCode=osi&th=1&psc=1"><img src="https://m.media-amazon.com/images/I/31xHBCCzJqL._SL500_.jpg" alt="Product Image"></a><p>PATIKIL 21cm/8" Feather Ballpoint Pen, 1Pcs Ink Vintage Quill Pen Refined Plated Dip Pen for Calligraphy Writing Signature Wedding Gift, Yellow</p><p>$7.49</p><a href="https://www.amazon.com/dp/B0D4YWWGX6?tag=eloabder-20&linkCode=osi&th=1&psc=1">View Product</a></div>

<div class="product"><a href="https://www.amazon.com/dp/B001TLDEVQ?tag=eloabder-20&linkCode=osi&th=1&psc=1"><img src="https://m.media-amazon.com/images/I/41jYF39F6lL._SL500_.jpg" alt="Product Image"></a><p>Beadalon SuppleMax Illusion Beading Cord, 0.40 mm / 0.016 in, Clear Monofilament, 50 m / 164 ft</p><p>$4.74</p><a href="https://www.amazon.com/dp/B001TLDEVQ?tag=eloabder-20&linkCode=osi&th=1&psc=1">View Product</a></div><div class="product"><a href="https://www.amazon.com/dp/B0D2HVFZ7Q?tag=eloabder-20&linkCode=osi&th=1&psc=1"><img src="https://m.media-amazon.com/images/I/41R66LMYz7L._SL500_.jpg" alt="Product Image"></a><p>Zxiixz 116Yards 0.5mm Bracelet String, Waxed String Cord for Bracelet Making, Beading Thread for Bracelet Beads, Friendship Bracelet String for Bracelet Making, Waxed Polyester Cord for Jewelry Making</p><p>$6.99</p><a href="https://www.amazon.com/dp/B0D2HVFZ7Q?tag=eloabder-20&linkCode=osi&th=1&psc=1">View Product</a></div><div class="product"><a href="https://www.amazon.com/dp/B07BNF8KH5?tag=eloabder-20&linkCode=osi&th=1&psc=1"><img src="https://m.media-amazon.com/images/I/51jVByheyVL._SL500_.jpg" alt="Product Image"></a><p>PH PandaHall 100 Yards 1mm Waxed Cotton Cord Thread Beading String for Bracelet Necklace Making Crafting Beading Macrame Vase Decor, Burlywood</p><p>$7.19 ($0.02 / Foot)</p><a href="https://www.amazon.com/dp/B07BNF8KH5?tag=eloabder-20&linkCode=osi&th=1&psc=1">View Product</a></div><div class="product"><a href="https://www.amazon.com/dp/B07HBPGXJG?tag=eloabder-20&linkCode=osi&th=1&psc=1"><img src="https://m.media-amazon.com/images/I/41xi8gO6kDL._SL500_.jpg" alt="Product Image"></a><p>Paxcoo 0.8mm Elastic String, Stretchy Bracelet String Crystal String Bead Cord for Bracelet, Beading and Jewelry Making (120m)</p><p>$6.99 ($0.02 / Foot)</p><a href="https://www.amazon.com/dp/B07HBPGXJG?tag=eloabder-20&linkCode=osi&th=1&psc=1">View Product</a></div><div class="product"><a href="https://www.amazon.com/dp/B0CNPST7D9?tag=eloabder-20&linkCode=osi&th=1&psc=1"><img src="https://m.media-amazon.com/images/I/41A9VISFC4L._SL500_.jpg" alt="Product Image"></a><p>Kblick Black Nylon String Cord - 1MM 100 Yards Black Twine, Bracelet String for Bracelet Making, Braided Ornament Lanyard Sting, Jewelry Thread Clay Bead String for Crafts, Macrame Satin Cord</p><p>$5.99 ($0.02 / Foot)</p><a href="https://www.amazon.com/dp/B0CNPST7D9?tag=eloabder-20&linkCode=osi&th=1&psc=1">View Product</a></div><div class="product"><a href="https://www.amazon.com/dp/B08GC3JF9X?tag=eloabder-20&linkCode=osi&th=1&psc=1"><img src="https://m.media-amazon.com/images/I/41FQZYhvQpL._SL500_.jpg" alt="Product Image"></a><p>Cheriswelry 100M 0.8mm Nylon Beading Cord Black Chinese Knotting Rattail Macrame Thread String Roll for Jewelry Making Kumihimo Wrapping Supplies DIY Crafts</p><p>$6.99 ($0.02 / Fl Oz)</p><a href="https://www.amazon.com/dp/B08GC3JF9X?tag=eloabder-20&linkCode=osi&th=1&psc=1">View Product</a></div><div class="product"><a href="https://www.amazon.com/dp/B0B3V9RWQC?tag=eloabder-20&linkCode=osi&th=1&psc=1"><img src="https://m.media-amazon.com/images/I/41F-OP+yCxL._SL500_.jpg" alt="Product Image"></a><p>Griffin Silk Bead Cord Perlseide – Black Color – Size 3 (0.50mm) – 2 Meters per Card – Stainless Steel Needle Attached – for Knotting Pearls, Gemstones, Crystals and Beads</p><p>$4.99 ($0.76 / Foot)</p><a href="https://www.amazon.com/dp/B0B3V9RWQC?tag=eloabder-20&linkCode=osi&th=1&psc=1">View Product</a></div><div class="product"><a href="https://www.amazon.com/dp/B08F49YVQP?tag=eloabder-20&linkCode=osi&th=1&psc=1"><img src="https://m.media-amazon.com/images/I/41yCMIpj0rS._SL500_.jpg" alt="Product Image"></a><p>1mm Stretchy Bracelet String, Sturdy Rainbow Elastic String Elastic Cord for Jewelry Making, Necklaces, Beading and Crafts</p><p>$6.99 ($0.04 / Foot)</p><a href="https://www.amazon.com/dp/B08F49YVQP?tag=eloabder-20&linkCode=osi&th=1&psc=1">View Product</a></div>

<div class="product"><a href="https://www.amazon.com/dp/B001GMUBJ6?tag=eloabder-20&linkCode=osi&th=1&psc=1"><img src="https://m.media-amazon.com/images/I/41V5qzn3H5L._SL500_.jpg" alt="Product Image"></a><p>The Beadsmith Fireline by Berkley – Micro-Fused Braided Thread – 6lb. Test, 006”/.15mm Diameter, 50 Yard Spool, Crystal Color – Super Strong Stringing Material for Jewelry Making and Bead Weaving</p><p>$12.59</p><a href="https://www.amazon.com/dp/B001GMUBJ6?tag=eloabder-20&linkCode=osi&th=1&psc=1">View Product</a></div><div class="product"><a href="https://www.amazon.com/dp/B001UAKK0Y?tag=eloabder-20&linkCode=osi&th=1&psc=1"><img src="https://m.media-amazon.com/images/I/41rY1D0wfuL._SL500_.jpg" alt="Product Image"></a><p>Beadalon Wildfire, 0.006 in, 0.15 mm, Break Strength 10 lb / 4.5 kg, Frost, 50 yd / 45 m</p><p>$8.85 ($0.06 / Foot)</p><a href="https://www.amazon.com/dp/B001UAKK0Y?tag=eloabder-20&linkCode=osi&th=1&psc=1">View Product</a></div><div class="product"><a href="https://www.amazon.com/dp/B095WY58F4?tag=eloabder-20&linkCode=osi&th=1&psc=1"><img src="https://m.media-amazon.com/images/I/41mXRfJqcjL._SL500_.jpg" alt="Product Image"></a><p>PH PandaHall 0.1mm Nylon Seed Bead Thread 100 Yards Black White Bracelet Cord Beading Thread Invisible Sewing Thread Nylon Braided Thread String for Leather Stitching Beading Jewelry Bracelets Making</p><p>$9.99 ($0.03 / Foot)</p><a href="https://www.amazon.com/dp/B095WY58F4?tag=eloabder-20&linkCode=osi&th=1&psc=1">View Product</a></div><div class="product"><a href="https://www.amazon.com/dp/B08RN2R2SZ?tag=eloabder-20&linkCode=osi&th=1&psc=1"><img src="https://m.media-amazon.com/images/I/41Tg2MMC++L._SL500_.jpg" alt="Product Image"></a><p>KO Nylon Beading Thread, White Color, Japanese Pre-Waxed 100% Nylon, 330TEX, Tangle Resistant Knotting Cords, 50m /55 yds Spool, Use for Seed Bead Projects, Loom Work & Bead Weaving</p><p>$7.06 ($0.04 / Foot)</p><a href="https://www.amazon.com/dp/B08RN2R2SZ?tag=eloabder-20&linkCode=osi&th=1&psc=1">View Product</a></div><div class="product"><a href="https://www.amazon.com/dp/B09J89ST79?tag=eloabder-20&linkCode=osi&th=1&psc=1"><img src="https://m.media-amazon.com/images/I/41hLuuOZeXL._SL500_.jpg" alt="Product Image"></a><p>2 Roll Polyester Thread, Heavy Duty Thread, 1500Yard/Reel 210D/3 nylon thread for sewing, Sewing Thread for Upholstery, Outdoor Market, Drapery, Leather, Beading, Crafts</p><p>$7.99 ($0.00 / Foot)</p><a href="https://www.amazon.com/dp/B09J89ST79?tag=eloabder-20&linkCode=osi&th=1&psc=1">View Product</a></div><div class="product"><a href="https://www.amazon.com/dp/B0C6MSY7QQ?tag=eloabder-20&linkCode=osi&th=1&psc=1"><img src="https://m.media-amazon.com/images/I/31Bn-MyA62L._SL500_.jpg" alt="Product Image"></a><p>PH PandaHall 0.1mm Nylon String 100 Yards Beading Thread White Nylon Seed Bead Thread Bracelet Beading Thread Sewing String for Leather Stitching Beading Jewelry Bracelets Making</p><p>$7.99 ($0.03 / Foot)</p><a href="https://www.amazon.com/dp/B0C6MSY7QQ?tag=eloabder-20&linkCode=osi&th=1&psc=1">View Product</a></div>

<div class="product"><a href="https://www.amazon.com/dp/B0D3HPD7WP?tag=eloabder-20&linkCode=osi&th=1&psc=1"><img src="https://m.media-amazon.com/images/I/31KSmmAWUWL._SL500_.jpg" alt="Product Image"></a><p>50 Sheets Grey Cardstock Paper, Colored Printer Paper 8.5 x 11, Thick Construction Paper for Cards Making, Scrapbook，Office Printing, Invitations, Certificates，DIY Crafting 92 lb/250gsm</p><p>$9.99</p><a href="https://www.amazon.com/dp/B0D3HPD7WP?tag=eloabder-20&linkCode=osi&th=1&psc=1">View Product</a></div>
<div class="product"><a href="https://www.amazon.com/dp/B076CP6F36?tag=eloabder-20&linkCode=osi&th=1&psc=1"><img src="https://m.media-amazon.com/images/I/51rfEIvgI+L._SL500_.jpg" alt="Product Image"></a><p>Apple Barrel, Vibrant Spectrum Collection Acrylic Craft Paint, PROMOABIII, 2 fl oz each, 16 assorted matte colors, 16 count</p><p>$15.97 ($0.50 / Fl Oz)</p><a href="https://www.amazon.com/dp/B076CP6F36?tag=eloabder-20&linkCode=osi&th=1&psc=1">View Product</a></div><div class="product"><a href="https://www.amazon.com/dp/B0BKFLSYQF?tag=eloabder-20&linkCode=osi&th=1&psc=1"><img src="https://m.media-amazon.com/images/I/51a0PmPRknL._SL500_.jpg" alt="Product Image"></a><p>72 Pack Acrylic Paint Set, Shuttle Art 60 Colors Acrylic Paint Including Extra White Black & 12 Brushes, 2oz/60ml, Rich Pigmented, Water Proof, Ideal for Artists, Beginners on Canvas Rock Wood Ceramic</p><p>$45.99 ($23.00 / Fl Oz)</p><a href="https://www.amazon.com/dp/B0BKFLSYQF?tag=eloabder-20&linkCode=osi&th=1&psc=1">View Product</a></div><div class="product"><a href="https://www.amazon.com/dp/B08CB3JH79?tag=eloabder-20&linkCode=osi&th=1&psc=1"><img src="https://m.media-amazon.com/images/I/51OUZsFdnTL._SL500_.jpg" alt="Product Image"></a><p>Acrylic Paint Set of 36 Colors 2fl oz 60ml Bottles,Non Toxic 36 Colors Acrylic Paint No Fading Rich Pigment for Kids Adults Artists Canvas Crafts Wood Painting</p><p>$32.99 ($0.46 / Fl Oz)</p><a href="https://www.amazon.com/dp/B08CB3JH79?tag=eloabder-20&linkCode=osi&th=1&psc=1">View Product</a></div><div class="product"><a href="https://www.amazon.com/dp/B0018NBVKQ?tag=eloabder-20&linkCode=osi&th=1&psc=1"><img src="https://m.media-amazon.com/images/I/31YlSvZMTCL._SL500_.jpg" alt="Product Image"></a><p>Apple Barrel Acrylic Paint in Assorted Colors (8 Ounce), 20403 White</p><p>$2.67 ($0.33 / Fl Oz)</p><a href="https://www.amazon.com/dp/B0018NBVKQ?tag=eloabder-20&linkCode=osi&th=1&psc=1">View Product</a></div><div class="product"><a href="https://www.amazon.com/dp/B077WSBLZ1?tag=eloabder-20&linkCode=osi&th=1&psc=1"><img src="https://m.media-amazon.com/images/I/51KPkXpLn1L._SL500_.jpg" alt="Product Image"></a><p>Shuttle Art Acrylic Paint Set, 30 x12ml Tubes Artist Quality Non Toxic Rich Pigments Colors Great for Kids Adults Professional Painting on Rocks Canvas Wood Clay Fabric Ceramic Crafts</p><p>$12.99 ($1.08 / Fl Oz)</p><a href="https://www.amazon.com/dp/B077WSBLZ1?tag=eloabder-20&linkCode=osi&th=1&psc=1">View Product</a></div><div class="product"><a href="https://www.amazon.com/dp/B00889Z5Y6?tag=eloabder-20&linkCode=osi&th=1&psc=1"><img src="https://m.media-amazon.com/images/I/41MQjsyDbSL._SL500_.jpg" alt="Product Image"></a><p>Apple Barrel Acrylic Paint in Assorted Colors (2 oz), 20764, Apricot</p><p>$0.58 ($0.29 / Fl Oz)</p><a href="https://www.amazon.com/dp/B00889Z5Y6?tag=eloabder-20&linkCode=osi&th=1&psc=1">View Product</a></div><div class="product"><a href="https://www.amazon.com/dp/B09TWQD5ZL?tag=eloabder-20&linkCode=osi&th=1&psc=1"><img src="https://m.media-amazon.com/images/I/41B0L003QXL._SL500_.jpg" alt="Product Image"></a><p>Artkey Acrylic Paint Set - 24 colors 2 oz/59 ml Acrylic Paints Professional Artists Painting Kit for Canvases Fabric Rock Leather Easter Egg Wood Ceramic Glass Art Craft Painting</p><p>$19.99 ($0.42 / Fl Oz)</p><a href="https://www.amazon.com/dp/B09TWQD5ZL?tag=eloabder-20&linkCode=osi&th=1&psc=1">View Product</a></div><div class="product"><a href="https://www.amazon.com/dp/B07Z93LQDB?tag=eloabder-20&linkCode=osi&th=1&psc=1"><img src="https://m.media-amazon.com/images/I/51veoN6zK0L._SL500_.jpg" alt="Product Image"></a><p>Shuttle Art Acrylic Paint Set, 36 Colors Acrylic Paint with Brushes & Palette, 2oz Bottles, Rich Pigments Non-toxic Paint for Artists Kids & Adults, Art Supplies for Canvas Rock Ceramic Wood Painting</p><p>$27.99</p><a href="https://www.amazon.com/dp/B07Z93LQDB?tag=eloabder-20&linkCode=osi&th=1&psc=1">View Product</a></div><div class="product"><a href="https://www.amazon.com/dp/B002665SYY?tag=eloabder-20&linkCode=osi&th=1&psc=1"><img src="https://m.media-amazon.com/images/I/31sJJeWK6OS._SL500_.jpg" alt="Product Image"></a><p>Liquitex BASICS Acrylic Paint, 250ml (8.5-oz) Tube, Titanium White</p><p>$9.99 ($1.18 / Fl Oz)</p><a href="https://www.amazon.com/dp/B002665SYY?tag=eloabder-20&linkCode=osi&th=1&psc=1">View Product</a></div>
<div class="product"><a href="https://www.amazon.com/dp/B0CC98XLGL?tag=eloabder-20&linkCode=osi&th=1&psc=1"><img src="https://m.media-amazon.com/images/I/51ZLw+nThiL._SL500_.jpg" alt="Product Image"></a><p>HUIRUSO 4 Pack Double Sided Tape Roller, Scrapbook Supplies, Glue Tape Roller for Crafts, Double-Sided Adhesive Tape Runner for Scrapbooking, School Office Journaling Supplies (0.31 in X 26.25 ft)</p><p>$6.99 ($1.75 / Count)</p><a href="https://www.amazon.com/dp/B0CC98XLGL?tag=eloabder-20&linkCode=osi&th=1&psc=1">View Product</a></div><div class="product"><a href="https://www.amazon.com/dp/B007XAAE6K?tag=eloabder-20&linkCode=osi&th=1&psc=1"><img src="https://m.media-amazon.com/images/I/414qxYVR0wL._SL500_.jpg" alt="Product Image"></a><p>Scotch Double Sided Tape Runner, 1-Pack, 0.27 in x 26 ft., Perfect for Holiday Crafts, Gifts, and More</p><p>$4.47</p><a href="https://www.amazon.com/dp/B007XAAE6K?tag=eloabder-20&linkCode=osi&th=1&psc=1">View Product</a></div><div class="product"><a href="https://www.amazon.com/dp/B0BZVGPFSK?tag=eloabder-20&linkCode=osi&th=1&psc=1"><img src="https://m.media-amazon.com/images/I/51-ue9+7JkL._SL500_.jpg" alt="Product Image"></a><p>Birllaid Double Sided Tape for Walls, Picture Hanging Strips Removable Mounting Dots Adhesive Heavy Duty, Removable for Art Craft, Decoration, Party Supplies, Multipurpose</p><p>$11.99</p><a href="https://www.amazon.com/dp/B0BZVGPFSK?tag=eloabder-20&linkCode=osi&th=1&psc=1">View Product</a></div><div class="product"><a href="https://www.amazon.com/dp/B0CGVN9SL1?tag=eloabder-20&linkCode=osi&th=1&psc=1"><img src="https://m.media-amazon.com/images/I/41Hy+i4CnoL._SL500_.jpg" alt="Product Image"></a><p>30Ft x 1 Inch Hook and Loop Strips with Adhesive,Double Rolls of Heavy Duty Self Adhesive Tape with Backing, Nylon Self Adhesive Tape for Home Office School and Crafting,White</p><p>$9.99</p><a href="https://www.amazon.com/dp/B0CGVN9SL1?tag=eloabder-20&linkCode=osi&th=1&psc=1">View Product</a></div><div class="product"><a href="https://www.amazon.com/dp/B07Y3VDPLF?tag=eloabder-20&linkCode=osi&th=1&psc=1"><img src="https://m.media-amazon.com/images/I/41cyKQ2OMuL._SL500_.jpg" alt="Product Image"></a><p>Melsan 1x4 inch Hook and Loop Strips with Adhesive - 15 Sets, Strong Back Adhesive Fasten Mounting Tape for Home or Office Use - Instead of Holes and Screws, Black</p><p>$7.82</p><a href="https://www.amazon.com/dp/B07Y3VDPLF?tag=eloabder-20&linkCode=osi&th=1&psc=1">View Product</a></div><div class="product"><a href="https://www.amazon.com/dp/B07V57VJT5?tag=eloabder-20&linkCode=osi&th=1&psc=1"><img src="https://m.media-amazon.com/images/I/514JO3bvl3L._SL500_.jpg" alt="Product Image"></a><p>XFasten Adhesive Roller for Scrapbooking, 8mm x 30ft 4-Pack Double Sided Glue Tape Roller, Scrapbook Supplies for Adults, Photo Tape for Scrapbooking</p><p>$9.99 ($2.50 / Count)</p><a href="https://www.amazon.com/dp/B07V57VJT5?tag=eloabder-20&linkCode=osi&th=1&psc=1">View Product</a></div><div class="product"><a href="https://www.amazon.com/dp/B07JLTGQHX?tag=eloabder-20&linkCode=osi&th=1&psc=1"><img src="https://m.media-amazon.com/images/I/51Eqfo7kUZL._SL500_.jpg" alt="Product Image"></a><p>UPINS 120 Pack Double Sided Foam Tape Square Self-Adhesive Foam Tape Black Strong Tape Pads for DIY Art Crafts Supplies</p><p>$9.99 ($0.08 / Count)</p><a href="https://www.amazon.com/dp/B07JLTGQHX?tag=eloabder-20&linkCode=osi&th=1&psc=1">View Product</a></div><div class="product"><a href="https://www.amazon.com/dp/B005FM6XF4?tag=eloabder-20&linkCode=osi&th=1&psc=1"><img src="https://m.media-amazon.com/images/I/51-vp1WJ89L._SL500_.jpg" alt="Product Image"></a><p>AdTech 5603 Permanent Crafter's Tape, 0.31" x 315", Pack of 4</p><p>$7.84 ($0.07 / Foot)</p><a href="https://www.amazon.com/dp/B005FM6XF4?tag=eloabder-20&linkCode=osi&th=1&psc=1">View Product</a></div><div class="product"><a href="https://www.amazon.com/dp/B0CJF1FLFJ?tag=eloabder-20&linkCode=osi&th=1&psc=1"><img src="https://m.media-amazon.com/images/I/51dig1RqzdL._SL500_.jpg" alt="Product Image"></a><p>UPINS 150Pack Double Sided Foam Tape Strong Sticky Double Sided Foam Pads for Crafts Self-Adhesive Mounting Foam Tape Heavy Duty for Home Wall Decor 40 * 40 * 2mm</p><p>$8.99 ($0.06 / Count)</p><a href="https://www.amazon.com/dp/B0CJF1FLFJ?tag=eloabder-20&linkCode=osi&th=1&psc=1">View Product</a></div><div class="product"><a href="https://www.amazon.com/dp/B0D4YWRGCL?tag=eloabder-20&linkCode=osi&th=1&psc=1"><img src="https://m.media-amazon.com/images/I/41EqJ553-KL._SL500_.jpg" alt="Product Image"></a><p>Amanbo Glue Tape for Scrapbooking, 6 Pack Scrapbook Tape, Double Sided Tape Roller for Crafts, Total 120 Ft x 0.24 in Tape Runner, Craft Supplies for Scrapbooking, Gift Wrapping and Photo Tape</p><p>$6.99</p><a href="https://www.amazon.com/dp/B0D4YWRGCL?tag=eloabder-20&linkCode=osi&th=1&psc=1">View Product</a></div>
<div class="product"><a href="https://www.amazon.com/dp/B0CC5HPPTN?tag=eloabder-20&linkCode=osi&th=1&psc=1"><img src="https://m.media-amazon.com/images/I/519M81S201L._SL500_.jpg" alt="Product Image"></a><p>Airbrush Paint - 30 Colors with 3 Thinner, Ready to Spray Airbrush Paint Set, Water-Based Acrylic Air brush Paints for Metal, Plastic Models, Canvas, Wood, 20ml/Bottle</p><p>$32.99 ($1.48 / Fl Oz)</p><a href="https://www.amazon.com/dp/B0CC5HPPTN?tag=eloabder-20&linkCode=osi&th=1&psc=1">View Product</a></div>
<div class="product"><a href="https://www.amazon.com/dp/B0CXPSGK36?tag=eloabder-20&linkCode=osi&th=1&psc=1"><img src="https://m.media-amazon.com/images/I/51dd2dYOtrL._SL500_.jpg" alt="Product Image"></a><p>Letter Stickers 30 Sheets 1500 PCS Large Alphabet Sticker 2 Inch Vinyl Self Adhesive Stick on Stickers for Water Bottles Cup Mailbox Number Address Craft Scrapbooking Bulletin Board Decor Multicolor</p><p>$9.99</p><a href="https://www.amazon.com/dp/B0CXPSGK36?tag=eloabder-20&linkCode=osi&th=1&psc=1">View Product</a></div><div class="product"><a href="https://www.amazon.com/dp/B07NNYFMGY?tag=eloabder-20&linkCode=osi&th=1&psc=1"><img src="https://m.media-amazon.com/images/I/51yDnU+gEXL._SL500_.jpg" alt="Product Image"></a><p>20 Sheets Alphabet Letter Stickers 10 Colors Self Adhesive Sticker Colorful PU Material Convex Feeling (Colored Letter Stickers 1)</p><p>$6.99 ($0.35 / Count)</p><a href="https://www.amazon.com/dp/B07NNYFMGY?tag=eloabder-20&linkCode=osi&th=1&psc=1">View Product</a></div>

<div class="product"><a href="https://www.amazon.com/dp/B01DDN8854?tag=eloabder-20&linkCode=osi&th=1&psc=1"><img src="https://m.media-amazon.com/images/I/61dPubDZBSL._SL500_.jpg" alt="Product Image"></a><p>Hugs 'n Kisses HNKHABY13 Applique Paper (20 Pack)</p><p>$19.72 ($0.99 / Count)</p><a href="https://www.amazon.com/dp/B01DDN8854?tag=eloabder-20&linkCode=osi&th=1&psc=1">View Product</a></div>
<div class="product"><a href="https://www.amazon.com/dp/B09KPNFJW1?tag=eloabder-20&linkCode=osi&th=1&psc=1"><img src="https://m.media-amazon.com/images/I/41abn5fELmL._SL500_.jpg" alt="Product Image"></a><p>UniPleased Disposable Aprons (50 Count), Plastic apron for Painting Party, Cooking, Housework, Picnic etc.</p><p>$5.69</p><a href="https://www.amazon.com/dp/B09KPNFJW1?tag=eloabder-20&linkCode=osi&th=1&psc=1">View Product</a></div>
<div class="product"><a href="https://www.amazon.com/dp/B087M21MM2?tag=eloabder-20&linkCode=osi&th=1&psc=1"><img src="https://m.media-amazon.com/images/I/41Xf-jehhLL._SL500_.jpg" alt="Product Image"></a><p>GOTIDEAL Stretched Canvas, Multi Pack 4x4, 5x7, 8x10,9x12, 11x14 Set of 10, Primed White - 100% Cotton Artist Canvas Boards for Painting, Acrylic Pouring, Oil Paint Dry & Wet Art Media</p><p>$24.99</p><a href="https://www.amazon.com/dp/B087M21MM2?tag=eloabder-20&linkCode=osi&th=1&psc=1">View Product</a></div><div class="product"><a href="https://www.amazon.com/dp/B00OQJYISG?tag=eloabder-20&linkCode=osi&th=1&psc=1"><img src="https://m.media-amazon.com/images/I/31fEDLPkkcL._SL500_.jpg" alt="Product Image"></a><p>6 Count 12” x 16” Super Value Canvas by Artist's Loft Necessities - Acid Free Cotton Canvas for Paint, Acrylic, & Oils - 1 Pack</p><p>$19.99</p><a href="https://www.amazon.com/dp/B00OQJYISG?tag=eloabder-20&linkCode=osi&th=1&psc=1">View Product</a></div><div class="product"><a href="https://www.amazon.com/dp/B09CDKB9HY?tag=eloabder-20&linkCode=osi&th=1&psc=1"><img src="https://m.media-amazon.com/images/I/51+p5xnClGL._SL500_.jpg" alt="Product Image"></a><p>DPDIAN Canvas Boards for Painting 40 Pack, 8 inch x 10 inch Super Value Pack, Artist Canvas Panels for Oil & Acrylic Painting</p><p>$29.99</p><a href="https://www.amazon.com/dp/B09CDKB9HY?tag=eloabder-20&linkCode=osi&th=1&psc=1">View Product</a></div><div class="product"><a href="https://www.amazon.com/dp/B0CFBGP29G?tag=eloabder-20&linkCode=osi&th=1&psc=1"><img src="https://m.media-amazon.com/images/I/3147Az5plbL._SL500_.jpg" alt="Product Image"></a><p>ArtSkills Stretched Canvases for Painting, 12x16 Canvas Painting Supplies for Artists, Blank Canvas Pack, 2-Pack</p><p>$16.99</p><a href="https://www.amazon.com/dp/B0CFBGP29G?tag=eloabder-20&linkCode=osi&th=1&psc=1">View Product</a></div><div class="product"><a href="https://www.amazon.com/dp/B07BNGQ1SS?tag=eloabder-20&linkCode=osi&th=1&psc=1"><img src="https://m.media-amazon.com/images/I/410ZVtygUwS._SL500_.jpg" alt="Product Image"></a><p>PHOENIX Stretched Canvas for Painting 8x10 Inch/10 Value Pack, 8 Oz Triple Primed 5/8 Inch Profile 100% Cotton White Blank Canvas, Artist Framed Canvas for Oil Acrylic & Pouring Art</p><p>$22.99</p><a href="https://www.amazon.com/dp/B07BNGQ1SS?tag=eloabder-20&linkCode=osi&th=1&psc=1">View Product</a></div><div class="product"><a href="https://www.amazon.com/dp/B0922JP1H4?tag=eloabder-20&linkCode=osi&th=1&psc=1"><img src="https://m.media-amazon.com/images/I/41BmiEND1KL._SL500_.jpg" alt="Product Image"></a><p>GOTIDEAL Canvases for Painting, 18 Pack Canvas Boards Multipack 4x4, 5x7, 8x10, 9x12,11x14,Primed White Blank Artist Canvas Variety Pack for Acrylic Paint, Oil Paint, Watercolor, Gouache</p><p>$19.99</p><a href="https://www.amazon.com/dp/B0922JP1H4?tag=eloabder-20&linkCode=osi&th=1&psc=1">View Product</a></div>


<div class="product"><a href="https://www.amazon.com/dp/B0872VFHBH?tag=eloabder-20&linkCode=osi&th=1&psc=1"><img src="https://m.media-amazon.com/images/I/51k3bekQheS._SL500_.jpg" alt="Product Image"></a><p>Bachmore Drawing Pad 9X12 Inch (110lb/180g), 60 Sheets, Top Spiral Bound Multi-Media for Artist Pro & Amateurs | Acrylic Art, Ink, Paint, Oil Pastels,Watercolor Mixed Media Sketch</p><p>$11.99</p><a href="https://www.amazon.com/dp/B0872VFHBH?tag=eloabder-20&linkCode=osi&th=1&psc=1">View Product</a></div><div class="product"><a href="https://www.amazon.com/dp/B0027A75A4?tag=eloabder-20&linkCode=osi&th=1&psc=1"><img src="https://m.media-amazon.com/images/I/51dyOxxcgYL._SL500_.jpg" alt="Product Image"></a><p>Strathmore 200 Series Sketch Pad, 9x12 inch, 100 Sheets, Tape Bound - Artist Sketchbook for Drawing, Illustration, Art Class Students</p><p>$6.99 ($0.07 / Count)</p><a href="https://www.amazon.com/dp/B0027A75A4?tag=eloabder-20&linkCode=osi&th=1&psc=1">View Product</a></div><div class="product"><a href="https://www.amazon.com/dp/B0BV13YQKX?tag=eloabder-20&linkCode=osi&th=1&psc=1"><img src="https://m.media-amazon.com/images/I/41VYfMpvXUL._SL500_.jpg" alt="Product Image"></a><p>Canson Graduate Watercolor Pad, Foldover, 9x12 inch, 20 Sheets | Artist Paper for Adults and Students - Painting, Gouache, Mixed Media and Ink</p><p>$4.97 ($0.41 / Count)</p><a href="https://www.amazon.com/dp/B0BV13YQKX?tag=eloabder-20&linkCode=osi&th=1&psc=1">View Product</a></div><div class="product"><a href="https://www.amazon.com/dp/B0024KMQ6K?tag=eloabder-20&linkCode=osi&th=1&psc=1"><img src="https://m.media-amazon.com/images/I/51sYdvPPUCL._SL500_.jpg" alt="Product Image"></a><p>Strathmore 400 Series Pastel Pad, Assorted Colors, 9"x12" Glue Bound, 24 Sheets</p><p>$9.11</p><a href="https://www.amazon.com/dp/B0024KMQ6K?tag=eloabder-20&linkCode=osi&th=1&psc=1">View Product</a></div><div class="product"><a href="https://www.amazon.com/dp/B00246O6PI?tag=eloabder-20&linkCode=osi&th=1&psc=1"><img src="https://m.media-amazon.com/images/I/517TUmckOIL._SL500_.jpg" alt="Product Image"></a><p>Strathmore 300 Series Drawing Paper Pad, Top Wire Bound, 11x14 inches, 50 Sheets (70lb/114g) - Artist Paper for Adults and Students - Charcoal, Colored Pencil, Ink, Pastel, Marker</p><p>$13.33</p><a href="https://www.amazon.com/dp/B00246O6PI?tag=eloabder-20&linkCode=osi&th=1&psc=1">View Product</a></div>
<div class="product"><a href="https://www.amazon.com/dp/B08ZMH7LJY?tag=eloabder-20&linkCode=osi&th=1&psc=1"><img src="https://m.media-amazon.com/images/I/51mJIsLJA-S._SL500_.jpg" alt="Product Image"></a><p>PANDAFLY Professional Drawing Sketching Pencil Set - 12 Pieces Graphite Pencils(14B - 2H), Ideal for Drawing Art, Sketching, Shading, Artist Pencils for Beginners & Pro Artists</p><p>$5.11</p><a href="https://www.amazon.com/dp/B08ZMH7LJY?tag=eloabder-20&linkCode=osi&th=1&psc=1">View Product</a></div><div class="product"><a href="https://www.amazon.com/dp/B088K1G5NL?tag=eloabder-20&linkCode=osi&th=1&psc=1"><img src="https://m.media-amazon.com/images/I/51F2bOMZWnL._SL500_.jpg" alt="Product Image"></a><p>MARKART Professional Drawing Sketching Pencil Set - 14 Pieces,Graphite,(12B - 4H), Ideal for Drawing Art, Sketching, Shading, Artist Pencils for Beginners & Pro Artists</p><p>$5.24</p><a href="https://www.amazon.com/dp/B088K1G5NL?tag=eloabder-20&linkCode=osi&th=1&psc=1">View Product</a></div><div class="product"><a href="https://www.amazon.com/dp/B08FHMRW4L?tag=eloabder-20&linkCode=osi&th=1&psc=1"><img src="https://m.media-amazon.com/images/I/51Pmn5gjyzL._SL500_.jpg" alt="Product Image"></a><p>Mr. Pen- Sketch Pencils for Drawing, 14 Pack, Drawing Pencils, Art Pencils, Graphite Pencils, Graphite Pencils for Drawing, Art Pencils for Drawing and Shading</p><p>$5.95</p><a href="https://www.amazon.com/dp/B08FHMRW4L?tag=eloabder-20&linkCode=osi&th=1&psc=1">View Product</a></div><div class="product"><a href="https://www.amazon.com/dp/B0BNQ58DC4?tag=eloabder-20&linkCode=osi&th=1&psc=1"><img src="https://m.media-amazon.com/images/I/51e-gQtCcCL._SL500_.jpg" alt="Product Image"></a><p>MARTCOLOR Drawing Sketching Pencils Set, 12 Pack Graphite Pencils(14B - 2H), Ideal for Drawing Art, Sketching, Shading, Artist Pencils for Beginners & Pro Artists</p><p>$5.99</p><a href="https://www.amazon.com/dp/B0BNQ58DC4?tag=eloabder-20&linkCode=osi&th=1&psc=1">View Product</a></div>

<div class="product"><a href="https://www.amazon.com/dp/B0851M3749?tag=eloabder-20&linkCode=osi&th=1&psc=1"><img src="https://m.media-amazon.com/images/I/41KKSGSDl5L._SL500_.jpg" alt="Product Image"></a><p>N NOROCME 12 PCS Blending Stumps and Tortillions Paper Art Blenders with Sandpaper Pencil Sharpener Pointer for Student Artist Charcoal Sketch Drawing Tools</p><p>$4.99</p><a href="https://www.amazon.com/dp/B0851M3749?tag=eloabder-20&linkCode=osi&th=1&psc=1">View Product</a></div><div class="product"><a href="https://www.amazon.com/dp/B09J3HKN8F?tag=eloabder-20&linkCode=osi&th=1&psc=1"><img src="https://m.media-amazon.com/images/I/51Qvx81eQLL._SL500_.jpg" alt="Product Image"></a><p>Eraser Pencils Set for Artists, Wooden Sketch Eraser Pen for Charcoal Drawings, Professional Highlight Painting Eraser for Sketching, Revise Erasing Details for Students Limner</p><p>$6.99</p><a href="https://www.amazon.com/dp/B09J3HKN8F?tag=eloabder-20&linkCode=osi&th=1&psc=1">View Product</a></div>
<div class="product"><a href="https://www.amazon.com/dp/B09WCQ89T8?tag=eloabder-20&linkCode=osi&th=1&psc=1"><img src="https://m.media-amazon.com/images/I/41gZz0qgBFL._SL500_.jpg" alt="Product Image"></a><p>Bernat BABY BLANKET BB Blue Dreams Yarn - 1 Pack of 10.5oz/300g - Polyester - #6 Super Bulky - 220 Yards - Knitting/Crochet</p><p>$6.97</p><a href="https://www.amazon.com/dp/B09WCQ89T8?tag=eloabder-20&linkCode=osi&th=1&psc=1">View Product</a></div><div class="product"><a href="https://www.amazon.com/dp/B07V5JVNFD?tag=eloabder-20&linkCode=osi&th=1&psc=1"><img src="https://m.media-amazon.com/images/I/41IS+HdtiOL._SL500_.jpg" alt="Product Image"></a><p>Lion Brand Yarn Basic Stitch Anti-Pilling Knitting Yarn, Yarn for Crocheting, 1-Pack, Baby Blue</p><p>$8.40 ($0.02 / Foot)</p><a href="https://www.amazon.com/dp/B07V5JVNFD?tag=eloabder-20&linkCode=osi&th=1&psc=1">View Product</a></div><div class="product"><a href="https://www.amazon.com/dp/B01M0AJID2?tag=eloabder-20&linkCode=osi&th=1&psc=1"><img src="https://m.media-amazon.com/images/I/41yVau0AUpL._SL500_.jpg" alt="Product Image"></a><p>Lion Brand Yarn (1 Skein) Lion Brand Yarn Babysoft Baby Yarn Yarn, Little Boy Blue Multicolor</p><p>$7.19 ($0.01 / Foot)</p><a href="https://www.amazon.com/dp/B01M0AJID2?tag=eloabder-20&linkCode=osi&th=1&psc=1">View Product</a></div><div class="product"><a href="https://www.amazon.com/dp/B09W1KHF42?tag=eloabder-20&linkCode=osi&th=1&psc=1"><img src="https://m.media-amazon.com/images/I/41maDlrio5L._SL500_.jpg" alt="Product Image"></a><p>Red Heart Super Saver Light Blue Yarn - 3 Pack of 198g/7oz - Acrylic - 4 Medium (Worsted) - 364 Yards - Knitting/Crochet</p><p>$13.29 ($4.43 / Count)</p><a href="https://www.amazon.com/dp/B09W1KHF42?tag=eloabder-20&linkCode=osi&th=1&psc=1">View Product</a></div><div class="product"><a href="https://www.amazon.com/dp/B08LKVZ3CX?tag=eloabder-20&linkCode=osi&th=1&psc=1"><img src="https://m.media-amazon.com/images/I/41GLizNx8UL._SL500_.jpg" alt="Product Image"></a><p>Bernat Baby Blanket Baby Blue Yarn - 3 Pack of 100g/3.5oz - Polyester - 6 Super Bulky - 72 Yards - Knitting/Crochet</p><p>$21.81</p><a href="https://www.amazon.com/dp/B08LKVZ3CX?tag=eloabder-20&linkCode=osi&th=1&psc=1">View Product</a></div><div class="product"><a href="https://www.amazon.com/dp/B0CHJ95WHJ?tag=eloabder-20&linkCode=osi&th=1&psc=1"><img src="https://m.media-amazon.com/images/I/314E1EQdihL._SL500_.jpg" alt="Product Image"></a><p>NORCIA Soft Velvet Yarn Chenille Yarn for Crocheting Baby Blanket Yarn for Knitting Amigurumi Yarn Fancy Yarn for Crochet Weaving Craft (Baby Blue, 1 Skein)</p><p>$9.99</p><a href="https://www.amazon.com/dp/B0CHJ95WHJ?tag=eloabder-20&linkCode=osi&th=1&psc=1">View Product</a></div>
<div class="product"><a href="https://www.amazon.com/dp/B0779F2TXJ?tag=eloabder-20&linkCode=osi&th=1&psc=1"><img src="https://m.media-amazon.com/images/I/31kqZr8DJzL._SL500_.jpg" alt="Product Image"></a><p>OPENDGO Feather Ballpoint Pen ，Black Ink Vintage Feather Quill Refined Plated Rod Quill Ballpoint Pen For School Writing ▏Wedding Gift Signature Pen (Black)</p><p>$6.97</p><a href="https://www.amazon.com/dp/B0779F2TXJ?tag=eloabder-20&linkCode=osi&th=1&psc=1">View Product</a></div><div class="product"><a href="https://www.amazon.com/dp/B0CQF3BJ3S?tag=eloabder-20&linkCode=osi&th=1&psc=1"><img src="https://m.media-amazon.com/images/I/41gs6AOiP6L._SL500_.jpg" alt="Product Image"></a><p>3 in 1 Retractable Ballpoint Pen with Light and Stylus, Nice Pens for Journaling Writing in The Dark - White/Red Light Tip- 0.7mm Black Ink</p><p>$12.99</p><a href="https://www.amazon.com/dp/B0CQF3BJ3S?tag=eloabder-20&linkCode=osi&th=1&psc=1">View Product</a></div><div class="product"><a href="https://www.amazon.com/dp/B08BBZ3B8G?tag=eloabder-20&linkCode=osi&th=1&psc=1"><img src="https://m.media-amazon.com/images/I/41cMHyw60wL._SL500_.jpg" alt="Product Image"></a><p>Mr. Pen- Pens, Black Pens, 12 Pack, Fast Dry, No Smear Pens, Bible Pens, Pens for Journaling, Pens No Bleed Through, Pens Fine Point, Journal Pens, Fine Tip, Planner Pens, Ball Point Journal Pens</p><p>$9.99</p><a href="https://www.amazon.com/dp/B08BBZ3B8G?tag=eloabder-20&linkCode=osi&th=1&psc=1">View Product</a></div><div class="product"><a href="https://www.amazon.com/dp/B0D4YWWGX6?tag=eloabder-20&linkCode=osi&th=1&psc=1"><img src="https://m.media-amazon.com/images/I/31xHBCCzJqL._SL500_.jpg" alt="Product Image"></a><p>PATIKIL 21cm/8" Feather Ballpoint Pen, 1Pcs Ink Vintage Quill Pen Refined Plated Dip Pen for Calligraphy Writing Signature Wedding Gift, Yellow</p><p>$7.49</p><a href="https://www.amazon.com/dp/B0D4YWWGX6?tag=eloabder-20&linkCode=osi&th=1&psc=1">View Product</a></div>

<div class="product"><a href="https://www.amazon.com/dp/B001TLDEVQ?tag=eloabder-20&linkCode=osi&th=1&psc=1"><img src="https://m.media-amazon.com/images/I/41jYF39F6lL._SL500_.jpg" alt="Product Image"></a><p>Beadalon SuppleMax Illusion Beading Cord, 0.40 mm / 0.016 in, Clear Monofilament, 50 m / 164 ft</p><p>$4.74</p><a href="https://www.amazon.com/dp/B001TLDEVQ?tag=eloabder-20&linkCode=osi&th=1&psc=1">View Product</a></div><div class="product"><a href="https://www.amazon.com/dp/B0D2HVFZ7Q?tag=eloabder-20&linkCode=osi&th=1&psc=1"><img src="https://m.media-amazon.com/images/I/41R66LMYz7L._SL500_.jpg" alt="Product Image"></a><p>Zxiixz 116Yards 0.5mm Bracelet String, Waxed String Cord for Bracelet Making, Beading Thread for Bracelet Beads, Friendship Bracelet String for Bracelet Making, Waxed Polyester Cord for Jewelry Making</p><p>$6.99</p><a href="https://www.amazon.com/dp/B0D2HVFZ7Q?tag=eloabder-20&linkCode=osi&th=1&psc=1">View Product</a></div><div class="product"><a href="https://www.amazon.com/dp/B07BNF8KH5?tag=eloabder-20&linkCode=osi&th=1&psc=1"><img src="https://m.media-amazon.com/images/I/51jVByheyVL._SL500_.jpg" alt="Product Image"></a><p>PH PandaHall 100 Yards 1mm Waxed Cotton Cord Thread Beading String for Bracelet Necklace Making Crafting Beading Macrame Vase Decor, Burlywood</p><p>$7.19 ($0.02 / Foot)</p><a href="https://www.amazon.com/dp/B07BNF8KH5?tag=eloabder-20&linkCode=osi&th=1&psc=1">View Product</a></div><div class="product"><a href="https://www.amazon.com/dp/B07HBPGXJG?tag=eloabder-20&linkCode=osi&th=1&psc=1"><img src="https://m.media-amazon.com/images/I/41xi8gO6kDL._SL500_.jpg" alt="Product Image"></a><p>Paxcoo 0.8mm Elastic String, Stretchy Bracelet String Crystal String Bead Cord for Bracelet, Beading and Jewelry Making (120m)</p><p>$6.99 ($0.02 / Foot)</p><a href="https://www.amazon.com/dp/B07HBPGXJG?tag=eloabder-20&linkCode=osi&th=1&psc=1">View Product</a></div><div class="product"><a href="https://www.amazon.com/dp/B0CNPST7D9?tag=eloabder-20&linkCode=osi&th=1&psc=1"><img src="https://m.media-amazon.com/images/I/41A9VISFC4L._SL500_.jpg" alt="Product Image"></a><p>Kblick Black Nylon String Cord - 1MM 100 Yards Black Twine, Bracelet String for Bracelet Making, Braided Ornament Lanyard Sting, Jewelry Thread Clay Bead String for Crafts, Macrame Satin Cord</p><p>$5.99 ($0.02 / Foot)</p><a href="https://www.amazon.com/dp/B0CNPST7D9?tag=eloabder-20&linkCode=osi&th=1&psc=1">View Product</a></div><div class="product"><a href="https://www.amazon.com/dp/B08GC3JF9X?tag=eloabder-20&linkCode=osi&th=1&psc=1"><img src="https://m.media-amazon.com/images/I/41FQZYhvQpL._SL500_.jpg" alt="Product Image"></a><p>Cheriswelry 100M 0.8mm Nylon Beading Cord Black Chinese Knotting Rattail Macrame Thread String Roll for Jewelry Making Kumihimo Wrapping Supplies DIY Crafts</p><p>$6.99 ($0.02 / Fl Oz)</p><a href="https://www.amazon.com/dp/B08GC3JF9X?tag=eloabder-20&linkCode=osi&th=1&psc=1">View Product</a></div><div class="product"><a href="https://www.amazon.com/dp/B0B3V9RWQC?tag=eloabder-20&linkCode=osi&th=1&psc=1"><img src="https://m.media-amazon.com/images/I/41F-OP+yCxL._SL500_.jpg" alt="Product Image"></a><p>Griffin Silk Bead Cord Perlseide – Black Color – Size 3 (0.50mm) – 2 Meters per Card – Stainless Steel Needle Attached – for Knotting Pearls, Gemstones, Crystals and Beads</p><p>$4.99 ($0.76 / Foot)</p><a href="https://www.amazon.com/dp/B0B3V9RWQC?tag=eloabder-20&linkCode=osi&th=1&psc=1">View Product</a></div><div class="product"><a href="https://www.amazon.com/dp/B08F49YVQP?tag=eloabder-20&linkCode=osi&th=1&psc=1"><img src="https://m.media-amazon.com/images/I/41yCMIpj0rS._SL500_.jpg" alt="Product Image"></a><p>1mm Stretchy Bracelet String, Sturdy Rainbow Elastic String Elastic Cord for Jewelry Making, Necklaces, Beading and Crafts</p><p>$6.99 ($0.04 / Foot)</p><a href="https://www.amazon.com/dp/B08F49YVQP?tag=eloabder-20&linkCode=osi&th=1&psc=1">View Product</a></div>

<div class="product"><a href="https://www.amazon.com/dp/B001GMUBJ6?tag=eloabder-20&linkCode=osi&th=1&psc=1"><img src="https://m.media-amazon.com/images/I/41V5qzn3H5L._SL500_.jpg" alt="Product Image"></a><p>The Beadsmith Fireline by Berkley – Micro-Fused Braided Thread – 6lb. Test, 006”/.15mm Diameter, 50 Yard Spool, Crystal Color – Super Strong Stringing Material for Jewelry Making and Bead Weaving</p><p>$12.59</p><a href="https://www.amazon.com/dp/B001GMUBJ6?tag=eloabder-20&linkCode=osi&th=1&psc=1">View Product</a></div><div class="product"><a href="https://www.amazon.com/dp/B001UAKK0Y?tag=eloabder-20&linkCode=osi&th=1&psc=1"><img src="https://m.media-amazon.com/images/I/41rY1D0wfuL._SL500_.jpg" alt="Product Image"></a><p>Beadalon Wildfire, 0.006 in, 0.15 mm, Break Strength 10 lb / 4.5 kg, Frost, 50 yd / 45 m</p><p>$8.85 ($0.06 / Foot)</p><a href="https://www.amazon.com/dp/B001UAKK0Y?tag=eloabder-20&linkCode=osi&th=1&psc=1">View Product</a></div><div class="product"><a href="https://www.amazon.com/dp/B095WY58F4?tag=eloabder-20&linkCode=osi&th=1&psc=1"><img src="https://m.media-amazon.com/images/I/41mXRfJqcjL._SL500_.jpg" alt="Product Image"></a><p>PH PandaHall 0.1mm Nylon Seed Bead Thread 100 Yards Black White Bracelet Cord Beading Thread Invisible Sewing Thread Nylon Braided Thread String for Leather Stitching Beading Jewelry Bracelets Making</p><p>$9.99 ($0.03 / Foot)</p><a href="https://www.amazon.com/dp/B095WY58F4?tag=eloabder-20&linkCode=osi&th=1&psc=1">View Product</a></div><div class="product"><a href="https://www.amazon.com/dp/B08RN2R2SZ?tag=eloabder-20&linkCode=osi&th=1&psc=1"><img src="https://m.media-amazon.com/images/I/41Tg2MMC++L._SL500_.jpg" alt="Product Image"></a><p>KO Nylon Beading Thread, White Color, Japanese Pre-Waxed 100% Nylon, 330TEX, Tangle Resistant Knotting Cords, 50m /55 yds Spool, Use for Seed Bead Projects, Loom Work & Bead Weaving</p><p>$7.06 ($0.04 / Foot)</p><a href="https://www.amazon.com/dp/B08RN2R2SZ?tag=eloabder-20&linkCode=osi&th=1&psc=1">View Product</a></div><div class="product"><a href="https://www.amazon.com/dp/B09J89ST79?tag=eloabder-20&linkCode=osi&th=1&psc=1"><img src="https://m.media-amazon.com/images/I/41hLuuOZeXL._SL500_.jpg" alt="Product Image"></a><p>2 Roll Polyester Thread, Heavy Duty Thread, 1500Yard/Reel 210D/3 nylon thread for sewing, Sewing Thread for Upholstery, Outdoor Market, Drapery, Leather, Beading, Crafts</p><p>$7.99 ($0.00 / Foot)</p><a href="https://www.amazon.com/dp/B09J89ST79?tag=eloabder-20&linkCode=osi&th=1&psc=1">View Product</a></div><div class="product"><a href="https://www.amazon.com/dp/B0C6MSY7QQ?tag=eloabder-20&linkCode=osi&th=1&psc=1"><img src="https://m.media-amazon.com/images/I/31Bn-MyA62L._SL500_.jpg" alt="Product Image"></a><p>PH PandaHall 0.1mm Nylon String 100 Yards Beading Thread White Nylon Seed Bead Thread Bracelet Beading Thread Sewing String for Leather Stitching Beading Jewelry Bracelets Making</p><p>$7.99 ($0.03 / Foot)</p><a href="https://www.amazon.com/dp/B0C6MSY7QQ?tag=eloabder-20&linkCode=osi&th=1&psc=1">View Product</a></div>


<div class="product"><a href="https://www.amazon.com/dp/B0D3HPD7WP?tag=eloabder-20&linkCode=osi&th=1&psc=1"><img src="https://m.media-amazon.com/images/I/31KSmmAWUWL._SL500_.jpg" alt="Product Image"></a><p>50 Sheets Grey Cardstock Paper, Colored Printer Paper 8.5 x 11, Thick Construction Paper for Cards Making, Scrapbook，Office Printing, Invitations, Certificates，DIY Crafting 92 lb/250gsm</p><p>$9.99</p><a href="https://www.amazon.com/dp/B0D3HPD7WP?tag=eloabder-20&linkCode=osi&th=1&psc=1">View Product</a></div>
<div class="product"><a href="https://www.amazon.com/dp/B076CP6F36?tag=eloabder-20&linkCode=osi&th=1&psc=1"><img src="https://m.media-amazon.com/images/I/51rfEIvgI+L._SL500_.jpg" alt="Product Image"></a><p>Apple Barrel, Vibrant Spectrum Collection Acrylic Craft Paint, PROMOABIII, 2 fl oz each, 16 assorted matte colors, 16 count</p><p>$15.97 ($0.50 / Fl Oz)</p><a href="https://www.amazon.com/dp/B076CP6F36?tag=eloabder-20&linkCode=osi&th=1&psc=1">View Product</a></div><div class="product"><a href="https://www.amazon.com/dp/B0BKFLSYQF?tag=eloabder-20&linkCode=osi&th=1&psc=1"><img src="https://m.media-amazon.com/images/I/51a0PmPRknL._SL500_.jpg" alt="Product Image"></a><p>72 Pack Acrylic Paint Set, Shuttle Art 60 Colors Acrylic Paint Including Extra White Black & 12 Brushes, 2oz/60ml, Rich Pigmented, Water Proof, Ideal for Artists, Beginners on Canvas Rock Wood Ceramic</p><p>$45.99 ($23.00 / Fl Oz)</p><a href="https://www.amazon.com/dp/B0BKFLSYQF?tag=eloabder-20&linkCode=osi&th=1&psc=1">View Product</a></div><div class="product"><a href="https://www.amazon.com/dp/B08CB3JH79?tag=eloabder-20&linkCode=osi&th=1&psc=1"><img src="https://m.media-amazon.com/images/I/51OUZsFdnTL._SL500_.jpg" alt="Product Image"></a><p>Acrylic Paint Set of 36 Colors 2fl oz 60ml Bottles,Non Toxic 36 Colors Acrylic Paint No Fading Rich Pigment for Kids Adults Artists Canvas Crafts Wood Painting</p><p>$32.99 ($0.46 / Fl Oz)</p><a href="https://www.amazon.com/dp/B08CB3JH79?tag=eloabder-20&linkCode=osi&th=1&psc=1">View Product</a></div><div class="product"><a href="https://www.amazon.com/dp/B0018NBVKQ?tag=eloabder-20&linkCode=osi&th=1&psc=1"><img src="https://m.media-amazon.com/images/I/31YlSvZMTCL._SL500_.jpg" alt="Product Image"></a><p>Apple Barrel Acrylic Paint in Assorted Colors (8 Ounce), 20403 White</p><p>$2.67 ($0.33 / Fl Oz)</p><a href="https://www.amazon.com/dp/B0018NBVKQ?tag=eloabder-20&linkCode=osi&th=1&psc=1">View Product</a></div><div class="product"><a href="https://www.amazon.com/dp/B077WSBLZ1?tag=eloabder-20&linkCode=osi&th=1&psc=1"><img src="https://m.media-amazon.com/images/I/51KPkXpLn1L._SL500_.jpg" alt="Product Image"></a><p>Shuttle Art Acrylic Paint Set, 30 x12ml Tubes Artist Quality Non Toxic Rich Pigments Colors Great for Kids Adults Professional Painting on Rocks Canvas Wood Clay Fabric Ceramic Crafts</p><p>$12.99 ($1.08 / Fl Oz)</p><a href="https://www.amazon.com/dp/B077WSBLZ1?tag=eloabder-20&linkCode=osi&th=1&psc=1">View Product</a></div><div class="product"><a href="https://www.amazon.com/dp/B00889Z5Y6?tag=eloabder-20&linkCode=osi&th=1&psc=1"><img src="https://m.media-amazon.com/images/I/41MQjsyDbSL._SL500_.jpg" alt="Product Image"></a><p>Apple Barrel Acrylic Paint in Assorted Colors (2 oz), 20764, Apricot</p><p>$0.58 ($0.29 / Fl Oz)</p><a href="https://www.amazon.com/dp/B00889Z5Y6?tag=eloabder-20&linkCode=osi&th=1&psc=1">View Product</a></div><div class="product"><a href="https://www.amazon.com/dp/B09TWQD5ZL?tag=eloabder-20&linkCode=osi&th=1&psc=1"><img src="https://m.media-amazon.com/images/I/41B0L003QXL._SL500_.jpg" alt="Product Image"></a><p>Artkey Acrylic Paint Set - 24 colors 2 oz/59 ml Acrylic Paints Professional Artists Painting Kit for Canvases Fabric Rock Leather Easter Egg Wood Ceramic Glass Art Craft Painting</p><p>$19.99 ($0.42 / Fl Oz)</p><a href="https://www.amazon.com/dp/B09TWQD5ZL?tag=eloabder-20&linkCode=osi&th=1&psc=1">View Product</a></div><div class="product"><a href="https://www.amazon.com/dp/B07Z93LQDB?tag=eloabder-20&linkCode=osi&th=1&psc=1"><img src="https://m.media-amazon.com/images/I/51veoN6zK0L._SL500_.jpg" alt="Product Image"></a><p>Shuttle Art Acrylic Paint Set, 36 Colors Acrylic Paint with Brushes & Palette, 2oz Bottles, Rich Pigments Non-toxic Paint for Artists Kids & Adults, Art Supplies for Canvas Rock Ceramic Wood Painting</p><p>$27.99</p><a href="https://www.amazon.com/dp/B07Z93LQDB?tag=eloabder-20&linkCode=osi&th=1&psc=1">View Product</a></div><div class="product"><a href="https://www.amazon.com/dp/B002665SYY?tag=eloabder-20&linkCode=osi&th=1&psc=1"><img src="https://m.media-amazon.com/images/I/31sJJeWK6OS._SL500_.jpg" alt="Product Image"></a><p>Liquitex BASICS Acrylic Paint, 250ml (8.5-oz) Tube, Titanium White</p><p>$9.99 ($1.18 / Fl Oz)</p><a href="https://www.amazon.com/dp/B002665SYY?tag=eloabder-20&linkCode=osi&th=1&psc=1">View Product</a></div>
<div class="product"><a href="https://www.amazon.com/dp/B0CC98XLGL?tag=eloabder-20&linkCode=osi&th=1&psc=1"><img src="https://m.media-amazon.com/images/I/51ZLw+nThiL._SL500_.jpg" alt="Product Image"></a><p>HUIRUSO 4 Pack Double Sided Tape Roller, Scrapbook Supplies, Glue Tape Roller for Crafts, Double-Sided Adhesive Tape Runner for Scrapbooking, School Office Journaling Supplies (0.31 in X 26.25 ft)</p><p>$6.99 ($1.75 / Count)</p><a href="https://www.amazon.com/dp/B0CC98XLGL?tag=eloabder-20&linkCode=osi&th=1&psc=1">View Product</a></div><div class="product"><a href="https://www.amazon.com/dp/B007XAAE6K?tag=eloabder-20&linkCode=osi&th=1&psc=1"><img src="https://m.media-amazon.com/images/I/414qxYVR0wL._SL500_.jpg" alt="Product Image"></a><p>Scotch Double Sided Tape Runner, 1-Pack, 0.27 in x 26 ft., Perfect for Holiday Crafts, Gifts, and More</p><p>$4.47</p><a href="https://www.amazon.com/dp/B007XAAE6K?tag=eloabder-20&linkCode=osi&th=1&psc=1">View Product</a></div><div class="product"><a href="https://www.amazon.com/dp/B0BZVGPFSK?tag=eloabder-20&linkCode=osi&th=1&psc=1"><img src="https://m.media-amazon.com/images/I/51-ue9+7JkL._SL500_.jpg" alt="Product Image"></a><p>Birllaid Double Sided Tape for Walls, Picture Hanging Strips Removable Mounting Dots Adhesive Heavy Duty, Removable for Art Craft, Decoration, Party Supplies, Multipurpose</p><p>$11.99</p><a href="https://www.amazon.com/dp/B0BZVGPFSK?tag=eloabder-20&linkCode=osi&th=1&psc=1">View Product</a></div><div class="product"><a href="https://www.amazon.com/dp/B0CGVN9SL1?tag=eloabder-20&linkCode=osi&th=1&psc=1"><img src="https://m.media-amazon.com/images/I/41Hy+i4CnoL._SL500_.jpg" alt="Product Image"></a><p>30Ft x 1 Inch Hook and Loop Strips with Adhesive,Double Rolls of Heavy Duty Self Adhesive Tape with Backing, Nylon Self Adhesive Tape for Home Office School and Crafting,White</p><p>$9.99</p><a href="https://www.amazon.com/dp/B0CGVN9SL1?tag=eloabder-20&linkCode=osi&th=1&psc=1">View Product</a></div><div class="product"><a href="https://www.amazon.com/dp/B07Y3VDPLF?tag=eloabder-20&linkCode=osi&th=1&psc=1"><img src="https://m.media-amazon.com/images/I/41cyKQ2OMuL._SL500_.jpg" alt="Product Image"></a><p>Melsan 1x4 inch Hook and Loop Strips with Adhesive - 15 Sets, Strong Back Adhesive Fasten Mounting Tape for Home or Office Use - Instead of Holes and Screws, Black</p><p>$7.82</p><a href="https://www.amazon.com/dp/B07Y3VDPLF?tag=eloabder-20&linkCode=osi&th=1&psc=1">View Product</a></div><div class="product"><a href="https://www.amazon.com/dp/B07V57VJT5?tag=eloabder-20&linkCode=osi&th=1&psc=1"><img src="https://m.media-amazon.com/images/I/514JO3bvl3L._SL500_.jpg" alt="Product Image"></a><p>XFasten Adhesive Roller for Scrapbooking, 8mm x 30ft 4-Pack Double Sided Glue Tape Roller, Scrapbook Supplies for Adults, Photo Tape for Scrapbooking</p><p>$9.99 ($2.50 / Count)</p><a href="https://www.amazon.com/dp/B07V57VJT5?tag=eloabder-20&linkCode=osi&th=1&psc=1">View Product</a></div><div class="product"><a href="https://www.amazon.com/dp/B07JLTGQHX?tag=eloabder-20&linkCode=osi&th=1&psc=1"><img src="https://m.media-amazon.com/images/I/51Eqfo7kUZL._SL500_.jpg" alt="Product Image"></a><p>UPINS 120 Pack Double Sided Foam Tape Square Self-Adhesive Foam Tape Black Strong Tape Pads for DIY Art Crafts Supplies</p><p>$9.99 ($0.08 / Count)</p><a href="https://www.amazon.com/dp/B07JLTGQHX?tag=eloabder-20&linkCode=osi&th=1&psc=1">View Product</a></div><div class="product"><a href="https://www.amazon.com/dp/B005FM6XF4?tag=eloabder-20&linkCode=osi&th=1&psc=1"><img src="https://m.media-amazon.com/images/I/51-vp1WJ89L._SL500_.jpg" alt="Product Image"></a><p>AdTech 5603 Permanent Crafter's Tape, 0.31" x 315", Pack of 4</p><p>$7.84 ($0.07 / Foot)</p><a href="https://www.amazon.com/dp/B005FM6XF4?tag=eloabder-20&linkCode=osi&th=1&psc=1">View Product</a></div><div class="product"><a href="https://www.amazon.com/dp/B0CJF1FLFJ?tag=eloabder-20&linkCode=osi&th=1&psc=1"><img src="https://m.media-amazon.com/images/I/51dig1RqzdL._SL500_.jpg" alt="Product Image"></a><p>UPINS 150Pack Double Sided Foam Tape Strong Sticky Double Sided Foam Pads for Crafts Self-Adhesive Mounting Foam Tape Heavy Duty for Home Wall Decor 40 * 40 * 2mm</p><p>$8.99 ($0.06 / Count)</p><a href="https://www.amazon.com/dp/B0CJF1FLFJ?tag=eloabder-20&linkCode=osi&th=1&psc=1">View Product</a></div><div class="product"><a href="https://www.amazon.com/dp/B0D4YWRGCL?tag=eloabder-20&linkCode=osi&th=1&psc=1"><img src="https://m.media-amazon.com/images/I/41EqJ553-KL._SL500_.jpg" alt="Product Image"></a><p>Amanbo Glue Tape for Scrapbooking, 6 Pack Scrapbook Tape, Double Sided Tape Roller for Crafts, Total 120 Ft x 0.24 in Tape Runner, Craft Supplies for Scrapbooking, Gift Wrapping and Photo Tape</p><p>$6.99</p><a href="https://www.amazon.com/dp/B0D4YWRGCL?tag=eloabder-20&linkCode=osi&th=1&psc=1">View Product</a></div>
<div class="product"><a href="https://www.amazon.com/dp/B0CC5HPPTN?tag=eloabder-20&linkCode=osi&th=1&psc=1"><img src="https://m.media-amazon.com/images/I/519M81S201L._SL500_.jpg" alt="Product Image"></a><p>Airbrush Paint - 30 Colors with 3 Thinner, Ready to Spray Airbrush Paint Set, Water-Based Acrylic Air brush Paints for Metal, Plastic Models, Canvas, Wood, 20ml/Bottle</p><p>$32.99 ($1.48 / Fl Oz)</p><a href="https://www.amazon.com/dp/B0CC5HPPTN?tag=eloabder-20&linkCode=osi&th=1&psc=1">View Product</a></div>
<div class="product"><a href="https://www.amazon.com/dp/B0CXPSGK36?tag=eloabder-20&linkCode=osi&th=1&psc=1"><img src="https://m.media-amazon.com/images/I/51dd2dYOtrL._SL500_.jpg" alt="Product Image"></a><p>Letter Stickers 30 Sheets 1500 PCS Large Alphabet Sticker 2 Inch Vinyl Self Adhesive Stick on Stickers for Water Bottles Cup Mailbox Number Address Craft Scrapbooking Bulletin Board Decor Multicolor</p><p>$9.99</p><a href="https://www.amazon.com/dp/B0CXPSGK36?tag=eloabder-20&linkCode=osi&th=1&psc=1">View Product</a></div><div class="product"><a href="https://www.amazon.com/dp/B07NNYFMGY?tag=eloabder-20&linkCode=osi&th=1&psc=1"><img src="https://m.media-amazon.com/images/I/51yDnU+gEXL._SL500_.jpg" alt="Product Image"></a><p>20 Sheets Alphabet Letter Stickers 10 Colors Self Adhesive Sticker Colorful PU Material Convex Feeling (Colored Letter Stickers 1)</p><p>$6.99 ($0.35 / Count)</p><a href="https://www.amazon.com/dp/B07NNYFMGY?tag=eloabder-20&linkCode=osi&th=1&psc=1">View Product</a></div>

<div class="product"><a href="https://www.amazon.com/dp/B01DDN8854?tag=eloabder-20&linkCode=osi&th=1&psc=1"><img src="https://m.media-amazon.com/images/I/61dPubDZBSL._SL500_.jpg" alt="Product Image"></a><p>Hugs 'n Kisses HNKHABY13 Applique Paper (20 Pack)</p><p>$19.72 ($0.99 / Count)</p><a href="https://www.amazon.com/dp/B01DDN8854?tag=eloabder-20&linkCode=osi&th=1&psc=1">View Product</a></div>
<div class="product"><a href="https://www.amazon.com/dp/B09KPNFJW1?tag=eloabder-20&linkCode=osi&th=1&psc=1"><img src="https://m.media-amazon.com/images/I/41abn5fELmL._SL500_.jpg" alt="Product Image"></a><p>UniPleased Disposable Aprons (50 Count), Plastic apron for Painting Party, Cooking, Housework, Picnic etc.</p><p>$5.69</p><a href="https://www.amazon.com/dp/B09KPNFJW1?tag=eloabder-20&linkCode=osi&th=1&psc=1">View Product</a></div>
<div class="product"><a href="https://www.amazon.com/dp/B087M21MM2?tag=eloabder-20&linkCode=osi&th=1&psc=1"><img src="https://m.media-amazon.com/images/I/41Xf-jehhLL._SL500_.jpg" alt="Product Image"></a><p>GOTIDEAL Stretched Canvas, Multi Pack 4x4, 5x7, 8x10,9x12, 11x14 Set of 10, Primed White - 100% Cotton Artist Canvas Boards for Painting, Acrylic Pouring, Oil Paint Dry & Wet Art Media</p><p>$24.99</p><a href="https://www.amazon.com/dp/B087M21MM2?tag=eloabder-20&linkCode=osi&th=1&psc=1">View Product</a></div><div class="product"><a href="https://www.amazon.com/dp/B00OQJYISG?tag=eloabder-20&linkCode=osi&th=1&psc=1"><img src="https://m.media-amazon.com/images/I/31fEDLPkkcL._SL500_.jpg" alt="Product Image"></a><p>6 Count 12” x 16” Super Value Canvas by Artist's Loft Necessities - Acid Free Cotton Canvas for Paint, Acrylic, & Oils - 1 Pack</p><p>$19.99</p><a href="https://www.amazon.com/dp/B00OQJYISG?tag=eloabder-20&linkCode=osi&th=1&psc=1">View Product</a></div><div class="product"><a href="https://www.amazon.com/dp/B09CDKB9HY?tag=eloabder-20&linkCode=osi&th=1&psc=1"><img src="https://m.media-amazon.com/images/I/51+p5xnClGL._SL500_.jpg" alt="Product Image"></a><p>DPDIAN Canvas Boards for Painting 40 Pack, 8 inch x 10 inch Super Value Pack, Artist Canvas Panels for Oil & Acrylic Painting</p><p>$29.99</p><a href="https://www.amazon.com/dp/B09CDKB9HY?tag=eloabder-20&linkCode=osi&th=1&psc=1">View Product</a></div><div class="product"><a href="https://www.amazon.com/dp/B0CFBGP29G?tag=eloabder-20&linkCode=osi&th=1&psc=1"><img src="https://m.media-amazon.com/images/I/3147Az5plbL._SL500_.jpg" alt="Product Image"></a><p>ArtSkills Stretched Canvases for Painting, 12x16 Canvas Painting Supplies for Artists, Blank Canvas Pack, 2-Pack</p><p>$16.99</p><a href="https://www.amazon.com/dp/B0CFBGP29G?tag=eloabder-20&linkCode=osi&th=1&psc=1">View Product</a></div><div class="product"><a href="https://www.amazon.com/dp/B07BNGQ1SS?tag=eloabder-20&linkCode=osi&th=1&psc=1"><img src="https://m.media-amazon.com/images/I/410ZVtygUwS._SL500_.jpg" alt="Product Image"></a><p>PHOENIX Stretched Canvas for Painting 8x10 Inch/10 Value Pack, 8 Oz Triple Primed 5/8 Inch Profile 100% Cotton White Blank Canvas, Artist Framed Canvas for Oil Acrylic & Pouring Art</p><p>$22.99</p><a href="https://www.amazon.com/dp/B07BNGQ1SS?tag=eloabder-20&linkCode=osi&th=1&psc=1">View Product</a></div><div class="product"><a href="https://www.amazon.com/dp/B0922JP1H4?tag=eloabder-20&linkCode=osi&th=1&psc=1"><img src="https://m.media-amazon.com/images/I/41BmiEND1KL._SL500_.jpg" alt="Product Image"></a><p>GOTIDEAL Canvases for Painting, 18 Pack Canvas Boards Multipack 4x4, 5x7, 8x10, 9x12,11x14,Primed White Blank Artist Canvas Variety Pack for Acrylic Paint, Oil Paint, Watercolor, Gouache</p><p>$19.99</p><a href="https://www.amazon.com/dp/B0922JP1H4?tag=eloabder-20&linkCode=osi&th=1&psc=1">View Product</a></div>


<div class="product"><a href="https://www.amazon.com/dp/B0872VFHBH?tag=eloabder-20&linkCode=osi&th=1&psc=1"><img src="https://m.media-amazon.com/images/I/51k3bekQheS._SL500_.jpg" alt="Product Image"></a><p>Bachmore Drawing Pad 9X12 Inch (110lb/180g), 60 Sheets, Top Spiral Bound Multi-Media for Artist Pro & Amateurs | Acrylic Art, Ink, Paint, Oil Pastels,Watercolor Mixed Media Sketch</p><p>$11.99</p><a href="https://www.amazon.com/dp/B0872VFHBH?tag=eloabder-20&linkCode=osi&th=1&psc=1">View Product</a></div><div class="product"><a href="https://www.amazon.com/dp/B0027A75A4?tag=eloabder-20&linkCode=osi&th=1&psc=1"><img src="https://m.media-amazon.com/images/I/51dyOxxcgYL._SL500_.jpg" alt="Product Image"></a><p>Strathmore 200 Series Sketch Pad, 9x12 inch, 100 Sheets, Tape Bound - Artist Sketchbook for Drawing, Illustration, Art Class Students</p><p>$6.99 ($0.07 / Count)</p><a href="https://www.amazon.com/dp/B0027A75A4?tag=eloabder-20&linkCode=osi&th=1&psc=1">View Product</a></div><div class="product"><a href="https://www.amazon.com/dp/B0BV13YQKX?tag=eloabder-20&linkCode=osi&th=1&psc=1"><img src="https://m.media-amazon.com/images/I/41VYfMpvXUL._SL500_.jpg" alt="Product Image"></a><p>Canson Graduate Watercolor Pad, Foldover, 9x12 inch, 20 Sheets | Artist Paper for Adults and Students - Painting, Gouache, Mixed Media and Ink</p><p>$4.97 ($0.41 / Count)</p><a href="https://www.amazon.com/dp/B0BV13YQKX?tag=eloabder-20&linkCode=osi&th=1&psc=1">View Product</a></div><div class="product"><a href="https://www.amazon.com/dp/B0024KMQ6K?tag=eloabder-20&linkCode=osi&th=1&psc=1"><img src="https://m.media-amazon.com/images/I/51sYdvPPUCL._SL500_.jpg" alt="Product Image"></a><p>Strathmore 400 Series Pastel Pad, Assorted Colors, 9"x12" Glue Bound, 24 Sheets</p><p>$9.11</p><a href="https://www.amazon.com/dp/B0024KMQ6K?tag=eloabder-20&linkCode=osi&th=1&psc=1">View Product</a></div><div class="product"><a href="https://www.amazon.com/dp/B00246O6PI?tag=eloabder-20&linkCode=osi&th=1&psc=1"><img src="https://m.media-amazon.com/images/I/517TUmckOIL._SL500_.jpg" alt="Product Image"></a><p>Strathmore 300 Series Drawing Paper Pad, Top Wire Bound, 11x14 inches, 50 Sheets (70lb/114g) - Artist Paper for Adults and Students - Charcoal, Colored Pencil, Ink, Pastel, Marker</p><p>$13.33</p><a href="https://www.amazon.com/dp/B00246O6PI?tag=eloabder-20&linkCode=osi&th=1&psc=1">View Product</a></div>
<div class="product"><a href="https://www.amazon.com/dp/B08ZMH7LJY?tag=eloabder-20&linkCode=osi&th=1&psc=1"><img src="https://m.media-amazon.com/images/I/51mJIsLJA-S._SL500_.jpg" alt="Product Image"></a><p>PANDAFLY Professional Drawing Sketching Pencil Set - 12 Pieces Graphite Pencils(14B - 2H), Ideal for Drawing Art, Sketching, Shading, Artist Pencils for Beginners & Pro Artists</p><p>$5.11</p><a href="https://www.amazon.com/dp/B08ZMH7LJY?tag=eloabder-20&linkCode=osi&th=1&psc=1">View Product</a></div><div class="product"><a href="https://www.amazon.com/dp/B088K1G5NL?tag=eloabder-20&linkCode=osi&th=1&psc=1"><img src="https://m.media-amazon.com/images/I/51F2bOMZWnL._SL500_.jpg" alt="Product Image"></a><p>MARKART Professional Drawing Sketching Pencil Set - 14 Pieces,Graphite,(12B - 4H), Ideal for Drawing Art, Sketching, Shading, Artist Pencils for Beginners & Pro Artists</p><p>$5.24</p><a href="https://www.amazon.com/dp/B088K1G5NL?tag=eloabder-20&linkCode=osi&th=1&psc=1">View Product</a></div><div class="product"><a href="https://www.amazon.com/dp/B08FHMRW4L?tag=eloabder-20&linkCode=osi&th=1&psc=1"><img src="https://m.media-amazon.com/images/I/51Pmn5gjyzL._SL500_.jpg" alt="Product Image"></a><p>Mr. Pen- Sketch Pencils for Drawing, 14 Pack, Drawing Pencils, Art Pencils, Graphite Pencils, Graphite Pencils for Drawing, Art Pencils for Drawing and Shading</p><p>$5.95</p><a href="https://www.amazon.com/dp/B08FHMRW4L?tag=eloabder-20&linkCode=osi&th=1&psc=1">View Product</a></div><div class="product"><a href="https://www.amazon.com/dp/B0BNQ58DC4?tag=eloabder-20&linkCode=osi&th=1&psc=1"><img src="https://m.media-amazon.com/images/I/51e-gQtCcCL._SL500_.jpg" alt="Product Image"></a><p>MARTCOLOR Drawing Sketching Pencils Set, 12 Pack Graphite Pencils(14B - 2H), Ideal for Drawing Art, Sketching, Shading, Artist Pencils for Beginners & Pro Artists</p><p>$5.99</p><a href="https://www.amazon.com/dp/B0BNQ58DC4?tag=eloabder-20&linkCode=osi&th=1&psc=1">View Product</a></div>

<div class="product"><a href="https://www.amazon.com/dp/B0851M3749?tag=eloabder-20&linkCode=osi&th=1&psc=1"><img src="https://m.media-amazon.com/images/I/41KKSGSDl5L._SL500_.jpg" alt="Product Image"></a><p>N NOROCME 12 PCS Blending Stumps and Tortillions Paper Art Blenders with Sandpaper Pencil Sharpener Pointer for Student Artist Charcoal Sketch Drawing Tools</p><p>$4.99</p><a href="https://www.amazon.com/dp/B0851M3749?tag=eloabder-20&linkCode=osi&th=1&psc=1">View Product</a></div><div class="product"><a href="https://www.amazon.com/dp/B09J3HKN8F?tag=eloabder-20&linkCode=osi&th=1&psc=1"><img src="https://m.media-amazon.com/images/I/51Qvx81eQLL._SL500_.jpg" alt="Product Image"></a><p>Eraser Pencils Set for Artists, Wooden Sketch Eraser Pen for Charcoal Drawings, Professional Highlight Painting Eraser for Sketching, Revise Erasing Details for Students Limner</p><p>$6.99</p><a href="https://www.amazon.com/dp/B09J3HKN8F?tag=eloabder-20&linkCode=osi&th=1&psc=1">View Product</a></div>
<div class="product"><a href="https://www.amazon.com/dp/B09WCQ89T8?tag=eloabder-20&linkCode=osi&th=1&psc=1"><img src="https://m.media-amazon.com/images/I/41gZz0qgBFL._SL500_.jpg" alt="Product Image"></a><p>Bernat BABY BLANKET BB Blue Dreams Yarn - 1 Pack of 10.5oz/300g - Polyester - #6 Super Bulky - 220 Yards - Knitting/Crochet</p><p>$6.97</p><a href="https://www.amazon.com/dp/B09WCQ89T8?tag=eloabder-20&linkCode=osi&th=1&psc=1">View Product</a></div><div class="product"><a href="https://www.amazon.com/dp/B07V5JVNFD?tag=eloabder-20&linkCode=osi&th=1&psc=1"><img src="https://m.media-amazon.com/images/I/41IS+HdtiOL._SL500_.jpg" alt="Product Image"></a><p>Lion Brand Yarn Basic Stitch Anti-Pilling Knitting Yarn, Yarn for Crocheting, 1-Pack, Baby Blue</p><p>$8.40 ($0.02 / Foot)</p><a href="https://www.amazon.com/dp/B07V5JVNFD?tag=eloabder-20&linkCode=osi&th=1&psc=1">View Product</a></div><div class="product"><a href="https://www.amazon.com/dp/B01M0AJID2?tag=eloabder-20&linkCode=osi&th=1&psc=1"><img src="https://m.media-amazon.com/images/I/41yVau0AUpL._SL500_.jpg" alt="Product Image"></a><p>Lion Brand Yarn (1 Skein) Lion Brand Yarn Babysoft Baby Yarn Yarn, Little Boy Blue Multicolor</p><p>$7.19 ($0.01 / Foot)</p><a href="https://www.amazon.com/dp/B01M0AJID2?tag=eloabder-20&linkCode=osi&th=1&psc=1">View Product</a></div><div class="product"><a href="https://www.amazon.com/dp/B09W1KHF42?tag=eloabder-20&linkCode=osi&th=1&psc=1"><img src="https://m.media-amazon.com/images/I/41maDlrio5L._SL500_.jpg" alt="Product Image"></a><p>Red Heart Super Saver Light Blue Yarn - 3 Pack of 198g/7oz - Acrylic - 4 Medium (Worsted) - 364 Yards - Knitting/Crochet</p><p>$13.29 ($4.43 / Count)</p><a href="https://www.amazon.com/dp/B09W1KHF42?tag=eloabder-20&linkCode=osi&th=1&psc=1">View Product</a></div><div class="product"><a href="https://www.amazon.com/dp/B08LKVZ3CX?tag=eloabder-20&linkCode=osi&th=1&psc=1"><img src="https://m.media-amazon.com/images/I/41GLizNx8UL._SL500_.jpg" alt="Product Image"></a><p>Bernat Baby Blanket Baby Blue Yarn - 3 Pack of 100g/3.5oz - Polyester - 6 Super Bulky - 72 Yards - Knitting/Crochet</p><p>$21.81</p><a href="https://www.amazon.com/dp/B08LKVZ3CX?tag=eloabder-20&linkCode=osi&th=1&psc=1">View Product</a></div><div class="product"><a href="https://www.amazon.com/dp/B0CHJ95WHJ?tag=eloabder-20&linkCode=osi&th=1&psc=1"><img src="https://m.media-amazon.com/images/I/314E1EQdihL._SL500_.jpg" alt="Product Image"></a><p>NORCIA Soft Velvet Yarn Chenille Yarn for Crocheting Baby Blanket Yarn for Knitting Amigurumi Yarn Fancy Yarn for Crochet Weaving Craft (Baby Blue, 1 Skein)</p><p>$9.99</p><a href="https://www.amazon.com/dp/B0CHJ95WHJ?tag=eloabder-20&linkCode=osi&th=1&psc=1">View Product</a></div>
<div class="product"><a href="https://www.amazon.com/dp/B0779F2TXJ?tag=eloabder-20&linkCode=osi&th=1&psc=1"><img src="https://m.media-amazon.com/images/I/31kqZr8DJzL._SL500_.jpg" alt="Product Image"></a><p>OPENDGO Feather Ballpoint Pen ，Black Ink Vintage Feather Quill Refined Plated Rod Quill Ballpoint Pen For School Writing ▏Wedding Gift Signature Pen (Black)</p><p>$6.97</p><a href="https://www.amazon.com/dp/B0779F2TXJ?tag=eloabder-20&linkCode=osi&th=1&psc=1">View Product</a></div><div class="product"><a href="https://www.amazon.com/dp/B0CQF3BJ3S?tag=eloabder-20&linkCode=osi&th=1&psc=1"><img src="https://m.media-amazon.com/images/I/41gs6AOiP6L._SL500_.jpg" alt="Product Image"></a><p>3 in 1 Retractable Ballpoint Pen with Light and Stylus, Nice Pens for Journaling Writing in The Dark - White/Red Light Tip- 0.7mm Black Ink</p><p>$12.99</p><a href="https://www.amazon.com/dp/B0CQF3BJ3S?tag=eloabder-20&linkCode=osi&th=1&psc=1">View Product</a></div><div class="product"><a href="https://www.amazon.com/dp/B08BBZ3B8G?tag=eloabder-20&linkCode=osi&th=1&psc=1"><img src="https://m.media-amazon.com/images/I/41cMHyw60wL._SL500_.jpg" alt="Product Image"></a><p>Mr. Pen- Pens, Black Pens, 12 Pack, Fast Dry, No Smear Pens, Bible Pens, Pens for Journaling, Pens No Bleed Through, Pens Fine Point, Journal Pens, Fine Tip, Planner Pens, Ball Point Journal Pens</p><p>$9.99</p><a href="https://www.amazon.com/dp/B08BBZ3B8G?tag=eloabder-20&linkCode=osi&th=1&psc=1">View Product</a></div><div class="product"><a href="https://www.amazon.com/dp/B0D4YWWGX6?tag=eloabder-20&linkCode=osi&th=1&psc=1"><img src="https://m.media-amazon.com/images/I/31xHBCCzJqL._SL500_.jpg" alt="Product Image"></a><p>PATIKIL 21cm/8" Feather Ballpoint Pen, 1Pcs Ink Vintage Quill Pen Refined Plated Dip Pen for Calligraphy Writing Signature Wedding Gift, Yellow</p><p>$7.49</p><a href="https://www.amazon.com/dp/B0D4YWWGX6?tag=eloabder-20&linkCode=osi&th=1&psc=1">View Product</a></div>

<div class="product"><a href="https://www.amazon.com/dp/B001TLDEVQ?tag=eloabder-20&linkCode=osi&th=1&psc=1"><img src="https://m.media-amazon.com/images/I/41jYF39F6lL._SL500_.jpg" alt="Product Image"></a><p>Beadalon SuppleMax Illusion Beading Cord, 0.40 mm / 0.016 in, Clear Monofilament, 50 m / 164 ft</p><p>$4.74</p><a href="https://www.amazon.com/dp/B001TLDEVQ?tag=eloabder-20&linkCode=osi&th=1&psc=1">View Product</a></div><div class="product"><a href="https://www.amazon.com/dp/B0D2HVFZ7Q?tag=eloabder-20&linkCode=osi&th=1&psc=1"><img src="https://m.media-amazon.com/images/I/41R66LMYz7L._SL500_.jpg" alt="Product Image"></a><p>Zxiixz 116Yards 0.5mm Bracelet String, Waxed String Cord for Bracelet Making, Beading Thread for Bracelet Beads, Friendship Bracelet String for Bracelet Making, Waxed Polyester Cord for Jewelry Making</p><p>$6.99</p><a href="https://www.amazon.com/dp/B0D2HVFZ7Q?tag=eloabder-20&linkCode=osi&th=1&psc=1">View Product</a></div><div class="product"><a href="https://www.amazon.com/dp/B07BNF8KH5?tag=eloabder-20&linkCode=osi&th=1&psc=1"><img src="https://m.media-amazon.com/images/I/51jVByheyVL._SL500_.jpg" alt="Product Image"></a><p>PH PandaHall 100 Yards 1mm Waxed Cotton Cord Thread Beading String for Bracelet Necklace Making Crafting Beading Macrame Vase Decor, Burlywood</p><p>$7.19 ($0.02 / Foot)</p><a href="https://www.amazon.com/dp/B07BNF8KH5?tag=eloabder-20&linkCode=osi&th=1&psc=1">View Product</a></div><div class="product"><a href="https://www.amazon.com/dp/B07HBPGXJG?tag=eloabder-20&linkCode=osi&th=1&psc=1"><img src="https://m.media-amazon.com/images/I/41xi8gO6kDL._SL500_.jpg" alt="Product Image"></a><p>Paxcoo 0.8mm Elastic String, Stretchy Bracelet String Crystal String Bead Cord for Bracelet, Beading and Jewelry Making (120m)</p><p>$6.99 ($0.02 / Foot)</p><a href="https://www.amazon.com/dp/B07HBPGXJG?tag=eloabder-20&linkCode=osi&th=1&psc=1">View Product</a></div><div class="product"><a href="https://www.amazon.com/dp/B0CNPST7D9?tag=eloabder-20&linkCode=osi&th=1&psc=1"><img src="https://m.media-amazon.com/images/I/41A9VISFC4L._SL500_.jpg" alt="Product Image"></a><p>Kblick Black Nylon String Cord - 1MM 100 Yards Black Twine, Bracelet String for Bracelet Making, Braided Ornament Lanyard Sting, Jewelry Thread Clay Bead String for Crafts, Macrame Satin Cord</p><p>$5.99 ($0.02 / Foot)</p><a href="https://www.amazon.com/dp/B0CNPST7D9?tag=eloabder-20&linkCode=osi&th=1&psc=1">View Product</a></div><div class="product"><a href="https://www.amazon.com/dp/B08GC3JF9X?tag=eloabder-20&linkCode=osi&th=1&psc=1"><img src="https://m.media-amazon.com/images/I/41FQZYhvQpL._SL500_.jpg" alt="Product Image"></a><p>Cheriswelry 100M 0.8mm Nylon Beading Cord Black Chinese Knotting Rattail Macrame Thread String Roll for Jewelry Making Kumihimo Wrapping Supplies DIY Crafts</p><p>$6.99 ($0.02 / Fl Oz)</p><a href="https://www.amazon.com/dp/B08GC3JF9X?tag=eloabder-20&linkCode=osi&th=1&psc=1">View Product</a></div><div class="product"><a href="https://www.amazon.com/dp/B0B3V9RWQC?tag=eloabder-20&linkCode=osi&th=1&psc=1"><img src="https://m.media-amazon.com/images/I/41F-OP+yCxL._SL500_.jpg" alt="Product Image"></a><p>Griffin Silk Bead Cord Perlseide – Black Color – Size 3 (0.50mm) – 2 Meters per Card – Stainless Steel Needle Attached – for Knotting Pearls, Gemstones, Crystals and Beads</p><p>$4.99 ($0.76 / Foot)</p><a href="https://www.amazon.com/dp/B0B3V9RWQC?tag=eloabder-20&linkCode=osi&th=1&psc=1">View Product</a></div><div class="product"><a href="https://www.amazon.com/dp/B08F49YVQP?tag=eloabder-20&linkCode=osi&th=1&psc=1"><img src="https://m.media-amazon.com/images/I/41yCMIpj0rS._SL500_.jpg" alt="Product Image"></a><p>1mm Stretchy Bracelet String, Sturdy Rainbow Elastic String Elastic Cord for Jewelry Making, Necklaces, Beading and Crafts</p><p>$6.99 ($0.04 / Foot)</p><a href="https://www.amazon.com/dp/B08F49YVQP?tag=eloabder-20&linkCode=osi&th=1&psc=1">View Product</a></div>

<div class="product"><a href="https://www.amazon.com/dp/B001GMUBJ6?tag=eloabder-20&linkCode=osi&th=1&psc=1"><img src="https://m.media-amazon.com/images/I/41V5qzn3H5L._SL500_.jpg" alt="Product Image"></a><p>The Beadsmith Fireline by Berkley – Micro-Fused Braided Thread – 6lb. Test, 006”/.15mm Diameter, 50 Yard Spool, Crystal Color – Super Strong Stringing Material for Jewelry Making and Bead Weaving</p><p>$12.59</p><a href="https://www.amazon.com/dp/B001GMUBJ6?tag=eloabder-20&linkCode=osi&th=1&psc=1">View Product</a></div><div class="product"><a href="https://www.amazon.com/dp/B001UAKK0Y?tag=eloabder-20&linkCode=osi&th=1&psc=1"><img src="https://m.media-amazon.com/images/I/41rY1D0wfuL._SL500_.jpg" alt="Product Image"></a><p>Beadalon Wildfire, 0.006 in, 0.15 mm, Break Strength 10 lb / 4.5 kg, Frost, 50 yd / 45 m</p><p>$8.85 ($0.06 / Foot)</p><a href="https://www.amazon.com/dp/B001UAKK0Y?tag=eloabder-20&linkCode=osi&th=1&psc=1">View Product</a></div><div class="product"><a href="https://www.amazon.com/dp/B095WY58F4?tag=eloabder-20&linkCode=osi&th=1&psc=1"><img src="https://m.media-amazon.com/images/I/41mXRfJqcjL._SL500_.jpg" alt="Product Image"></a><p>PH PandaHall 0.1mm Nylon Seed Bead Thread 100 Yards Black White Bracelet Cord Beading Thread Invisible Sewing Thread Nylon Braided Thread String for Leather Stitching Beading Jewelry Bracelets Making</p><p>$9.99 ($0.03 / Foot)</p><a href="https://www.amazon.com/dp/B095WY58F4?tag=eloabder-20&linkCode=osi&th=1&psc=1">View Product</a></div><div class="product"><a href="https://www.amazon.com/dp/B08RN2R2SZ?tag=eloabder-20&linkCode=osi&th=1&psc=1"><img src="https://m.media-amazon.com/images/I/41Tg2MMC++L._SL500_.jpg" alt="Product Image"></a><p>KO Nylon Beading Thread, White Color, Japanese Pre-Waxed 100% Nylon, 330TEX, Tangle Resistant Knotting Cords, 50m /55 yds Spool, Use for Seed Bead Projects, Loom Work & Bead Weaving</p><p>$7.06 ($0.04 / Foot)</p><a href="https://www.amazon.com/dp/B08RN2R2SZ?tag=eloabder-20&linkCode=osi&th=1&psc=1">View Product</a></div><div class="product"><a href="https://www.amazon.com/dp/B09J89ST79?tag=eloabder-20&linkCode=osi&th=1&psc=1"><img src="https://m.media-amazon.com/images/I/41hLuuOZeXL._SL500_.jpg" alt="Product Image"></a><p>2 Roll Polyester Thread, Heavy Duty Thread, 1500Yard/Reel 210D/3 nylon thread for sewing, Sewing Thread for Upholstery, Outdoor Market, Drapery, Leather, Beading, Crafts</p><p>$7.99 ($0.00 / Foot)</p><a href="https://www.amazon.com/dp/B09J89ST79?tag=eloabder-20&linkCode=osi&th=1&psc=1">View Product</a></div><div class="product"><a href="https://www.amazon.com/dp/B0C6MSY7QQ?tag=eloabder-20&linkCode=osi&th=1&psc=1"><img src="https://m.media-amazon.com/images/I/31Bn-MyA62L._SL500_.jpg" alt="Product Image"></a><p>PH PandaHall 0.1mm Nylon String 100 Yards Beading Thread White Nylon Seed Bead Thread Bracelet Beading Thread Sewing String for Leather Stitching Beading Jewelry Bracelets Making</p><p>$7.99 ($0.03 / Foot)</p><a href="https://www.amazon.com/dp/B0C6MSY7QQ?tag=eloabder-20&linkCode=osi&th=1&psc=1">View Product</a></div>

<div class="product"><a href="https://www.amazon.com/dp/B07NMNDT1W?tag=eloabder-20&linkCode=osi&th=1&psc=1"><img src="https://m.media-amazon.com/images/I/41-zwQIcVcL._SL500_.jpg" alt="Product Image"></a><p>Howemon White Beeswax Pellets 2LB 100% Pure and Natural Triple Filtered for Skin, Face, Body and Hair Care DIY Creams, Lotions, Lip Balm and Soap Making Supplies</p><p>$13.99 ($0.44 / Fl Oz)</p><a href="https://www.amazon.com/dp/B07NMNDT1W?tag=eloabder-20&linkCode=osi&th=1&psc=1">View Product</a></div><div class="product"><a href="https://www.amazon.com/dp/B00B3U0FW4?tag=eloabder-20&linkCode=osi&th=1&psc=1"><img src="https://m.media-amazon.com/images/I/51rWFCST+TL._SL500_.jpg" alt="Product Image"></a><p>Beesworks Yellow Beeswax Pellets (1 lb) | 100% Pure, Cosmetic Grade, Triple-Filtered Beeswax for DIY Skin care, Lip Balm, Lotion, and Candle Making</p><p>$13.99 ($0.87 / Ounce)</p><a href="https://www.amazon.com/dp/B00B3U0FW4?tag=eloabder-20&linkCode=osi&th=1&psc=1">View Product</a></div><div class="product"><a href="https://www.amazon.com/dp/B01LWX2IO1?tag=eloabder-20&linkCode=osi&th=1&psc=1"><img src="https://m.media-amazon.com/images/I/41MlNqhDyCL._SL500_.jpg" alt="Product Image"></a><p>Beesworks Yellow Beeswax Bars (6 oz) | 100% Pure, Cosmetic Grade, Triple-Filtered Beeswax for DIY Skin Care, Lip Balm, Lotion and Candle Making (1 oz Bars - Pack of 6)</p><p>$6.99</p><a href="https://www.amazon.com/dp/B01LWX2IO1?tag=eloabder-20&linkCode=osi&th=1&psc=1">View Product</a></div><div class="product"><a href="https://www.amazon.com/dp/B0BV77F19N?tag=eloabder-20&linkCode=osi&th=1&psc=1"><img src="https://m.media-amazon.com/images/I/41xzHaO1-EL._SL500_.jpg" alt="Product Image"></a><p>Beeswax Pellets 10LB Cosmetic Beeswax Triple Filtered Beeswax Pastilles for Candle Making Great for DIY Projects Creams Lotions Lip Balm and Soap Making Supplies(10LB)</p><p>$32.99</p><a href="https://www.amazon.com/dp/B0BV77F19N?tag=eloabder-20&linkCode=osi&th=1&psc=1">View Product</a></div><div class="product"><a href="https://www.amazon.com/dp/B0C9QSG3CY?tag=eloabder-20&linkCode=osi&th=1&psc=1"><img src="https://m.media-amazon.com/images/I/414XQcU6SRL._SL500_.jpg" alt="Product Image"></a><p>YASNAY White Beeswax Pellets 2LB, 100% Organic Beeswax, Beeswax for Candle Making, Body, Skin Care DIY, Lip Balm and Soap Making Supplies</p><p>$11.99</p><a href="https://www.amazon.com/dp/B0C9QSG3CY?tag=eloabder-20&linkCode=osi&th=1&psc=1">View Product</a></div><div class="product"><a href="https://www.amazon.com/dp/B097HTC4WN?tag=eloabder-20&linkCode=osi&th=1&psc=1"><img src="https://m.media-amazon.com/images/I/51pwMM7C6-L._SL500_.jpg" alt="Product Image"></a><p>Eco Lux 8 Yellow Beeswax Blocks 100% Pure Natural Organic Bees Wax 6.5oz</p><p>$8.49 ($1.35 / Ounce)</p><a href="https://www.amazon.com/dp/B097HTC4WN?tag=eloabder-20&linkCode=osi&th=1&psc=1">View Product</a></div><div class="product"><a href="https://www.amazon.com/dp/B00HDHQQCE?tag=eloabder-20&linkCode=osi&th=1&psc=1"><img src="https://m.media-amazon.com/images/I/41vF-7MwNhL._SL500_.jpg" alt="Product Image"></a><p>Murray's 100% Pure Beeswax 4 oz</p><p>$5.98 ($1.50 / Ounce)</p><a href="https://www.amazon.com/dp/B00HDHQQCE?tag=eloabder-20&linkCode=osi&th=1&psc=1">View Product</a></div><div class="product"><a href="https://www.amazon.com/dp/B09YM8JTLM?tag=eloabder-20&linkCode=osi&th=1&psc=1"><img src="https://m.media-amazon.com/images/I/41cjNuBnFEL._SL500_.jpg" alt="Product Image"></a><p>TRINIDa Beeswax Pellets 2LB(32 oz), 100% Organic Yellow Bees Wax for DIY Candles, Beeswax for Candle Making, Skin, Body, Face, and Hair Care, Lotions, DIY Creams, Lip Balm and Soap Making Supplies</p><p>$11.99</p><a href="https://www.amazon.com/dp/B09YM8JTLM?tag=eloabder-20&linkCode=osi&th=1&psc=1">View Product</a></div><div class="product"><a href="https://www.amazon.com/dp/B00F3CNMV4?tag=eloabder-20&linkCode=osi&th=1&psc=1"><img src="https://m.media-amazon.com/images/I/31pjrRAEa4L._SL500_.jpg" alt="Product Image"></a><p>Stakich Yellow Beeswax Block - Natural, Triple Filtered - 1 Pound, Honey Scent</p><p>$13.95 ($0.87 / Ounce)</p><a href="https://www.amazon.com/dp/B00F3CNMV4?tag=eloabder-20&linkCode=osi&th=1&psc=1">View Product</a></div><div class="product"><a href="https://www.amazon.com/dp/B0BXFZBZS9?tag=eloabder-20&linkCode=osi&th=1&psc=1"><img src="https://m.media-amazon.com/images/I/4178i9IB9KL._SL500_.jpg" alt="Product Image"></a><p>5LB Beeswax Pellets Beeswax for Candle Making Organic Beeswax Pellets for Skin Beeswax Beads Beeswax Bulk Beeswax for Lotion Making Organic for DIY and Craft Project</p><p>$22.99</p><a href="https://www.amazon.com/dp/B0BXFZBZS9?tag=eloabder-20&linkCode=osi&th=1&psc=1">View Product</a></div>

<div class="product"><a href="https://www.amazon.com/dp/B0D3HPD7WP?tag=eloabder-20&linkCode=osi&th=1&psc=1"><img src="https://m.media-amazon.com/images/I/31KSmmAWUWL._SL500_.jpg" alt="Product Image"></a><p>50 Sheets Grey Cardstock Paper, Colored Printer Paper 8.5 x 11, Thick Construction Paper for Cards Making, Scrapbook，Office Printing, Invitations, Certificates，DIY Crafting 92 lb/250gsm</p><p>$9.99</p><a href="https://www.amazon.com/dp/B0D3HPD7WP?tag=eloabder-20&linkCode=osi&th=1&psc=1">View Product</a></div>
<div class="product"><a href="https://www.amazon.com/dp/B076CP6F36?tag=eloabder-20&linkCode=osi&th=1&psc=1"><img src="https://m.media-amazon.com/images/I/51rfEIvgI+L._SL500_.jpg" alt="Product Image"></a><p>Apple Barrel, Vibrant Spectrum Collection Acrylic Craft Paint, PROMOABIII, 2 fl oz each, 16 assorted matte colors, 16 count</p><p>$15.97 ($0.50 / Fl Oz)</p><a href="https://www.amazon.com/dp/B076CP6F36?tag=eloabder-20&linkCode=osi&th=1&psc=1">View Product</a></div><div class="product"><a href="https://www.amazon.com/dp/B0BKFLSYQF?tag=eloabder-20&linkCode=osi&th=1&psc=1"><img src="https://m.media-amazon.com/images/I/51a0PmPRknL._SL500_.jpg" alt="Product Image"></a><p>72 Pack Acrylic Paint Set, Shuttle Art 60 Colors Acrylic Paint Including Extra White Black & 12 Brushes, 2oz/60ml, Rich Pigmented, Water Proof, Ideal for Artists, Beginners on Canvas Rock Wood Ceramic</p><p>$45.99 ($23.00 / Fl Oz)</p><a href="https://www.amazon.com/dp/B0BKFLSYQF?tag=eloabder-20&linkCode=osi&th=1&psc=1">View Product</a></div><div class="product"><a href="https://www.amazon.com/dp/B08CB3JH79?tag=eloabder-20&linkCode=osi&th=1&psc=1"><img src="https://m.media-amazon.com/images/I/51OUZsFdnTL._SL500_.jpg" alt="Product Image"></a><p>Acrylic Paint Set of 36 Colors 2fl oz 60ml Bottles,Non Toxic 36 Colors Acrylic Paint No Fading Rich Pigment for Kids Adults Artists Canvas Crafts Wood Painting</p><p>$32.99 ($0.46 / Fl Oz)</p><a href="https://www.amazon.com/dp/B08CB3JH79?tag=eloabder-20&linkCode=osi&th=1&psc=1">View Product</a></div><div class="product"><a href="https://www.amazon.com/dp/B0018NBVKQ?tag=eloabder-20&linkCode=osi&th=1&psc=1"><img src="https://m.media-amazon.com/images/I/31YlSvZMTCL._SL500_.jpg" alt="Product Image"></a><p>Apple Barrel Acrylic Paint in Assorted Colors (8 Ounce), 20403 White</p><p>$2.67 ($0.33 / Fl Oz)</p><a href="https://www.amazon.com/dp/B0018NBVKQ?tag=eloabder-20&linkCode=osi&th=1&psc=1">View Product</a></div><div class="product"><a href="https://www.amazon.com/dp/B077WSBLZ1?tag=eloabder-20&linkCode=osi&th=1&psc=1"><img src="https://m.media-amazon.com/images/I/51KPkXpLn1L._SL500_.jpg" alt="Product Image"></a><p>Shuttle Art Acrylic Paint Set, 30 x12ml Tubes Artist Quality Non Toxic Rich Pigments Colors Great for Kids Adults Professional Painting on Rocks Canvas Wood Clay Fabric Ceramic Crafts</p><p>$12.99 ($1.08 / Fl Oz)</p><a href="https://www.amazon.com/dp/B077WSBLZ1?tag=eloabder-20&linkCode=osi&th=1&psc=1">View Product</a></div><div class="product"><a href="https://www.amazon.com/dp/B00889Z5Y6?tag=eloabder-20&linkCode=osi&th=1&psc=1"><img src="https://m.media-amazon.com/images/I/41MQjsyDbSL._SL500_.jpg" alt="Product Image"></a><p>Apple Barrel Acrylic Paint in Assorted Colors (2 oz), 20764, Apricot</p><p>$0.58 ($0.29 / Fl Oz)</p><a href="https://www.amazon.com/dp/B00889Z5Y6?tag=eloabder-20&linkCode=osi&th=1&psc=1">View Product</a></div><div class="product"><a href="https://www.amazon.com/dp/B09TWQD5ZL?tag=eloabder-20&linkCode=osi&th=1&psc=1"><img src="https://m.media-amazon.com/images/I/41B0L003QXL._SL500_.jpg" alt="Product Image"></a><p>Artkey Acrylic Paint Set - 24 colors 2 oz/59 ml Acrylic Paints Professional Artists Painting Kit for Canvases Fabric Rock Leather Easter Egg Wood Ceramic Glass Art Craft Painting</p><p>$19.99 ($0.42 / Fl Oz)</p><a href="https://www.amazon.com/dp/B09TWQD5ZL?tag=eloabder-20&linkCode=osi&th=1&psc=1">View Product</a></div><div class="product"><a href="https://www.amazon.com/dp/B07Z93LQDB?tag=eloabder-20&linkCode=osi&th=1&psc=1"><img src="https://m.media-amazon.com/images/I/51veoN6zK0L._SL500_.jpg" alt="Product Image"></a><p>Shuttle Art Acrylic Paint Set, 36 Colors Acrylic Paint with Brushes & Palette, 2oz Bottles, Rich Pigments Non-toxic Paint for Artists Kids & Adults, Art Supplies for Canvas Rock Ceramic Wood Painting</p><p>$27.99</p><a href="https://www.amazon.com/dp/B07Z93LQDB?tag=eloabder-20&linkCode=osi&th=1&psc=1">View Product</a></div><div class="product"><a href="https://www.amazon.com/dp/B002665SYY?tag=eloabder-20&linkCode=osi&th=1&psc=1"><img src="https://m.media-amazon.com/images/I/31sJJeWK6OS._SL500_.jpg" alt="Product Image"></a><p>Liquitex BASICS Acrylic Paint, 250ml (8.5-oz) Tube, Titanium White</p><p>$9.99 ($1.18 / Fl Oz)</p><a href="https://www.amazon.com/dp/B002665SYY?tag=eloabder-20&linkCode=osi&th=1&psc=1">View Product</a></div>
<div class="product"><a href="https://www.amazon.com/dp/B0CC98XLGL?tag=eloabder-20&linkCode=osi&th=1&psc=1"><img src="https://m.media-amazon.com/images/I/51ZLw+nThiL._SL500_.jpg" alt="Product Image"></a><p>HUIRUSO 4 Pack Double Sided Tape Roller, Scrapbook Supplies, Glue Tape Roller for Crafts, Double-Sided Adhesive Tape Runner for Scrapbooking, School Office Journaling Supplies (0.31 in X 26.25 ft)</p><p>$6.99 ($1.75 / Count)</p><a href="https://www.amazon.com/dp/B0CC98XLGL?tag=eloabder-20&linkCode=osi&th=1&psc=1">View Product</a></div><div class="product"><a href="https://www.amazon.com/dp/B007XAAE6K?tag=eloabder-20&linkCode=osi&th=1&psc=1"><img src="https://m.media-amazon.com/images/I/414qxYVR0wL._SL500_.jpg" alt="Product Image"></a><p>Scotch Double Sided Tape Runner, 1-Pack, 0.27 in x 26 ft., Perfect for Holiday Crafts, Gifts, and More</p><p>$4.47</p><a href="https://www.amazon.com/dp/B007XAAE6K?tag=eloabder-20&linkCode=osi&th=1&psc=1">View Product</a></div><div class="product"><a href="https://www.amazon.com/dp/B0BZVGPFSK?tag=eloabder-20&linkCode=osi&th=1&psc=1"><img src="https://m.media-amazon.com/images/I/51-ue9+7JkL._SL500_.jpg" alt="Product Image"></a><p>Birllaid Double Sided Tape for Walls, Picture Hanging Strips Removable Mounting Dots Adhesive Heavy Duty, Removable for Art Craft, Decoration, Party Supplies, Multipurpose</p><p>$11.99</p><a href="https://www.amazon.com/dp/B0BZVGPFSK?tag=eloabder-20&linkCode=osi&th=1&psc=1">View Product</a></div><div class="product"><a href="https://www.amazon.com/dp/B0CGVN9SL1?tag=eloabder-20&linkCode=osi&th=1&psc=1"><img src="https://m.media-amazon.com/images/I/41Hy+i4CnoL._SL500_.jpg" alt="Product Image"></a><p>30Ft x 1 Inch Hook and Loop Strips with Adhesive,Double Rolls of Heavy Duty Self Adhesive Tape with Backing, Nylon Self Adhesive Tape for Home Office School and Crafting,White</p><p>$9.99</p><a href="https://www.amazon.com/dp/B0CGVN9SL1?tag=eloabder-20&linkCode=osi&th=1&psc=1">View Product</a></div><div class="product"><a href="https://www.amazon.com/dp/B07Y3VDPLF?tag=eloabder-20&linkCode=osi&th=1&psc=1"><img src="https://m.media-amazon.com/images/I/41cyKQ2OMuL._SL500_.jpg" alt="Product Image"></a><p>Melsan 1x4 inch Hook and Loop Strips with Adhesive - 15 Sets, Strong Back Adhesive Fasten Mounting Tape for Home or Office Use - Instead of Holes and Screws, Black</p><p>$7.82</p><a href="https://www.amazon.com/dp/B07Y3VDPLF?tag=eloabder-20&linkCode=osi&th=1&psc=1">View Product</a></div><div class="product"><a href="https://www.amazon.com/dp/B07V57VJT5?tag=eloabder-20&linkCode=osi&th=1&psc=1"><img src="https://m.media-amazon.com/images/I/514JO3bvl3L._SL500_.jpg" alt="Product Image"></a><p>XFasten Adhesive Roller for Scrapbooking, 8mm x 30ft 4-Pack Double Sided Glue Tape Roller, Scrapbook Supplies for Adults, Photo Tape for Scrapbooking</p><p>$9.99 ($2.50 / Count)</p><a href="https://www.amazon.com/dp/B07V57VJT5?tag=eloabder-20&linkCode=osi&th=1&psc=1">View Product</a></div><div class="product"><a href="https://www.amazon.com/dp/B07JLTGQHX?tag=eloabder-20&linkCode=osi&th=1&psc=1"><img src="https://m.media-amazon.com/images/I/51Eqfo7kUZL._SL500_.jpg" alt="Product Image"></a><p>UPINS 120 Pack Double Sided Foam Tape Square Self-Adhesive Foam Tape Black Strong Tape Pads for DIY Art Crafts Supplies</p><p>$9.99 ($0.08 / Count)</p><a href="https://www.amazon.com/dp/B07JLTGQHX?tag=eloabder-20&linkCode=osi&th=1&psc=1">View Product</a></div><div class="product"><a href="https://www.amazon.com/dp/B005FM6XF4?tag=eloabder-20&linkCode=osi&th=1&psc=1"><img src="https://m.media-amazon.com/images/I/51-vp1WJ89L._SL500_.jpg" alt="Product Image"></a><p>AdTech 5603 Permanent Crafter's Tape, 0.31" x 315", Pack of 4</p><p>$7.84 ($0.07 / Foot)</p><a href="https://www.amazon.com/dp/B005FM6XF4?tag=eloabder-20&linkCode=osi&th=1&psc=1">View Product</a></div><div class="product"><a href="https://www.amazon.com/dp/B0CJF1FLFJ?tag=eloabder-20&linkCode=osi&th=1&psc=1"><img src="https://m.media-amazon.com/images/I/51dig1RqzdL._SL500_.jpg" alt="Product Image"></a><p>UPINS 150Pack Double Sided Foam Tape Strong Sticky Double Sided Foam Pads for Crafts Self-Adhesive Mounting Foam Tape Heavy Duty for Home Wall Decor 40 * 40 * 2mm</p><p>$8.99 ($0.06 / Count)</p><a href="https://www.amazon.com/dp/B0CJF1FLFJ?tag=eloabder-20&linkCode=osi&th=1&psc=1">View Product</a></div><div class="product"><a href="https://www.amazon.com/dp/B0D4YWRGCL?tag=eloabder-20&linkCode=osi&th=1&psc=1"><img src="https://m.media-amazon.com/images/I/41EqJ553-KL._SL500_.jpg" alt="Product Image"></a><p>Amanbo Glue Tape for Scrapbooking, 6 Pack Scrapbook Tape, Double Sided Tape Roller for Crafts, Total 120 Ft x 0.24 in Tape Runner, Craft Supplies for Scrapbooking, Gift Wrapping and Photo Tape</p><p>$6.99</p><a href="https://www.amazon.com/dp/B0D4YWRGCL?tag=eloabder-20&linkCode=osi&th=1&psc=1">View Product</a></div>
<div class="product"><a href="https://www.amazon.com/dp/B0CC5HPPTN?tag=eloabder-20&linkCode=osi&th=1&psc=1"><img src="https://m.media-amazon.com/images/I/519M81S201L._SL500_.jpg" alt="Product Image"></a><p>Airbrush Paint - 30 Colors with 3 Thinner, Ready to Spray Airbrush Paint Set, Water-Based Acrylic Air brush Paints for Metal, Plastic Models, Canvas, Wood, 20ml/Bottle</p><p>$32.99 ($1.48 / Fl Oz)</p><a href="https://www.amazon.com/dp/B0CC5HPPTN?tag=eloabder-20&linkCode=osi&th=1&psc=1">View Product</a></div>
<div class="product"><a href="https://www.amazon.com/dp/B0CXPSGK36?tag=eloabder-20&linkCode=osi&th=1&psc=1"><img src="https://m.media-amazon.com/images/I/51dd2dYOtrL._SL500_.jpg" alt="Product Image"></a><p>Letter Stickers 30 Sheets 1500 PCS Large Alphabet Sticker 2 Inch Vinyl Self Adhesive Stick on Stickers for Water Bottles Cup Mailbox Number Address Craft Scrapbooking Bulletin Board Decor Multicolor</p><p>$9.99</p><a href="https://www.amazon.com/dp/B0CXPSGK36?tag=eloabder-20&linkCode=osi&th=1&psc=1">View Product</a></div><div class="product"><a href="https://www.amazon.com/dp/B07NNYFMGY?tag=eloabder-20&linkCode=osi&th=1&psc=1"><img src="https://m.media-amazon.com/images/I/51yDnU+gEXL._SL500_.jpg" alt="Product Image"></a><p>20 Sheets Alphabet Letter Stickers 10 Colors Self Adhesive Sticker Colorful PU Material Convex Feeling (Colored Letter Stickers 1)</p><p>$6.99 ($0.35 / Count)</p><a href="https://www.amazon.com/dp/B07NNYFMGY?tag=eloabder-20&linkCode=osi&th=1&psc=1">View Product</a></div>

<div class="product"><a href="https://www.amazon.com/dp/B01DDN8854?tag=eloabder-20&linkCode=osi&th=1&psc=1"><img src="https://m.media-amazon.com/images/I/61dPubDZBSL._SL500_.jpg" alt="Product Image"></a><p>Hugs 'n Kisses HNKHABY13 Applique Paper (20 Pack)</p><p>$19.72 ($0.99 / Count)</p><a href="https://www.amazon.com/dp/B01DDN8854?tag=eloabder-20&linkCode=osi&th=1&psc=1">View Product</a></div>
<div class="product"><a href="https://www.amazon.com/dp/B09KPNFJW1?tag=eloabder-20&linkCode=osi&th=1&psc=1"><img src="https://m.media-amazon.com/images/I/41abn5fELmL._SL500_.jpg" alt="Product Image"></a><p>UniPleased Disposable Aprons (50 Count), Plastic apron for Painting Party, Cooking, Housework, Picnic etc.</p><p>$5.69</p><a href="https://www.amazon.com/dp/B09KPNFJW1?tag=eloabder-20&linkCode=osi&th=1&psc=1">View Product</a></div>
<div class="product"><a href="https://www.amazon.com/dp/B087M21MM2?tag=eloabder-20&linkCode=osi&th=1&psc=1"><img src="https://m.media-amazon.com/images/I/41Xf-jehhLL._SL500_.jpg" alt="Product Image"></a><p>GOTIDEAL Stretched Canvas, Multi Pack 4x4, 5x7, 8x10,9x12, 11x14 Set of 10, Primed White - 100% Cotton Artist Canvas Boards for Painting, Acrylic Pouring, Oil Paint Dry & Wet Art Media</p><p>$24.99</p><a href="https://www.amazon.com/dp/B087M21MM2?tag=eloabder-20&linkCode=osi&th=1&psc=1">View Product</a></div><div class="product"><a href="https://www.amazon.com/dp/B00OQJYISG?tag=eloabder-20&linkCode=osi&th=1&psc=1"><img src="https://m.media-amazon.com/images/I/31fEDLPkkcL._SL500_.jpg" alt="Product Image"></a><p>6 Count 12” x 16” Super Value Canvas by Artist's Loft Necessities - Acid Free Cotton Canvas for Paint, Acrylic, & Oils - 1 Pack</p><p>$19.99</p><a href="https://www.amazon.com/dp/B00OQJYISG?tag=eloabder-20&linkCode=osi&th=1&psc=1">View Product</a></div><div class="product"><a href="https://www.amazon.com/dp/B09CDKB9HY?tag=eloabder-20&linkCode=osi&th=1&psc=1"><img src="https://m.media-amazon.com/images/I/51+p5xnClGL._SL500_.jpg" alt="Product Image"></a><p>DPDIAN Canvas Boards for Painting 40 Pack, 8 inch x 10 inch Super Value Pack, Artist Canvas Panels for Oil & Acrylic Painting</p><p>$29.99</p><a href="https://www.amazon.com/dp/B09CDKB9HY?tag=eloabder-20&linkCode=osi&th=1&psc=1">View Product</a></div><div class="product"><a href="https://www.amazon.com/dp/B0CFBGP29G?tag=eloabder-20&linkCode=osi&th=1&psc=1"><img src="https://m.media-amazon.com/images/I/3147Az5plbL._SL500_.jpg" alt="Product Image"></a><p>ArtSkills Stretched Canvases for Painting, 12x16 Canvas Painting Supplies for Artists, Blank Canvas Pack, 2-Pack</p><p>$16.99</p><a href="https://www.amazon.com/dp/B0CFBGP29G?tag=eloabder-20&linkCode=osi&th=1&psc=1">View Product</a></div><div class="product"><a href="https://www.amazon.com/dp/B07BNGQ1SS?tag=eloabder-20&linkCode=osi&th=1&psc=1"><img src="https://m.media-amazon.com/images/I/410ZVtygUwS._SL500_.jpg" alt="Product Image"></a><p>PHOENIX Stretched Canvas for Painting 8x10 Inch/10 Value Pack, 8 Oz Triple Primed 5/8 Inch Profile 100% Cotton White Blank Canvas, Artist Framed Canvas for Oil Acrylic & Pouring Art</p><p>$22.99</p><a href="https://www.amazon.com/dp/B07BNGQ1SS?tag=eloabder-20&linkCode=osi&th=1&psc=1">View Product</a></div><div class="product"><a href="https://www.amazon.com/dp/B0922JP1H4?tag=eloabder-20&linkCode=osi&th=1&psc=1"><img src="https://m.media-amazon.com/images/I/41BmiEND1KL._SL500_.jpg" alt="Product Image"></a><p>GOTIDEAL Canvases for Painting, 18 Pack Canvas Boards Multipack 4x4, 5x7, 8x10, 9x12,11x14,Primed White Blank Artist Canvas Variety Pack for Acrylic Paint, Oil Paint, Watercolor, Gouache</p><p>$19.99</p><a href="https://www.amazon.com/dp/B0922JP1H4?tag=eloabder-20&linkCode=osi&th=1&psc=1">View Product</a></div>


<div class="product"><a href="https://www.amazon.com/dp/B0872VFHBH?tag=eloabder-20&linkCode=osi&th=1&psc=1"><img src="https://m.media-amazon.com/images/I/51k3bekQheS._SL500_.jpg" alt="Product Image"></a><p>Bachmore Drawing Pad 9X12 Inch (110lb/180g), 60 Sheets, Top Spiral Bound Multi-Media for Artist Pro & Amateurs | Acrylic Art, Ink, Paint, Oil Pastels,Watercolor Mixed Media Sketch</p><p>$11.99</p><a href="https://www.amazon.com/dp/B0872VFHBH?tag=eloabder-20&linkCode=osi&th=1&psc=1">View Product</a></div><div class="product"><a href="https://www.amazon.com/dp/B0027A75A4?tag=eloabder-20&linkCode=osi&th=1&psc=1"><img src="https://m.media-amazon.com/images/I/51dyOxxcgYL._SL500_.jpg" alt="Product Image"></a><p>Strathmore 200 Series Sketch Pad, 9x12 inch, 100 Sheets, Tape Bound - Artist Sketchbook for Drawing, Illustration, Art Class Students</p><p>$6.99 ($0.07 / Count)</p><a href="https://www.amazon.com/dp/B0027A75A4?tag=eloabder-20&linkCode=osi&th=1&psc=1">View Product</a></div><div class="product"><a href="https://www.amazon.com/dp/B0BV13YQKX?tag=eloabder-20&linkCode=osi&th=1&psc=1"><img src="https://m.media-amazon.com/images/I/41VYfMpvXUL._SL500_.jpg" alt="Product Image"></a><p>Canson Graduate Watercolor Pad, Foldover, 9x12 inch, 20 Sheets | Artist Paper for Adults and Students - Painting, Gouache, Mixed Media and Ink</p><p>$4.97 ($0.41 / Count)</p><a href="https://www.amazon.com/dp/B0BV13YQKX?tag=eloabder-20&linkCode=osi&th=1&psc=1">View Product</a></div><div class="product"><a href="https://www.amazon.com/dp/B0024KMQ6K?tag=eloabder-20&linkCode=osi&th=1&psc=1"><img src="https://m.media-amazon.com/images/I/51sYdvPPUCL._SL500_.jpg" alt="Product Image"></a><p>Strathmore 400 Series Pastel Pad, Assorted Colors, 9"x12" Glue Bound, 24 Sheets</p><p>$9.11</p><a href="https://www.amazon.com/dp/B0024KMQ6K?tag=eloabder-20&linkCode=osi&th=1&psc=1">View Product</a></div><div class="product"><a href="https://www.amazon.com/dp/B00246O6PI?tag=eloabder-20&linkCode=osi&th=1&psc=1"><img src="https://m.media-amazon.com/images/I/517TUmckOIL._SL500_.jpg" alt="Product Image"></a><p>Strathmore 300 Series Drawing Paper Pad, Top Wire Bound, 11x14 inches, 50 Sheets (70lb/114g) - Artist Paper for Adults and Students - Charcoal, Colored Pencil, Ink, Pastel, Marker</p><p>$13.33</p><a href="https://www.amazon.com/dp/B00246O6PI?tag=eloabder-20&linkCode=osi&th=1&psc=1">View Product</a></div>
<div class="product"><a href="https://www.amazon.com/dp/B08ZMH7LJY?tag=eloabder-20&linkCode=osi&th=1&psc=1"><img src="https://m.media-amazon.com/images/I/51mJIsLJA-S._SL500_.jpg" alt="Product Image"></a><p>PANDAFLY Professional Drawing Sketching Pencil Set - 12 Pieces Graphite Pencils(14B - 2H), Ideal for Drawing Art, Sketching, Shading, Artist Pencils for Beginners & Pro Artists</p><p>$5.11</p><a href="https://www.amazon.com/dp/B08ZMH7LJY?tag=eloabder-20&linkCode=osi&th=1&psc=1">View Product</a></div><div class="product"><a href="https://www.amazon.com/dp/B088K1G5NL?tag=eloabder-20&linkCode=osi&th=1&psc=1"><img src="https://m.media-amazon.com/images/I/51F2bOMZWnL._SL500_.jpg" alt="Product Image"></a><p>MARKART Professional Drawing Sketching Pencil Set - 14 Pieces,Graphite,(12B - 4H), Ideal for Drawing Art, Sketching, Shading, Artist Pencils for Beginners & Pro Artists</p><p>$5.24</p><a href="https://www.amazon.com/dp/B088K1G5NL?tag=eloabder-20&linkCode=osi&th=1&psc=1">View Product</a></div><div class="product"><a href="https://www.amazon.com/dp/B08FHMRW4L?tag=eloabder-20&linkCode=osi&th=1&psc=1"><img src="https://m.media-amazon.com/images/I/51Pmn5gjyzL._SL500_.jpg" alt="Product Image"></a><p>Mr. Pen- Sketch Pencils for Drawing, 14 Pack, Drawing Pencils, Art Pencils, Graphite Pencils, Graphite Pencils for Drawing, Art Pencils for Drawing and Shading</p><p>$5.95</p><a href="https://www.amazon.com/dp/B08FHMRW4L?tag=eloabder-20&linkCode=osi&th=1&psc=1">View Product</a></div><div class="product"><a href="https://www.amazon.com/dp/B0BNQ58DC4?tag=eloabder-20&linkCode=osi&th=1&psc=1"><img src="https://m.media-amazon.com/images/I/51e-gQtCcCL._SL500_.jpg" alt="Product Image"></a><p>MARTCOLOR Drawing Sketching Pencils Set, 12 Pack Graphite Pencils(14B - 2H), Ideal for Drawing Art, Sketching, Shading, Artist Pencils for Beginners & Pro Artists</p><p>$5.99</p><a href="https://www.amazon.com/dp/B0BNQ58DC4?tag=eloabder-20&linkCode=osi&th=1&psc=1">View Product</a></div>

<div class="product"><a href="https://www.amazon.com/dp/B0851M3749?tag=eloabder-20&linkCode=osi&th=1&psc=1"><img src="https://m.media-amazon.com/images/I/41KKSGSDl5L._SL500_.jpg" alt="Product Image"></a><p>N NOROCME 12 PCS Blending Stumps and Tortillions Paper Art Blenders with Sandpaper Pencil Sharpener Pointer for Student Artist Charcoal Sketch Drawing Tools</p><p>$4.99</p><a href="https://www.amazon.com/dp/B0851M3749?tag=eloabder-20&linkCode=osi&th=1&psc=1">View Product</a></div><div class="product"><a href="https://www.amazon.com/dp/B09J3HKN8F?tag=eloabder-20&linkCode=osi&th=1&psc=1"><img src="https://m.media-amazon.com/images/I/51Qvx81eQLL._SL500_.jpg" alt="Product Image"></a><p>Eraser Pencils Set for Artists, Wooden Sketch Eraser Pen for Charcoal Drawings, Professional Highlight Painting Eraser for Sketching, Revise Erasing Details for Students Limner</p><p>$6.99</p><a href="https://www.amazon.com/dp/B09J3HKN8F?tag=eloabder-20&linkCode=osi&th=1&psc=1">View Product</a></div>
<div class="product"><a href="https://www.amazon.com/dp/B09WCQ89T8?tag=eloabder-20&linkCode=osi&th=1&psc=1"><img src="https://m.media-amazon.com/images/I/41gZz0qgBFL._SL500_.jpg" alt="Product Image"></a><p>Bernat BABY BLANKET BB Blue Dreams Yarn - 1 Pack of 10.5oz/300g - Polyester - #6 Super Bulky - 220 Yards - Knitting/Crochet</p><p>$6.97</p><a href="https://www.amazon.com/dp/B09WCQ89T8?tag=eloabder-20&linkCode=osi&th=1&psc=1">View Product</a></div><div class="product"><a href="https://www.amazon.com/dp/B07V5JVNFD?tag=eloabder-20&linkCode=osi&th=1&psc=1"><img src="https://m.media-amazon.com/images/I/41IS+HdtiOL._SL500_.jpg" alt="Product Image"></a><p>Lion Brand Yarn Basic Stitch Anti-Pilling Knitting Yarn, Yarn for Crocheting, 1-Pack, Baby Blue</p><p>$8.40 ($0.02 / Foot)</p><a href="https://www.amazon.com/dp/B07V5JVNFD?tag=eloabder-20&linkCode=osi&th=1&psc=1">View Product</a></div><div class="product"><a href="https://www.amazon.com/dp/B01M0AJID2?tag=eloabder-20&linkCode=osi&th=1&psc=1"><img src="https://m.media-amazon.com/images/I/41yVau0AUpL._SL500_.jpg" alt="Product Image"></a><p>Lion Brand Yarn (1 Skein) Lion Brand Yarn Babysoft Baby Yarn Yarn, Little Boy Blue Multicolor</p><p>$7.19 ($0.01 / Foot)</p><a href="https://www.amazon.com/dp/B01M0AJID2?tag=eloabder-20&linkCode=osi&th=1&psc=1">View Product</a></div><div class="product"><a href="https://www.amazon.com/dp/B09W1KHF42?tag=eloabder-20&linkCode=osi&th=1&psc=1"><img src="https://m.media-amazon.com/images/I/41maDlrio5L._SL500_.jpg" alt="Product Image"></a><p>Red Heart Super Saver Light Blue Yarn - 3 Pack of 198g/7oz - Acrylic - 4 Medium (Worsted) - 364 Yards - Knitting/Crochet</p><p>$13.29 ($4.43 / Count)</p><a href="https://www.amazon.com/dp/B09W1KHF42?tag=eloabder-20&linkCode=osi&th=1&psc=1">View Product</a></div><div class="product"><a href="https://www.amazon.com/dp/B08LKVZ3CX?tag=eloabder-20&linkCode=osi&th=1&psc=1"><img src="https://m.media-amazon.com/images/I/41GLizNx8UL._SL500_.jpg" alt="Product Image"></a><p>Bernat Baby Blanket Baby Blue Yarn - 3 Pack of 100g/3.5oz - Polyester - 6 Super Bulky - 72 Yards - Knitting/Crochet</p><p>$21.81</p><a href="https://www.amazon.com/dp/B08LKVZ3CX?tag=eloabder-20&linkCode=osi&th=1&psc=1">View Product</a></div><div class="product"><a href="https://www.amazon.com/dp/B0CHJ95WHJ?tag=eloabder-20&linkCode=osi&th=1&psc=1"><img src="https://m.media-amazon.com/images/I/314E1EQdihL._SL500_.jpg" alt="Product Image"></a><p>NORCIA Soft Velvet Yarn Chenille Yarn for Crocheting Baby Blanket Yarn for Knitting Amigurumi Yarn Fancy Yarn for Crochet Weaving Craft (Baby Blue, 1 Skein)</p><p>$9.99</p><a href="https://www.amazon.com/dp/B0CHJ95WHJ?tag=eloabder-20&linkCode=osi&th=1&psc=1">View Product</a></div>
<div class="product"><a href="https://www.amazon.com/dp/B0779F2TXJ?tag=eloabder-20&linkCode=osi&th=1&psc=1"><img src="https://m.media-amazon.com/images/I/31kqZr8DJzL._SL500_.jpg" alt="Product Image"></a><p>OPENDGO Feather Ballpoint Pen ，Black Ink Vintage Feather Quill Refined Plated Rod Quill Ballpoint Pen For School Writing ▏Wedding Gift Signature Pen (Black)</p><p>$6.97</p><a href="https://www.amazon.com/dp/B0779F2TXJ?tag=eloabder-20&linkCode=osi&th=1&psc=1">View Product</a></div><div class="product"><a href="https://www.amazon.com/dp/B0CQF3BJ3S?tag=eloabder-20&linkCode=osi&th=1&psc=1"><img src="https://m.media-amazon.com/images/I/41gs6AOiP6L._SL500_.jpg" alt="Product Image"></a><p>3 in 1 Retractable Ballpoint Pen with Light and Stylus, Nice Pens for Journaling Writing in The Dark - White/Red Light Tip- 0.7mm Black Ink</p><p>$12.99</p><a href="https://www.amazon.com/dp/B0CQF3BJ3S?tag=eloabder-20&linkCode=osi&th=1&psc=1">View Product</a></div><div class="product"><a href="https://www.amazon.com/dp/B08BBZ3B8G?tag=eloabder-20&linkCode=osi&th=1&psc=1"><img src="https://m.media-amazon.com/images/I/41cMHyw60wL._SL500_.jpg" alt="Product Image"></a><p>Mr. Pen- Pens, Black Pens, 12 Pack, Fast Dry, No Smear Pens, Bible Pens, Pens for Journaling, Pens No Bleed Through, Pens Fine Point, Journal Pens, Fine Tip, Planner Pens, Ball Point Journal Pens</p><p>$9.99</p><a href="https://www.amazon.com/dp/B08BBZ3B8G?tag=eloabder-20&linkCode=osi&th=1&psc=1">View Product</a></div><div class="product"><a href="https://www.amazon.com/dp/B0D4YWWGX6?tag=eloabder-20&linkCode=osi&th=1&psc=1"><img src="https://m.media-amazon.com/images/I/31xHBCCzJqL._SL500_.jpg" alt="Product Image"></a><p>PATIKIL 21cm/8" Feather Ballpoint Pen, 1Pcs Ink Vintage Quill Pen Refined Plated Dip Pen for Calligraphy Writing Signature Wedding Gift, Yellow</p><p>$7.49</p><a href="https://www.amazon.com/dp/B0D4YWWGX6?tag=eloabder-20&linkCode=osi&th=1&psc=1">View Product</a></div>

<div class="product"><a href="https://www.amazon.com/dp/B001TLDEVQ?tag=eloabder-20&linkCode=osi&th=1&psc=1"><img src="https://m.media-amazon.com/images/I/41jYF39F6lL._SL500_.jpg" alt="Product Image"></a><p>Beadalon SuppleMax Illusion Beading Cord, 0.40 mm / 0.016 in, Clear Monofilament, 50 m / 164 ft</p><p>$4.74</p><a href="https://www.amazon.com/dp/B001TLDEVQ?tag=eloabder-20&linkCode=osi&th=1&psc=1">View Product</a></div><div class="product"><a href="https://www.amazon.com/dp/B0D2HVFZ7Q?tag=eloabder-20&linkCode=osi&th=1&psc=1"><img src="https://m.media-amazon.com/images/I/41R66LMYz7L._SL500_.jpg" alt="Product Image"></a><p>Zxiixz 116Yards 0.5mm Bracelet String, Waxed String Cord for Bracelet Making, Beading Thread for Bracelet Beads, Friendship Bracelet String for Bracelet Making, Waxed Polyester Cord for Jewelry Making</p><p>$6.99</p><a href="https://www.amazon.com/dp/B0D2HVFZ7Q?tag=eloabder-20&linkCode=osi&th=1&psc=1">View Product</a></div><div class="product"><a href="https://www.amazon.com/dp/B07BNF8KH5?tag=eloabder-20&linkCode=osi&th=1&psc=1"><img src="https://m.media-amazon.com/images/I/51jVByheyVL._SL500_.jpg" alt="Product Image"></a><p>PH PandaHall 100 Yards 1mm Waxed Cotton Cord Thread Beading String for Bracelet Necklace Making Crafting Beading Macrame Vase Decor, Burlywood</p><p>$7.19 ($0.02 / Foot)</p><a href="https://www.amazon.com/dp/B07BNF8KH5?tag=eloabder-20&linkCode=osi&th=1&psc=1">View Product</a></div><div class="product"><a href="https://www.amazon.com/dp/B07HBPGXJG?tag=eloabder-20&linkCode=osi&th=1&psc=1"><img src="https://m.media-amazon.com/images/I/41xi8gO6kDL._SL500_.jpg" alt="Product Image"></a><p>Paxcoo 0.8mm Elastic String, Stretchy Bracelet String Crystal String Bead Cord for Bracelet, Beading and Jewelry Making (120m)</p><p>$6.99 ($0.02 / Foot)</p><a href="https://www.amazon.com/dp/B07HBPGXJG?tag=eloabder-20&linkCode=osi&th=1&psc=1">View Product</a></div><div class="product"><a href="https://www.amazon.com/dp/B0CNPST7D9?tag=eloabder-20&linkCode=osi&th=1&psc=1"><img src="https://m.media-amazon.com/images/I/41A9VISFC4L._SL500_.jpg" alt="Product Image"></a><p>Kblick Black Nylon String Cord - 1MM 100 Yards Black Twine, Bracelet String for Bracelet Making, Braided Ornament Lanyard Sting, Jewelry Thread Clay Bead String for Crafts, Macrame Satin Cord</p><p>$5.99 ($0.02 / Foot)</p><a href="https://www.amazon.com/dp/B0CNPST7D9?tag=eloabder-20&linkCode=osi&th=1&psc=1">View Product</a></div><div class="product"><a href="https://www.amazon.com/dp/B08GC3JF9X?tag=eloabder-20&linkCode=osi&th=1&psc=1"><img src="https://m.media-amazon.com/images/I/41FQZYhvQpL._SL500_.jpg" alt="Product Image"></a><p>Cheriswelry 100M 0.8mm Nylon Beading Cord Black Chinese Knotting Rattail Macrame Thread String Roll for Jewelry Making Kumihimo Wrapping Supplies DIY Crafts</p><p>$6.99 ($0.02 / Fl Oz)</p><a href="https://www.amazon.com/dp/B08GC3JF9X?tag=eloabder-20&linkCode=osi&th=1&psc=1">View Product</a></div><div class="product"><a href="https://www.amazon.com/dp/B0B3V9RWQC?tag=eloabder-20&linkCode=osi&th=1&psc=1"><img src="https://m.media-amazon.com/images/I/41F-OP+yCxL._SL500_.jpg" alt="Product Image"></a><p>Griffin Silk Bead Cord Perlseide – Black Color – Size 3 (0.50mm) – 2 Meters per Card – Stainless Steel Needle Attached – for Knotting Pearls, Gemstones, Crystals and Beads</p><p>$4.99 ($0.76 / Foot)</p><a href="https://www.amazon.com/dp/B0B3V9RWQC?tag=eloabder-20&linkCode=osi&th=1&psc=1">View Product</a></div><div class="product"><a href="https://www.amazon.com/dp/B08F49YVQP?tag=eloabder-20&linkCode=osi&th=1&psc=1"><img src="https://m.media-amazon.com/images/I/41yCMIpj0rS._SL500_.jpg" alt="Product Image"></a><p>1mm Stretchy Bracelet String, Sturdy Rainbow Elastic String Elastic Cord for Jewelry Making, Necklaces, Beading and Crafts</p><p>$6.99 ($0.04 / Foot)</p><a href="https://www.amazon.com/dp/B08F49YVQP?tag=eloabder-20&linkCode=osi&th=1&psc=1">View Product</a></div>

<div class="product"><a href="https://www.amazon.com/dp/B001GMUBJ6?tag=eloabder-20&linkCode=osi&th=1&psc=1"><img src="https://m.media-amazon.com/images/I/41V5qzn3H5L._SL500_.jpg" alt="Product Image"></a><p>The Beadsmith Fireline by Berkley – Micro-Fused Braided Thread – 6lb. Test, 006”/.15mm Diameter, 50 Yard Spool, Crystal Color – Super Strong Stringing Material for Jewelry Making and Bead Weaving</p><p>$12.59</p><a href="https://www.amazon.com/dp/B001GMUBJ6?tag=eloabder-20&linkCode=osi&th=1&psc=1">View Product</a></div><div class="product"><a href="https://www.amazon.com/dp/B001UAKK0Y?tag=eloabder-20&linkCode=osi&th=1&psc=1"><img src="https://m.media-amazon.com/images/I/41rY1D0wfuL._SL500_.jpg" alt="Product Image"></a><p>Beadalon Wildfire, 0.006 in, 0.15 mm, Break Strength 10 lb / 4.5 kg, Frost, 50 yd / 45 m</p><p>$8.85 ($0.06 / Foot)</p><a href="https://www.amazon.com/dp/B001UAKK0Y?tag=eloabder-20&linkCode=osi&th=1&psc=1">View Product</a></div><div class="product"><a href="https://www.amazon.com/dp/B095WY58F4?tag=eloabder-20&linkCode=osi&th=1&psc=1"><img src="https://m.media-amazon.com/images/I/41mXRfJqcjL._SL500_.jpg" alt="Product Image"></a><p>PH PandaHall 0.1mm Nylon Seed Bead Thread 100 Yards Black White Bracelet Cord Beading Thread Invisible Sewing Thread Nylon Braided Thread String for Leather Stitching Beading Jewelry Bracelets Making</p><p>$9.99 ($0.03 / Foot)</p><a href="https://www.amazon.com/dp/B095WY58F4?tag=eloabder-20&linkCode=osi&th=1&psc=1">View Product</a></div><div class="product"><a href="https://www.amazon.com/dp/B08RN2R2SZ?tag=eloabder-20&linkCode=osi&th=1&psc=1"><img src="https://m.media-amazon.com/images/I/41Tg2MMC++L._SL500_.jpg" alt="Product Image"></a><p>KO Nylon Beading Thread, White Color, Japanese Pre-Waxed 100% Nylon, 330TEX, Tangle Resistant Knotting Cords, 50m /55 yds Spool, Use for Seed Bead Projects, Loom Work & Bead Weaving</p><p>$7.06 ($0.04 / Foot)</p><a href="https://www.amazon.com/dp/B08RN2R2SZ?tag=eloabder-20&linkCode=osi&th=1&psc=1">View Product</a></div><div class="product"><a href="https://www.amazon.com/dp/B09J89ST79?tag=eloabder-20&linkCode=osi&th=1&psc=1"><img src="https://m.media-amazon.com/images/I/41hLuuOZeXL._SL500_.jpg" alt="Product Image"></a><p>2 Roll Polyester Thread, Heavy Duty Thread, 1500Yard/Reel 210D/3 nylon thread for sewing, Sewing Thread for Upholstery, Outdoor Market, Drapery, Leather, Beading, Crafts</p><p>$7.99 ($0.00 / Foot)</p><a href="https://www.amazon.com/dp/B09J89ST79?tag=eloabder-20&linkCode=osi&th=1&psc=1">View Product</a></div><div class="product"><a href="https://www.amazon.com/dp/B0C6MSY7QQ?tag=eloabder-20&linkCode=osi&th=1&psc=1"><img src="https://m.media-amazon.com/images/I/31Bn-MyA62L._SL500_.jpg" alt="Product Image"></a><p>PH PandaHall 0.1mm Nylon String 100 Yards Beading Thread White Nylon Seed Bead Thread Bracelet Beading Thread Sewing String for Leather Stitching Beading Jewelry Bracelets Making</p><p>$7.99 ($0.03 / Foot)</p><a href="https://www.amazon.com/dp/B0C6MSY7QQ?tag=eloabder-20&linkCode=osi&th=1&psc=1">View Product</a></div>

<div class="product"><a href="https://www.amazon.com/dp/B07NMNDT1W?tag=eloabder-20&linkCode=osi&th=1&psc=1"><img src="https://m.media-amazon.com/images/I/41-zwQIcVcL._SL500_.jpg" alt="Product Image"></a><p>Howemon White Beeswax Pellets 2LB 100% Pure and Natural Triple Filtered for Skin, Face, Body and Hair Care DIY Creams, Lotions, Lip Balm and Soap Making Supplies</p><p>$13.99 ($0.44 / Fl Oz)</p><a href="https://www.amazon.com/dp/B07NMNDT1W?tag=eloabder-20&linkCode=osi&th=1&psc=1">View Product</a></div><div class="product"><a href="https://www.amazon.com/dp/B00B3U0FW4?tag=eloabder-20&linkCode=osi&th=1&psc=1"><img src="https://m.media-amazon.com/images/I/51rWFCST+TL._SL500_.jpg" alt="Product Image"></a><p>Beesworks Yellow Beeswax Pellets (1 lb) | 100% Pure, Cosmetic Grade, Triple-Filtered Beeswax for DIY Skin care, Lip Balm, Lotion, and Candle Making</p><p>$13.99 ($0.87 / Ounce)</p><a href="https://www.amazon.com/dp/B00B3U0FW4?tag=eloabder-20&linkCode=osi&th=1&psc=1">View Product</a></div><div class="product"><a href="https://www.amazon.com/dp/B01LWX2IO1?tag=eloabder-20&linkCode=osi&th=1&psc=1"><img src="https://m.media-amazon.com/images/I/41MlNqhDyCL._SL500_.jpg" alt="Product Image"></a><p>Beesworks Yellow Beeswax Bars (6 oz) | 100% Pure, Cosmetic Grade, Triple-Filtered Beeswax for DIY Skin Care, Lip Balm, Lotion and Candle Making (1 oz Bars - Pack of 6)</p><p>$6.99</p><a href="https://www.amazon.com/dp/B01LWX2IO1?tag=eloabder-20&linkCode=osi&th=1&psc=1">View Product</a></div><div class="product"><a href="https://www.amazon.com/dp/B0BV77F19N?tag=eloabder-20&linkCode=osi&th=1&psc=1"><img src="https://m.media-amazon.com/images/I/41xzHaO1-EL._SL500_.jpg" alt="Product Image"></a><p>Beeswax Pellets 10LB Cosmetic Beeswax Triple Filtered Beeswax Pastilles for Candle Making Great for DIY Projects Creams Lotions Lip Balm and Soap Making Supplies(10LB)</p><p>$32.99</p><a href="https://www.amazon.com/dp/B0BV77F19N?tag=eloabder-20&linkCode=osi&th=1&psc=1">View Product</a></div><div class="product"><a href="https://www.amazon.com/dp/B0C9QSG3CY?tag=eloabder-20&linkCode=osi&th=1&psc=1"><img src="https://m.media-amazon.com/images/I/414XQcU6SRL._SL500_.jpg" alt="Product Image"></a><p>YASNAY White Beeswax Pellets 2LB, 100% Organic Beeswax, Beeswax for Candle Making, Body, Skin Care DIY, Lip Balm and Soap Making Supplies</p><p>$11.99</p><a href="https://www.amazon.com/dp/B0C9QSG3CY?tag=eloabder-20&linkCode=osi&th=1&psc=1">View Product</a></div><div class="product"><a href="https://www.amazon.com/dp/B097HTC4WN?tag=eloabder-20&linkCode=osi&th=1&psc=1"><img src="https://m.media-amazon.com/images/I/51pwMM7C6-L._SL500_.jpg" alt="Product Image"></a><p>Eco Lux 8 Yellow Beeswax Blocks 100% Pure Natural Organic Bees Wax 6.5oz</p><p>$8.49 ($1.35 / Ounce)</p><a href="https://www.amazon.com/dp/B097HTC4WN?tag=eloabder-20&linkCode=osi&th=1&psc=1">View Product</a></div><div class="product"><a href="https://www.amazon.com/dp/B00HDHQQCE?tag=eloabder-20&linkCode=osi&th=1&psc=1"><img src="https://m.media-amazon.com/images/I/41vF-7MwNhL._SL500_.jpg" alt="Product Image"></a><p>Murray's 100% Pure Beeswax 4 oz</p><p>$5.98 ($1.50 / Ounce)</p><a href="https://www.amazon.com/dp/B00HDHQQCE?tag=eloabder-20&linkCode=osi&th=1&psc=1">View Product</a></div><div class="product"><a href="https://www.amazon.com/dp/B09YM8JTLM?tag=eloabder-20&linkCode=osi&th=1&psc=1"><img src="https://m.media-amazon.com/images/I/41cjNuBnFEL._SL500_.jpg" alt="Product Image"></a><p>TRINIDa Beeswax Pellets 2LB(32 oz), 100% Organic Yellow Bees Wax for DIY Candles, Beeswax for Candle Making, Skin, Body, Face, and Hair Care, Lotions, DIY Creams, Lip Balm and Soap Making Supplies</p><p>$11.99</p><a href="https://www.amazon.com/dp/B09YM8JTLM?tag=eloabder-20&linkCode=osi&th=1&psc=1">View Product</a></div><div class="product"><a href="https://www.amazon.com/dp/B00F3CNMV4?tag=eloabder-20&linkCode=osi&th=1&psc=1"><img src="https://m.media-amazon.com/images/I/31pjrRAEa4L._SL500_.jpg" alt="Product Image"></a><p>Stakich Yellow Beeswax Block - Natural, Triple Filtered - 1 Pound, Honey Scent</p><p>$13.95 ($0.87 / Ounce)</p><a href="https://www.amazon.com/dp/B00F3CNMV4?tag=eloabder-20&linkCode=osi&th=1&psc=1">View Product</a></div><div class="product"><a href="https://www.amazon.com/dp/B0BXFZBZS9?tag=eloabder-20&linkCode=osi&th=1&psc=1"><img src="https://m.media-amazon.com/images/I/4178i9IB9KL._SL500_.jpg" alt="Product Image"></a><p>5LB Beeswax Pellets Beeswax for Candle Making Organic Beeswax Pellets for Skin Beeswax Beads Beeswax Bulk Beeswax for Lotion Making Organic for DIY and Craft Project</p><p>$22.99</p><a href="https://www.amazon.com/dp/B0BXFZBZS9?tag=eloabder-20&linkCode=osi&th=1&psc=1">View Product</a></div>
<div class="product"><a href="https://www.amazon.com/dp/B0052F1BVK?tag=eloabder-20&linkCode=osi&th=1&psc=1"><img src="https://m.media-amazon.com/images/I/41zE9eiGoLL._SL500_.jpg" alt="Product Image"></a><p>ACC Staples Large Binder Clips, 2" Width, 1" Capacity, Black, 12/Pk</p><p>$6.30</p><a href="https://www.amazon.com/dp/B0052F1BVK?tag=eloabder-20&linkCode=osi&th=1&psc=1">View Product</a></div><div class="product"><a href="https://www.amazon.com/dp/B07MLFR771?tag=eloabder-20&linkCode=osi&th=1&psc=1"><img src="https://m.media-amazon.com/images/I/51N2wxA7N0L._SL500_.jpg" alt="Product Image"></a><p>CooBigo 50 Pack Binder Ring, Metal Book Ring Paper Ring Holder 5/8-Inch Loose Leaf Binder Ring Clip for Index Card, Flash Card Ring, Card Calendar, Keychain Key Ring - Bronze</p><p>$6.99</p><a href="https://www.amazon.com/dp/B07MLFR771?tag=eloabder-20&linkCode=osi&th=1&psc=1">View Product</a></div><div class="product"><a href="https://www.amazon.com/dp/B01563NHGY?tag=eloabder-20&linkCode=osi&th=1&psc=1"><img src="https://m.media-amazon.com/images/I/41gj+0ZftqL._SL500_.jpg" alt="Product Image"></a><p>vanki Pack of 40 Cute Lovely Smiling Face Spring-Loaded File Organizer Paper Holder Metal Binder Clips, Assorted Color</p><p>$8.99</p><a href="https://www.amazon.com/dp/B01563NHGY?tag=eloabder-20&linkCode=osi&th=1&psc=1">View Product</a></div><div class="product"><a href="https://www.amazon.com/dp/B000GOUDSO?tag=eloabder-20&linkCode=osi&th=1&psc=1"><img src="https://m.media-amazon.com/images/I/41ZANISHgML._SL500_.jpg" alt="Product Image"></a><p>Small Binder Clips .75" 8/Pkg-Assorted Colors</p><p>$4.46</p><a href="https://www.amazon.com/dp/B000GOUDSO?tag=eloabder-20&linkCode=osi&th=1&psc=1">View Product</a></div>

<div class="product"><a href="https://www.amazon.com/dp/B0D3HPD7WP?tag=eloabder-20&linkCode=osi&th=1&psc=1"><img src="https://m.media-amazon.com/images/I/31KSmmAWUWL._SL500_.jpg" alt="Product Image"></a><p>50 Sheets Grey Cardstock Paper, Colored Printer Paper 8.5 x 11, Thick Construction Paper for Cards Making, Scrapbook，Office Printing, Invitations, Certificates，DIY Crafting 92 lb/250gsm</p><p>$9.99</p><a href="https://www.amazon.com/dp/B0D3HPD7WP?tag=eloabder-20&linkCode=osi&th=1&psc=1">View Product</a></div>
<div class="product"><a href="https://www.amazon.com/dp/B076CP6F36?tag=eloabder-20&linkCode=osi&th=1&psc=1"><img src="https://m.media-amazon.com/images/I/51rfEIvgI+L._SL500_.jpg" alt="Product Image"></a><p>Apple Barrel, Vibrant Spectrum Collection Acrylic Craft Paint, PROMOABIII, 2 fl oz each, 16 assorted matte colors, 16 count</p><p>$15.97 ($0.50 / Fl Oz)</p><a href="https://www.amazon.com/dp/B076CP6F36?tag=eloabder-20&linkCode=osi&th=1&psc=1">View Product</a></div><div class="product"><a href="https://www.amazon.com/dp/B0BKFLSYQF?tag=eloabder-20&linkCode=osi&th=1&psc=1"><img src="https://m.media-amazon.com/images/I/51a0PmPRknL._SL500_.jpg" alt="Product Image"></a><p>72 Pack Acrylic Paint Set, Shuttle Art 60 Colors Acrylic Paint Including Extra White Black & 12 Brushes, 2oz/60ml, Rich Pigmented, Water Proof, Ideal for Artists, Beginners on Canvas Rock Wood Ceramic</p><p>$45.99 ($23.00 / Fl Oz)</p><a href="https://www.amazon.com/dp/B0BKFLSYQF?tag=eloabder-20&linkCode=osi&th=1&psc=1">View Product</a></div><div class="product"><a href="https://www.amazon.com/dp/B08CB3JH79?tag=eloabder-20&linkCode=osi&th=1&psc=1"><img src="https://m.media-amazon.com/images/I/51OUZsFdnTL._SL500_.jpg" alt="Product Image"></a><p>Acrylic Paint Set of 36 Colors 2fl oz 60ml Bottles,Non Toxic 36 Colors Acrylic Paint No Fading Rich Pigment for Kids Adults Artists Canvas Crafts Wood Painting</p><p>$32.99 ($0.46 / Fl Oz)</p><a href="https://www.amazon.com/dp/B08CB3JH79?tag=eloabder-20&linkCode=osi&th=1&psc=1">View Product</a></div><div class="product"><a href="https://www.amazon.com/dp/B0018NBVKQ?tag=eloabder-20&linkCode=osi&th=1&psc=1"><img src="https://m.media-amazon.com/images/I/31YlSvZMTCL._SL500_.jpg" alt="Product Image"></a><p>Apple Barrel Acrylic Paint in Assorted Colors (8 Ounce), 20403 White</p><p>$2.67 ($0.33 / Fl Oz)</p><a href="https://www.amazon.com/dp/B0018NBVKQ?tag=eloabder-20&linkCode=osi&th=1&psc=1">View Product</a></div><div class="product"><a href="https://www.amazon.com/dp/B077WSBLZ1?tag=eloabder-20&linkCode=osi&th=1&psc=1"><img src="https://m.media-amazon.com/images/I/51KPkXpLn1L._SL500_.jpg" alt="Product Image"></a><p>Shuttle Art Acrylic Paint Set, 30 x12ml Tubes Artist Quality Non Toxic Rich Pigments Colors Great for Kids Adults Professional Painting on Rocks Canvas Wood Clay Fabric Ceramic Crafts</p><p>$12.99 ($1.08 / Fl Oz)</p><a href="https://www.amazon.com/dp/B077WSBLZ1?tag=eloabder-20&linkCode=osi&th=1&psc=1">View Product</a></div><div class="product"><a href="https://www.amazon.com/dp/B00889Z5Y6?tag=eloabder-20&linkCode=osi&th=1&psc=1"><img src="https://m.media-amazon.com/images/I/41MQjsyDbSL._SL500_.jpg" alt="Product Image"></a><p>Apple Barrel Acrylic Paint in Assorted Colors (2 oz), 20764, Apricot</p><p>$0.58 ($0.29 / Fl Oz)</p><a href="https://www.amazon.com/dp/B00889Z5Y6?tag=eloabder-20&linkCode=osi&th=1&psc=1">View Product</a></div><div class="product"><a href="https://www.amazon.com/dp/B09TWQD5ZL?tag=eloabder-20&linkCode=osi&th=1&psc=1"><img src="https://m.media-amazon.com/images/I/41B0L003QXL._SL500_.jpg" alt="Product Image"></a><p>Artkey Acrylic Paint Set - 24 colors 2 oz/59 ml Acrylic Paints Professional Artists Painting Kit for Canvases Fabric Rock Leather Easter Egg Wood Ceramic Glass Art Craft Painting</p><p>$19.99 ($0.42 / Fl Oz)</p><a href="https://www.amazon.com/dp/B09TWQD5ZL?tag=eloabder-20&linkCode=osi&th=1&psc=1">View Product</a></div><div class="product"><a href="https://www.amazon.com/dp/B07Z93LQDB?tag=eloabder-20&linkCode=osi&th=1&psc=1"><img src="https://m.media-amazon.com/images/I/51veoN6zK0L._SL500_.jpg" alt="Product Image"></a><p>Shuttle Art Acrylic Paint Set, 36 Colors Acrylic Paint with Brushes & Palette, 2oz Bottles, Rich Pigments Non-toxic Paint for Artists Kids & Adults, Art Supplies for Canvas Rock Ceramic Wood Painting</p><p>$27.99</p><a href="https://www.amazon.com/dp/B07Z93LQDB?tag=eloabder-20&linkCode=osi&th=1&psc=1">View Product</a></div><div class="product"><a href="https://www.amazon.com/dp/B002665SYY?tag=eloabder-20&linkCode=osi&th=1&psc=1"><img src="https://m.media-amazon.com/images/I/31sJJeWK6OS._SL500_.jpg" alt="Product Image"></a><p>Liquitex BASICS Acrylic Paint, 250ml (8.5-oz) Tube, Titanium White</p><p>$9.99 ($1.18 / Fl Oz)</p><a href="https://www.amazon.com/dp/B002665SYY?tag=eloabder-20&linkCode=osi&th=1&psc=1">View Product</a></div>
<div class="product"><a href="https://www.amazon.com/dp/B0CC98XLGL?tag=eloabder-20&linkCode=osi&th=1&psc=1"><img src="https://m.media-amazon.com/images/I/51ZLw+nThiL._SL500_.jpg" alt="Product Image"></a><p>HUIRUSO 4 Pack Double Sided Tape Roller, Scrapbook Supplies, Glue Tape Roller for Crafts, Double-Sided Adhesive Tape Runner for Scrapbooking, School Office Journaling Supplies (0.31 in X 26.25 ft)</p><p>$6.99 ($1.75 / Count)</p><a href="https://www.amazon.com/dp/B0CC98XLGL?tag=eloabder-20&linkCode=osi&th=1&psc=1">View Product</a></div><div class="product"><a href="https://www.amazon.com/dp/B007XAAE6K?tag=eloabder-20&linkCode=osi&th=1&psc=1"><img src="https://m.media-amazon.com/images/I/414qxYVR0wL._SL500_.jpg" alt="Product Image"></a><p>Scotch Double Sided Tape Runner, 1-Pack, 0.27 in x 26 ft., Perfect for Holiday Crafts, Gifts, and More</p><p>$4.47</p><a href="https://www.amazon.com/dp/B007XAAE6K?tag=eloabder-20&linkCode=osi&th=1&psc=1">View Product</a></div><div class="product"><a href="https://www.amazon.com/dp/B0BZVGPFSK?tag=eloabder-20&linkCode=osi&th=1&psc=1"><img src="https://m.media-amazon.com/images/I/51-ue9+7JkL._SL500_.jpg" alt="Product Image"></a><p>Birllaid Double Sided Tape for Walls, Picture Hanging Strips Removable Mounting Dots Adhesive Heavy Duty, Removable for Art Craft, Decoration, Party Supplies, Multipurpose</p><p>$11.99</p><a href="https://www.amazon.com/dp/B0BZVGPFSK?tag=eloabder-20&linkCode=osi&th=1&psc=1">View Product</a></div><div class="product"><a href="https://www.amazon.com/dp/B0CGVN9SL1?tag=eloabder-20&linkCode=osi&th=1&psc=1"><img src="https://m.media-amazon.com/images/I/41Hy+i4CnoL._SL500_.jpg" alt="Product Image"></a><p>30Ft x 1 Inch Hook and Loop Strips with Adhesive,Double Rolls of Heavy Duty Self Adhesive Tape with Backing, Nylon Self Adhesive Tape for Home Office School and Crafting,White</p><p>$9.99</p><a href="https://www.amazon.com/dp/B0CGVN9SL1?tag=eloabder-20&linkCode=osi&th=1&psc=1">View Product</a></div><div class="product"><a href="https://www.amazon.com/dp/B07Y3VDPLF?tag=eloabder-20&linkCode=osi&th=1&psc=1"><img src="https://m.media-amazon.com/images/I/41cyKQ2OMuL._SL500_.jpg" alt="Product Image"></a><p>Melsan 1x4 inch Hook and Loop Strips with Adhesive - 15 Sets, Strong Back Adhesive Fasten Mounting Tape for Home or Office Use - Instead of Holes and Screws, Black</p><p>$7.82</p><a href="https://www.amazon.com/dp/B07Y3VDPLF?tag=eloabder-20&linkCode=osi&th=1&psc=1">View Product</a></div><div class="product"><a href="https://www.amazon.com/dp/B07V57VJT5?tag=eloabder-20&linkCode=osi&th=1&psc=1"><img src="https://m.media-amazon.com/images/I/514JO3bvl3L._SL500_.jpg" alt="Product Image"></a><p>XFasten Adhesive Roller for Scrapbooking, 8mm x 30ft 4-Pack Double Sided Glue Tape Roller, Scrapbook Supplies for Adults, Photo Tape for Scrapbooking</p><p>$9.99 ($2.50 / Count)</p><a href="https://www.amazon.com/dp/B07V57VJT5?tag=eloabder-20&linkCode=osi&th=1&psc=1">View Product</a></div><div class="product"><a href="https://www.amazon.com/dp/B07JLTGQHX?tag=eloabder-20&linkCode=osi&th=1&psc=1"><img src="https://m.media-amazon.com/images/I/51Eqfo7kUZL._SL500_.jpg" alt="Product Image"></a><p>UPINS 120 Pack Double Sided Foam Tape Square Self-Adhesive Foam Tape Black Strong Tape Pads for DIY Art Crafts Supplies</p><p>$9.99 ($0.08 / Count)</p><a href="https://www.amazon.com/dp/B07JLTGQHX?tag=eloabder-20&linkCode=osi&th=1&psc=1">View Product</a></div><div class="product"><a href="https://www.amazon.com/dp/B005FM6XF4?tag=eloabder-20&linkCode=osi&th=1&psc=1"><img src="https://m.media-amazon.com/images/I/51-vp1WJ89L._SL500_.jpg" alt="Product Image"></a><p>AdTech 5603 Permanent Crafter's Tape, 0.31" x 315", Pack of 4</p><p>$7.84 ($0.07 / Foot)</p><a href="https://www.amazon.com/dp/B005FM6XF4?tag=eloabder-20&linkCode=osi&th=1&psc=1">View Product</a></div><div class="product"><a href="https://www.amazon.com/dp/B0CJF1FLFJ?tag=eloabder-20&linkCode=osi&th=1&psc=1"><img src="https://m.media-amazon.com/images/I/51dig1RqzdL._SL500_.jpg" alt="Product Image"></a><p>UPINS 150Pack Double Sided Foam Tape Strong Sticky Double Sided Foam Pads for Crafts Self-Adhesive Mounting Foam Tape Heavy Duty for Home Wall Decor 40 * 40 * 2mm</p><p>$8.99 ($0.06 / Count)</p><a href="https://www.amazon.com/dp/B0CJF1FLFJ?tag=eloabder-20&linkCode=osi&th=1&psc=1">View Product</a></div><div class="product"><a href="https://www.amazon.com/dp/B0D4YWRGCL?tag=eloabder-20&linkCode=osi&th=1&psc=1"><img src="https://m.media-amazon.com/images/I/41EqJ553-KL._SL500_.jpg" alt="Product Image"></a><p>Amanbo Glue Tape for Scrapbooking, 6 Pack Scrapbook Tape, Double Sided Tape Roller for Crafts, Total 120 Ft x 0.24 in Tape Runner, Craft Supplies for Scrapbooking, Gift Wrapping and Photo Tape</p><p>$6.99</p><a href="https://www.amazon.com/dp/B0D4YWRGCL?tag=eloabder-20&linkCode=osi&th=1&psc=1">View Product</a></div>
<div class="product"><a href="https://www.amazon.com/dp/B0CC5HPPTN?tag=eloabder-20&linkCode=osi&th=1&psc=1"><img src="https://m.media-amazon.com/images/I/519M81S201L._SL500_.jpg" alt="Product Image"></a><p>Airbrush Paint - 30 Colors with 3 Thinner, Ready to Spray Airbrush Paint Set, Water-Based Acrylic Air brush Paints for Metal, Plastic Models, Canvas, Wood, 20ml/Bottle</p><p>$32.99 ($1.48 / Fl Oz)</p><a href="https://www.amazon.com/dp/B0CC5HPPTN?tag=eloabder-20&linkCode=osi&th=1&psc=1">View Product</a></div>
<div class="product"><a href="https://www.amazon.com/dp/B0CXPSGK36?tag=eloabder-20&linkCode=osi&th=1&psc=1"><img src="https://m.media-amazon.com/images/I/51dd2dYOtrL._SL500_.jpg" alt="Product Image"></a><p>Letter Stickers 30 Sheets 1500 PCS Large Alphabet Sticker 2 Inch Vinyl Self Adhesive Stick on Stickers for Water Bottles Cup Mailbox Number Address Craft Scrapbooking Bulletin Board Decor Multicolor</p><p>$9.99</p><a href="https://www.amazon.com/dp/B0CXPSGK36?tag=eloabder-20&linkCode=osi&th=1&psc=1">View Product</a></div><div class="product"><a href="https://www.amazon.com/dp/B07NNYFMGY?tag=eloabder-20&linkCode=osi&th=1&psc=1"><img src="https://m.media-amazon.com/images/I/51yDnU+gEXL._SL500_.jpg" alt="Product Image"></a><p>20 Sheets Alphabet Letter Stickers 10 Colors Self Adhesive Sticker Colorful PU Material Convex Feeling (Colored Letter Stickers 1)</p><p>$6.99 ($0.35 / Count)</p><a href="https://www.amazon.com/dp/B07NNYFMGY?tag=eloabder-20&linkCode=osi&th=1&psc=1">View Product</a></div>

<div class="product"><a href="https://www.amazon.com/dp/B01DDN8854?tag=eloabder-20&linkCode=osi&th=1&psc=1"><img src="https://m.media-amazon.com/images/I/61dPubDZBSL._SL500_.jpg" alt="Product Image"></a><p>Hugs 'n Kisses HNKHABY13 Applique Paper (20 Pack)</p><p>$19.72 ($0.99 / Count)</p><a href="https://www.amazon.com/dp/B01DDN8854?tag=eloabder-20&linkCode=osi&th=1&psc=1">View Product</a></div>
<div class="product"><a href="https://www.amazon.com/dp/B09KPNFJW1?tag=eloabder-20&linkCode=osi&th=1&psc=1"><img src="https://m.media-amazon.com/images/I/41abn5fELmL._SL500_.jpg" alt="Product Image"></a><p>UniPleased Disposable Aprons (50 Count), Plastic apron for Painting Party, Cooking, Housework, Picnic etc.</p><p>$5.69</p><a href="https://www.amazon.com/dp/B09KPNFJW1?tag=eloabder-20&linkCode=osi&th=1&psc=1">View Product</a></div>
<div class="product"><a href="https://www.amazon.com/dp/B087M21MM2?tag=eloabder-20&linkCode=osi&th=1&psc=1"><img src="https://m.media-amazon.com/images/I/41Xf-jehhLL._SL500_.jpg" alt="Product Image"></a><p>GOTIDEAL Stretched Canvas, Multi Pack 4x4, 5x7, 8x10,9x12, 11x14 Set of 10, Primed White - 100% Cotton Artist Canvas Boards for Painting, Acrylic Pouring, Oil Paint Dry & Wet Art Media</p><p>$24.99</p><a href="https://www.amazon.com/dp/B087M21MM2?tag=eloabder-20&linkCode=osi&th=1&psc=1">View Product</a></div><div class="product"><a href="https://www.amazon.com/dp/B00OQJYISG?tag=eloabder-20&linkCode=osi&th=1&psc=1"><img src="https://m.media-amazon.com/images/I/31fEDLPkkcL._SL500_.jpg" alt="Product Image"></a><p>6 Count 12” x 16” Super Value Canvas by Artist's Loft Necessities - Acid Free Cotton Canvas for Paint, Acrylic, & Oils - 1 Pack</p><p>$19.99</p><a href="https://www.amazon.com/dp/B00OQJYISG?tag=eloabder-20&linkCode=osi&th=1&psc=1">View Product</a></div><div class="product"><a href="https://www.amazon.com/dp/B09CDKB9HY?tag=eloabder-20&linkCode=osi&th=1&psc=1"><img src="https://m.media-amazon.com/images/I/51+p5xnClGL._SL500_.jpg" alt="Product Image"></a><p>DPDIAN Canvas Boards for Painting 40 Pack, 8 inch x 10 inch Super Value Pack, Artist Canvas Panels for Oil & Acrylic Painting</p><p>$29.99</p><a href="https://www.amazon.com/dp/B09CDKB9HY?tag=eloabder-20&linkCode=osi&th=1&psc=1">View Product</a></div><div class="product"><a href="https://www.amazon.com/dp/B0CFBGP29G?tag=eloabder-20&linkCode=osi&th=1&psc=1"><img src="https://m.media-amazon.com/images/I/3147Az5plbL._SL500_.jpg" alt="Product Image"></a><p>ArtSkills Stretched Canvases for Painting, 12x16 Canvas Painting Supplies for Artists, Blank Canvas Pack, 2-Pack</p><p>$16.99</p><a href="https://www.amazon.com/dp/B0CFBGP29G?tag=eloabder-20&linkCode=osi&th=1&psc=1">View Product</a></div><div class="product"><a href="https://www.amazon.com/dp/B07BNGQ1SS?tag=eloabder-20&linkCode=osi&th=1&psc=1"><img src="https://m.media-amazon.com/images/I/410ZVtygUwS._SL500_.jpg" alt="Product Image"></a><p>PHOENIX Stretched Canvas for Painting 8x10 Inch/10 Value Pack, 8 Oz Triple Primed 5/8 Inch Profile 100% Cotton White Blank Canvas, Artist Framed Canvas for Oil Acrylic & Pouring Art</p><p>$22.99</p><a href="https://www.amazon.com/dp/B07BNGQ1SS?tag=eloabder-20&linkCode=osi&th=1&psc=1">View Product</a></div><div class="product"><a href="https://www.amazon.com/dp/B0922JP1H4?tag=eloabder-20&linkCode=osi&th=1&psc=1"><img src="https://m.media-amazon.com/images/I/41BmiEND1KL._SL500_.jpg" alt="Product Image"></a><p>GOTIDEAL Canvases for Painting, 18 Pack Canvas Boards Multipack 4x4, 5x7, 8x10, 9x12,11x14,Primed White Blank Artist Canvas Variety Pack for Acrylic Paint, Oil Paint, Watercolor, Gouache</p><p>$19.99</p><a href="https://www.amazon.com/dp/B0922JP1H4?tag=eloabder-20&linkCode=osi&th=1&psc=1">View Product</a></div>


<div class="product"><a href="https://www.amazon.com/dp/B0872VFHBH?tag=eloabder-20&linkCode=osi&th=1&psc=1"><img src="https://m.media-amazon.com/images/I/51k3bekQheS._SL500_.jpg" alt="Product Image"></a><p>Bachmore Drawing Pad 9X12 Inch (110lb/180g), 60 Sheets, Top Spiral Bound Multi-Media for Artist Pro & Amateurs | Acrylic Art, Ink, Paint, Oil Pastels,Watercolor Mixed Media Sketch</p><p>$11.99</p><a href="https://www.amazon.com/dp/B0872VFHBH?tag=eloabder-20&linkCode=osi&th=1&psc=1">View Product</a></div><div class="product"><a href="https://www.amazon.com/dp/B0027A75A4?tag=eloabder-20&linkCode=osi&th=1&psc=1"><img src="https://m.media-amazon.com/images/I/51dyOxxcgYL._SL500_.jpg" alt="Product Image"></a><p>Strathmore 200 Series Sketch Pad, 9x12 inch, 100 Sheets, Tape Bound - Artist Sketchbook for Drawing, Illustration, Art Class Students</p><p>$6.99 ($0.07 / Count)</p><a href="https://www.amazon.com/dp/B0027A75A4?tag=eloabder-20&linkCode=osi&th=1&psc=1">View Product</a></div><div class="product"><a href="https://www.amazon.com/dp/B0BV13YQKX?tag=eloabder-20&linkCode=osi&th=1&psc=1"><img src="https://m.media-amazon.com/images/I/41VYfMpvXUL._SL500_.jpg" alt="Product Image"></a><p>Canson Graduate Watercolor Pad, Foldover, 9x12 inch, 20 Sheets | Artist Paper for Adults and Students - Painting, Gouache, Mixed Media and Ink</p><p>$4.97 ($0.41 / Count)</p><a href="https://www.amazon.com/dp/B0BV13YQKX?tag=eloabder-20&linkCode=osi&th=1&psc=1">View Product</a></div><div class="product"><a href="https://www.amazon.com/dp/B0024KMQ6K?tag=eloabder-20&linkCode=osi&th=1&psc=1"><img src="https://m.media-amazon.com/images/I/51sYdvPPUCL._SL500_.jpg" alt="Product Image"></a><p>Strathmore 400 Series Pastel Pad, Assorted Colors, 9"x12" Glue Bound, 24 Sheets</p><p>$9.11</p><a href="https://www.amazon.com/dp/B0024KMQ6K?tag=eloabder-20&linkCode=osi&th=1&psc=1">View Product</a></div><div class="product"><a href="https://www.amazon.com/dp/B00246O6PI?tag=eloabder-20&linkCode=osi&th=1&psc=1"><img src="https://m.media-amazon.com/images/I/517TUmckOIL._SL500_.jpg" alt="Product Image"></a><p>Strathmore 300 Series Drawing Paper Pad, Top Wire Bound, 11x14 inches, 50 Sheets (70lb/114g) - Artist Paper for Adults and Students - Charcoal, Colored Pencil, Ink, Pastel, Marker</p><p>$13.33</p><a href="https://www.amazon.com/dp/B00246O6PI?tag=eloabder-20&linkCode=osi&th=1&psc=1">View Product</a></div>
<div class="product"><a href="https://www.amazon.com/dp/B08ZMH7LJY?tag=eloabder-20&linkCode=osi&th=1&psc=1"><img src="https://m.media-amazon.com/images/I/51mJIsLJA-S._SL500_.jpg" alt="Product Image"></a><p>PANDAFLY Professional Drawing Sketching Pencil Set - 12 Pieces Graphite Pencils(14B - 2H), Ideal for Drawing Art, Sketching, Shading, Artist Pencils for Beginners & Pro Artists</p><p>$5.11</p><a href="https://www.amazon.com/dp/B08ZMH7LJY?tag=eloabder-20&linkCode=osi&th=1&psc=1">View Product</a></div><div class="product"><a href="https://www.amazon.com/dp/B088K1G5NL?tag=eloabder-20&linkCode=osi&th=1&psc=1"><img src="https://m.media-amazon.com/images/I/51F2bOMZWnL._SL500_.jpg" alt="Product Image"></a><p>MARKART Professional Drawing Sketching Pencil Set - 14 Pieces,Graphite,(12B - 4H), Ideal for Drawing Art, Sketching, Shading, Artist Pencils for Beginners & Pro Artists</p><p>$5.24</p><a href="https://www.amazon.com/dp/B088K1G5NL?tag=eloabder-20&linkCode=osi&th=1&psc=1">View Product</a></div><div class="product"><a href="https://www.amazon.com/dp/B08FHMRW4L?tag=eloabder-20&linkCode=osi&th=1&psc=1"><img src="https://m.media-amazon.com/images/I/51Pmn5gjyzL._SL500_.jpg" alt="Product Image"></a><p>Mr. Pen- Sketch Pencils for Drawing, 14 Pack, Drawing Pencils, Art Pencils, Graphite Pencils, Graphite Pencils for Drawing, Art Pencils for Drawing and Shading</p><p>$5.95</p><a href="https://www.amazon.com/dp/B08FHMRW4L?tag=eloabder-20&linkCode=osi&th=1&psc=1">View Product</a></div><div class="product"><a href="https://www.amazon.com/dp/B0BNQ58DC4?tag=eloabder-20&linkCode=osi&th=1&psc=1"><img src="https://m.media-amazon.com/images/I/51e-gQtCcCL._SL500_.jpg" alt="Product Image"></a><p>MARTCOLOR Drawing Sketching Pencils Set, 12 Pack Graphite Pencils(14B - 2H), Ideal for Drawing Art, Sketching, Shading, Artist Pencils for Beginners & Pro Artists</p><p>$5.99</p><a href="https://www.amazon.com/dp/B0BNQ58DC4?tag=eloabder-20&linkCode=osi&th=1&psc=1">View Product</a></div>

<div class="product"><a href="https://www.amazon.com/dp/B0851M3749?tag=eloabder-20&linkCode=osi&th=1&psc=1"><img src="https://m.media-amazon.com/images/I/41KKSGSDl5L._SL500_.jpg" alt="Product Image"></a><p>N NOROCME 12 PCS Blending Stumps and Tortillions Paper Art Blenders with Sandpaper Pencil Sharpener Pointer for Student Artist Charcoal Sketch Drawing Tools</p><p>$4.99</p><a href="https://www.amazon.com/dp/B0851M3749?tag=eloabder-20&linkCode=osi&th=1&psc=1">View Product</a></div><div class="product"><a href="https://www.amazon.com/dp/B09J3HKN8F?tag=eloabder-20&linkCode=osi&th=1&psc=1"><img src="https://m.media-amazon.com/images/I/51Qvx81eQLL._SL500_.jpg" alt="Product Image"></a><p>Eraser Pencils Set for Artists, Wooden Sketch Eraser Pen for Charcoal Drawings, Professional Highlight Painting Eraser for Sketching, Revise Erasing Details for Students Limner</p><p>$6.99</p><a href="https://www.amazon.com/dp/B09J3HKN8F?tag=eloabder-20&linkCode=osi&th=1&psc=1">View Product</a></div>
<div class="product"><a href="https://www.amazon.com/dp/B09WCQ89T8?tag=eloabder-20&linkCode=osi&th=1&psc=1"><img src="https://m.media-amazon.com/images/I/41gZz0qgBFL._SL500_.jpg" alt="Product Image"></a><p>Bernat BABY BLANKET BB Blue Dreams Yarn - 1 Pack of 10.5oz/300g - Polyester - #6 Super Bulky - 220 Yards - Knitting/Crochet</p><p>$6.97</p><a href="https://www.amazon.com/dp/B09WCQ89T8?tag=eloabder-20&linkCode=osi&th=1&psc=1">View Product</a></div><div class="product"><a href="https://www.amazon.com/dp/B07V5JVNFD?tag=eloabder-20&linkCode=osi&th=1&psc=1"><img src="https://m.media-amazon.com/images/I/41IS+HdtiOL._SL500_.jpg" alt="Product Image"></a><p>Lion Brand Yarn Basic Stitch Anti-Pilling Knitting Yarn, Yarn for Crocheting, 1-Pack, Baby Blue</p><p>$8.40 ($0.02 / Foot)</p><a href="https://www.amazon.com/dp/B07V5JVNFD?tag=eloabder-20&linkCode=osi&th=1&psc=1">View Product</a></div><div class="product"><a href="https://www.amazon.com/dp/B01M0AJID2?tag=eloabder-20&linkCode=osi&th=1&psc=1"><img src="https://m.media-amazon.com/images/I/41yVau0AUpL._SL500_.jpg" alt="Product Image"></a><p>Lion Brand Yarn (1 Skein) Lion Brand Yarn Babysoft Baby Yarn Yarn, Little Boy Blue Multicolor</p><p>$7.19 ($0.01 / Foot)</p><a href="https://www.amazon.com/dp/B01M0AJID2?tag=eloabder-20&linkCode=osi&th=1&psc=1">View Product</a></div><div class="product"><a href="https://www.amazon.com/dp/B09W1KHF42?tag=eloabder-20&linkCode=osi&th=1&psc=1"><img src="https://m.media-amazon.com/images/I/41maDlrio5L._SL500_.jpg" alt="Product Image"></a><p>Red Heart Super Saver Light Blue Yarn - 3 Pack of 198g/7oz - Acrylic - 4 Medium (Worsted) - 364 Yards - Knitting/Crochet</p><p>$13.29 ($4.43 / Count)</p><a href="https://www.amazon.com/dp/B09W1KHF42?tag=eloabder-20&linkCode=osi&th=1&psc=1">View Product</a></div><div class="product"><a href="https://www.amazon.com/dp/B08LKVZ3CX?tag=eloabder-20&linkCode=osi&th=1&psc=1"><img src="https://m.media-amazon.com/images/I/41GLizNx8UL._SL500_.jpg" alt="Product Image"></a><p>Bernat Baby Blanket Baby Blue Yarn - 3 Pack of 100g/3.5oz - Polyester - 6 Super Bulky - 72 Yards - Knitting/Crochet</p><p>$21.81</p><a href="https://www.amazon.com/dp/B08LKVZ3CX?tag=eloabder-20&linkCode=osi&th=1&psc=1">View Product</a></div><div class="product"><a href="https://www.amazon.com/dp/B0CHJ95WHJ?tag=eloabder-20&linkCode=osi&th=1&psc=1"><img src="https://m.media-amazon.com/images/I/314E1EQdihL._SL500_.jpg" alt="Product Image"></a><p>NORCIA Soft Velvet Yarn Chenille Yarn for Crocheting Baby Blanket Yarn for Knitting Amigurumi Yarn Fancy Yarn for Crochet Weaving Craft (Baby Blue, 1 Skein)</p><p>$9.99</p><a href="https://www.amazon.com/dp/B0CHJ95WHJ?tag=eloabder-20&linkCode=osi&th=1&psc=1">View Product</a></div>
<div class="product"><a href="https://www.amazon.com/dp/B0779F2TXJ?tag=eloabder-20&linkCode=osi&th=1&psc=1"><img src="https://m.media-amazon.com/images/I/31kqZr8DJzL._SL500_.jpg" alt="Product Image"></a><p>OPENDGO Feather Ballpoint Pen ，Black Ink Vintage Feather Quill Refined Plated Rod Quill Ballpoint Pen For School Writing ▏Wedding Gift Signature Pen (Black)</p><p>$6.97</p><a href="https://www.amazon.com/dp/B0779F2TXJ?tag=eloabder-20&linkCode=osi&th=1&psc=1">View Product</a></div><div class="product"><a href="https://www.amazon.com/dp/B0CQF3BJ3S?tag=eloabder-20&linkCode=osi&th=1&psc=1"><img src="https://m.media-amazon.com/images/I/41gs6AOiP6L._SL500_.jpg" alt="Product Image"></a><p>3 in 1 Retractable Ballpoint Pen with Light and Stylus, Nice Pens for Journaling Writing in The Dark - White/Red Light Tip- 0.7mm Black Ink</p><p>$12.99</p><a href="https://www.amazon.com/dp/B0CQF3BJ3S?tag=eloabder-20&linkCode=osi&th=1&psc=1">View Product</a></div><div class="product"><a href="https://www.amazon.com/dp/B08BBZ3B8G?tag=eloabder-20&linkCode=osi&th=1&psc=1"><img src="https://m.media-amazon.com/images/I/41cMHyw60wL._SL500_.jpg" alt="Product Image"></a><p>Mr. Pen- Pens, Black Pens, 12 Pack, Fast Dry, No Smear Pens, Bible Pens, Pens for Journaling, Pens No Bleed Through, Pens Fine Point, Journal Pens, Fine Tip, Planner Pens, Ball Point Journal Pens</p><p>$9.99</p><a href="https://www.amazon.com/dp/B08BBZ3B8G?tag=eloabder-20&linkCode=osi&th=1&psc=1">View Product</a></div><div class="product"><a href="https://www.amazon.com/dp/B0D4YWWGX6?tag=eloabder-20&linkCode=osi&th=1&psc=1"><img src="https://m.media-amazon.com/images/I/31xHBCCzJqL._SL500_.jpg" alt="Product Image"></a><p>PATIKIL 21cm/8" Feather Ballpoint Pen, 1Pcs Ink Vintage Quill Pen Refined Plated Dip Pen for Calligraphy Writing Signature Wedding Gift, Yellow</p><p>$7.49</p><a href="https://www.amazon.com/dp/B0D4YWWGX6?tag=eloabder-20&linkCode=osi&th=1&psc=1">View Product</a></div>

<div class="product"><a href="https://www.amazon.com/dp/B001TLDEVQ?tag=eloabder-20&linkCode=osi&th=1&psc=1"><img src="https://m.media-amazon.com/images/I/41jYF39F6lL._SL500_.jpg" alt="Product Image"></a><p>Beadalon SuppleMax Illusion Beading Cord, 0.40 mm / 0.016 in, Clear Monofilament, 50 m / 164 ft</p><p>$4.74</p><a href="https://www.amazon.com/dp/B001TLDEVQ?tag=eloabder-20&linkCode=osi&th=1&psc=1">View Product</a></div><div class="product"><a href="https://www.amazon.com/dp/B0D2HVFZ7Q?tag=eloabder-20&linkCode=osi&th=1&psc=1"><img src="https://m.media-amazon.com/images/I/41R66LMYz7L._SL500_.jpg" alt="Product Image"></a><p>Zxiixz 116Yards 0.5mm Bracelet String, Waxed String Cord for Bracelet Making, Beading Thread for Bracelet Beads, Friendship Bracelet String for Bracelet Making, Waxed Polyester Cord for Jewelry Making</p><p>$6.99</p><a href="https://www.amazon.com/dp/B0D2HVFZ7Q?tag=eloabder-20&linkCode=osi&th=1&psc=1">View Product</a></div><div class="product"><a href="https://www.amazon.com/dp/B07BNF8KH5?tag=eloabder-20&linkCode=osi&th=1&psc=1"><img src="https://m.media-amazon.com/images/I/51jVByheyVL._SL500_.jpg" alt="Product Image"></a><p>PH PandaHall 100 Yards 1mm Waxed Cotton Cord Thread Beading String for Bracelet Necklace Making Crafting Beading Macrame Vase Decor, Burlywood</p><p>$7.19 ($0.02 / Foot)</p><a href="https://www.amazon.com/dp/B07BNF8KH5?tag=eloabder-20&linkCode=osi&th=1&psc=1">View Product</a></div><div class="product"><a href="https://www.amazon.com/dp/B07HBPGXJG?tag=eloabder-20&linkCode=osi&th=1&psc=1"><img src="https://m.media-amazon.com/images/I/41xi8gO6kDL._SL500_.jpg" alt="Product Image"></a><p>Paxcoo 0.8mm Elastic String, Stretchy Bracelet String Crystal String Bead Cord for Bracelet, Beading and Jewelry Making (120m)</p><p>$6.99 ($0.02 / Foot)</p><a href="https://www.amazon.com/dp/B07HBPGXJG?tag=eloabder-20&linkCode=osi&th=1&psc=1">View Product</a></div><div class="product"><a href="https://www.amazon.com/dp/B0CNPST7D9?tag=eloabder-20&linkCode=osi&th=1&psc=1"><img src="https://m.media-amazon.com/images/I/41A9VISFC4L._SL500_.jpg" alt="Product Image"></a><p>Kblick Black Nylon String Cord - 1MM 100 Yards Black Twine, Bracelet String for Bracelet Making, Braided Ornament Lanyard Sting, Jewelry Thread Clay Bead String for Crafts, Macrame Satin Cord</p><p>$5.99 ($0.02 / Foot)</p><a href="https://www.amazon.com/dp/B0CNPST7D9?tag=eloabder-20&linkCode=osi&th=1&psc=1">View Product</a></div><div class="product"><a href="https://www.amazon.com/dp/B08GC3JF9X?tag=eloabder-20&linkCode=osi&th=1&psc=1"><img src="https://m.media-amazon.com/images/I/41FQZYhvQpL._SL500_.jpg" alt="Product Image"></a><p>Cheriswelry 100M 0.8mm Nylon Beading Cord Black Chinese Knotting Rattail Macrame Thread String Roll for Jewelry Making Kumihimo Wrapping Supplies DIY Crafts</p><p>$6.99 ($0.02 / Fl Oz)</p><a href="https://www.amazon.com/dp/B08GC3JF9X?tag=eloabder-20&linkCode=osi&th=1&psc=1">View Product</a></div><div class="product"><a href="https://www.amazon.com/dp/B0B3V9RWQC?tag=eloabder-20&linkCode=osi&th=1&psc=1"><img src="https://m.media-amazon.com/images/I/41F-OP+yCxL._SL500_.jpg" alt="Product Image"></a><p>Griffin Silk Bead Cord Perlseide – Black Color – Size 3 (0.50mm) – 2 Meters per Card – Stainless Steel Needle Attached – for Knotting Pearls, Gemstones, Crystals and Beads</p><p>$4.99 ($0.76 / Foot)</p><a href="https://www.amazon.com/dp/B0B3V9RWQC?tag=eloabder-20&linkCode=osi&th=1&psc=1">View Product</a></div><div class="product"><a href="https://www.amazon.com/dp/B08F49YVQP?tag=eloabder-20&linkCode=osi&th=1&psc=1"><img src="https://m.media-amazon.com/images/I/41yCMIpj0rS._SL500_.jpg" alt="Product Image"></a><p>1mm Stretchy Bracelet String, Sturdy Rainbow Elastic String Elastic Cord for Jewelry Making, Necklaces, Beading and Crafts</p><p>$6.99 ($0.04 / Foot)</p><a href="https://www.amazon.com/dp/B08F49YVQP?tag=eloabder-20&linkCode=osi&th=1&psc=1">View Product</a></div>

<div class="product"><a href="https://www.amazon.com/dp/B001GMUBJ6?tag=eloabder-20&linkCode=osi&th=1&psc=1"><img src="https://m.media-amazon.com/images/I/41V5qzn3H5L._SL500_.jpg" alt="Product Image"></a><p>The Beadsmith Fireline by Berkley – Micro-Fused Braided Thread – 6lb. Test, 006”/.15mm Diameter, 50 Yard Spool, Crystal Color – Super Strong Stringing Material for Jewelry Making and Bead Weaving</p><p>$12.59</p><a href="https://www.amazon.com/dp/B001GMUBJ6?tag=eloabder-20&linkCode=osi&th=1&psc=1">View Product</a></div><div class="product"><a href="https://www.amazon.com/dp/B001UAKK0Y?tag=eloabder-20&linkCode=osi&th=1&psc=1"><img src="https://m.media-amazon.com/images/I/41rY1D0wfuL._SL500_.jpg" alt="Product Image"></a><p>Beadalon Wildfire, 0.006 in, 0.15 mm, Break Strength 10 lb / 4.5 kg, Frost, 50 yd / 45 m</p><p>$8.85 ($0.06 / Foot)</p><a href="https://www.amazon.com/dp/B001UAKK0Y?tag=eloabder-20&linkCode=osi&th=1&psc=1">View Product</a></div><div class="product"><a href="https://www.amazon.com/dp/B095WY58F4?tag=eloabder-20&linkCode=osi&th=1&psc=1"><img src="https://m.media-amazon.com/images/I/41mXRfJqcjL._SL500_.jpg" alt="Product Image"></a><p>PH PandaHall 0.1mm Nylon Seed Bead Thread 100 Yards Black White Bracelet Cord Beading Thread Invisible Sewing Thread Nylon Braided Thread String for Leather Stitching Beading Jewelry Bracelets Making</p><p>$9.99 ($0.03 / Foot)</p><a href="https://www.amazon.com/dp/B095WY58F4?tag=eloabder-20&linkCode=osi&th=1&psc=1">View Product</a></div><div class="product"><a href="https://www.amazon.com/dp/B08RN2R2SZ?tag=eloabder-20&linkCode=osi&th=1&psc=1"><img src="https://m.media-amazon.com/images/I/41Tg2MMC++L._SL500_.jpg" alt="Product Image"></a><p>KO Nylon Beading Thread, White Color, Japanese Pre-Waxed 100% Nylon, 330TEX, Tangle Resistant Knotting Cords, 50m /55 yds Spool, Use for Seed Bead Projects, Loom Work & Bead Weaving</p><p>$7.06 ($0.04 / Foot)</p><a href="https://www.amazon.com/dp/B08RN2R2SZ?tag=eloabder-20&linkCode=osi&th=1&psc=1">View Product</a></div><div class="product"><a href="https://www.amazon.com/dp/B09J89ST79?tag=eloabder-20&linkCode=osi&th=1&psc=1"><img src="https://m.media-amazon.com/images/I/41hLuuOZeXL._SL500_.jpg" alt="Product Image"></a><p>2 Roll Polyester Thread, Heavy Duty Thread, 1500Yard/Reel 210D/3 nylon thread for sewing, Sewing Thread for Upholstery, Outdoor Market, Drapery, Leather, Beading, Crafts</p><p>$7.99 ($0.00 / Foot)</p><a href="https://www.amazon.com/dp/B09J89ST79?tag=eloabder-20&linkCode=osi&th=1&psc=1">View Product</a></div><div class="product"><a href="https://www.amazon.com/dp/B0C6MSY7QQ?tag=eloabder-20&linkCode=osi&th=1&psc=1"><img src="https://m.media-amazon.com/images/I/31Bn-MyA62L._SL500_.jpg" alt="Product Image"></a><p>PH PandaHall 0.1mm Nylon String 100 Yards Beading Thread White Nylon Seed Bead Thread Bracelet Beading Thread Sewing String for Leather Stitching Beading Jewelry Bracelets Making</p><p>$7.99 ($0.03 / Foot)</p><a href="https://www.amazon.com/dp/B0C6MSY7QQ?tag=eloabder-20&linkCode=osi&th=1&psc=1">View Product</a></div>

<div class="product"><a href="https://www.amazon.com/dp/B07NMNDT1W?tag=eloabder-20&linkCode=osi&th=1&psc=1"><img src="https://m.media-amazon.com/images/I/41-zwQIcVcL._SL500_.jpg" alt="Product Image"></a><p>Howemon White Beeswax Pellets 2LB 100% Pure and Natural Triple Filtered for Skin, Face, Body and Hair Care DIY Creams, Lotions, Lip Balm and Soap Making Supplies</p><p>$13.99 ($0.44 / Fl Oz)</p><a href="https://www.amazon.com/dp/B07NMNDT1W?tag=eloabder-20&linkCode=osi&th=1&psc=1">View Product</a></div><div class="product"><a href="https://www.amazon.com/dp/B00B3U0FW4?tag=eloabder-20&linkCode=osi&th=1&psc=1"><img src="https://m.media-amazon.com/images/I/51rWFCST+TL._SL500_.jpg" alt="Product Image"></a><p>Beesworks Yellow Beeswax Pellets (1 lb) | 100% Pure, Cosmetic Grade, Triple-Filtered Beeswax for DIY Skin care, Lip Balm, Lotion, and Candle Making</p><p>$13.99 ($0.87 / Ounce)</p><a href="https://www.amazon.com/dp/B00B3U0FW4?tag=eloabder-20&linkCode=osi&th=1&psc=1">View Product</a></div><div class="product"><a href="https://www.amazon.com/dp/B01LWX2IO1?tag=eloabder-20&linkCode=osi&th=1&psc=1"><img src="https://m.media-amazon.com/images/I/41MlNqhDyCL._SL500_.jpg" alt="Product Image"></a><p>Beesworks Yellow Beeswax Bars (6 oz) | 100% Pure, Cosmetic Grade, Triple-Filtered Beeswax for DIY Skin Care, Lip Balm, Lotion and Candle Making (1 oz Bars - Pack of 6)</p><p>$6.99</p><a href="https://www.amazon.com/dp/B01LWX2IO1?tag=eloabder-20&linkCode=osi&th=1&psc=1">View Product</a></div><div class="product"><a href="https://www.amazon.com/dp/B0BV77F19N?tag=eloabder-20&linkCode=osi&th=1&psc=1"><img src="https://m.media-amazon.com/images/I/41xzHaO1-EL._SL500_.jpg" alt="Product Image"></a><p>Beeswax Pellets 10LB Cosmetic Beeswax Triple Filtered Beeswax Pastilles for Candle Making Great for DIY Projects Creams Lotions Lip Balm and Soap Making Supplies(10LB)</p><p>$32.99</p><a href="https://www.amazon.com/dp/B0BV77F19N?tag=eloabder-20&linkCode=osi&th=1&psc=1">View Product</a></div><div class="product"><a href="https://www.amazon.com/dp/B0C9QSG3CY?tag=eloabder-20&linkCode=osi&th=1&psc=1"><img src="https://m.media-amazon.com/images/I/414XQcU6SRL._SL500_.jpg" alt="Product Image"></a><p>YASNAY White Beeswax Pellets 2LB, 100% Organic Beeswax, Beeswax for Candle Making, Body, Skin Care DIY, Lip Balm and Soap Making Supplies</p><p>$11.99</p><a href="https://www.amazon.com/dp/B0C9QSG3CY?tag=eloabder-20&linkCode=osi&th=1&psc=1">View Product</a></div><div class="product"><a href="https://www.amazon.com/dp/B097HTC4WN?tag=eloabder-20&linkCode=osi&th=1&psc=1"><img src="https://m.media-amazon.com/images/I/51pwMM7C6-L._SL500_.jpg" alt="Product Image"></a><p>Eco Lux 8 Yellow Beeswax Blocks 100% Pure Natural Organic Bees Wax 6.5oz</p><p>$8.49 ($1.35 / Ounce)</p><a href="https://www.amazon.com/dp/B097HTC4WN?tag=eloabder-20&linkCode=osi&th=1&psc=1">View Product</a></div><div class="product"><a href="https://www.amazon.com/dp/B00HDHQQCE?tag=eloabder-20&linkCode=osi&th=1&psc=1"><img src="https://m.media-amazon.com/images/I/41vF-7MwNhL._SL500_.jpg" alt="Product Image"></a><p>Murray's 100% Pure Beeswax 4 oz</p><p>$5.98 ($1.50 / Ounce)</p><a href="https://www.amazon.com/dp/B00HDHQQCE?tag=eloabder-20&linkCode=osi&th=1&psc=1">View Product</a></div><div class="product"><a href="https://www.amazon.com/dp/B09YM8JTLM?tag=eloabder-20&linkCode=osi&th=1&psc=1"><img src="https://m.media-amazon.com/images/I/41cjNuBnFEL._SL500_.jpg" alt="Product Image"></a><p>TRINIDa Beeswax Pellets 2LB(32 oz), 100% Organic Yellow Bees Wax for DIY Candles, Beeswax for Candle Making, Skin, Body, Face, and Hair Care, Lotions, DIY Creams, Lip Balm and Soap Making Supplies</p><p>$11.99</p><a href="https://www.amazon.com/dp/B09YM8JTLM?tag=eloabder-20&linkCode=osi&th=1&psc=1">View Product</a></div><div class="product"><a href="https://www.amazon.com/dp/B00F3CNMV4?tag=eloabder-20&linkCode=osi&th=1&psc=1"><img src="https://m.media-amazon.com/images/I/31pjrRAEa4L._SL500_.jpg" alt="Product Image"></a><p>Stakich Yellow Beeswax Block - Natural, Triple Filtered - 1 Pound, Honey Scent</p><p>$13.95 ($0.87 / Ounce)</p><a href="https://www.amazon.com/dp/B00F3CNMV4?tag=eloabder-20&linkCode=osi&th=1&psc=1">View Product</a></div><div class="product"><a href="https://www.amazon.com/dp/B0BXFZBZS9?tag=eloabder-20&linkCode=osi&th=1&psc=1"><img src="https://m.media-amazon.com/images/I/4178i9IB9KL._SL500_.jpg" alt="Product Image"></a><p>5LB Beeswax Pellets Beeswax for Candle Making Organic Beeswax Pellets for Skin Beeswax Beads Beeswax Bulk Beeswax for Lotion Making Organic for DIY and Craft Project</p><p>$22.99</p><a href="https://www.amazon.com/dp/B0BXFZBZS9?tag=eloabder-20&linkCode=osi&th=1&psc=1">View Product</a></div>
<div class="product"><a href="https://www.amazon.com/dp/B0052F1BVK?tag=eloabder-20&linkCode=osi&th=1&psc=1"><img src="https://m.media-amazon.com/images/I/41zE9eiGoLL._SL500_.jpg" alt="Product Image"></a><p>ACC Staples Large Binder Clips, 2" Width, 1" Capacity, Black, 12/Pk</p><p>$6.30</p><a href="https://www.amazon.com/dp/B0052F1BVK?tag=eloabder-20&linkCode=osi&th=1&psc=1">View Product</a></div><div class="product"><a href="https://www.amazon.com/dp/B07MLFR771?tag=eloabder-20&linkCode=osi&th=1&psc=1"><img src="https://m.media-amazon.com/images/I/51N2wxA7N0L._SL500_.jpg" alt="Product Image"></a><p>CooBigo 50 Pack Binder Ring, Metal Book Ring Paper Ring Holder 5/8-Inch Loose Leaf Binder Ring Clip for Index Card, Flash Card Ring, Card Calendar, Keychain Key Ring - Bronze</p><p>$6.99</p><a href="https://www.amazon.com/dp/B07MLFR771?tag=eloabder-20&linkCode=osi&th=1&psc=1">View Product</a></div><div class="product"><a href="https://www.amazon.com/dp/B01563NHGY?tag=eloabder-20&linkCode=osi&th=1&psc=1"><img src="https://m.media-amazon.com/images/I/41gj+0ZftqL._SL500_.jpg" alt="Product Image"></a><p>vanki Pack of 40 Cute Lovely Smiling Face Spring-Loaded File Organizer Paper Holder Metal Binder Clips, Assorted Color</p><p>$8.99</p><a href="https://www.amazon.com/dp/B01563NHGY?tag=eloabder-20&linkCode=osi&th=1&psc=1">View Product</a></div><div class="product"><a href="https://www.amazon.com/dp/B000GOUDSO?tag=eloabder-20&linkCode=osi&th=1&psc=1"><img src="https://m.media-amazon.com/images/I/41ZANISHgML._SL500_.jpg" alt="Product Image"></a><p>Small Binder Clips .75" 8/Pkg-Assorted Colors</p><p>$4.46</p><a href="https://www.amazon.com/dp/B000GOUDSO?tag=eloabder-20&linkCode=osi&th=1&psc=1">View Product</a></div>
<div class="product"><a href="https://www.amazon.com/dp/B07PRPX4VR?tag=eloabder-20&linkCode=osi&th=1&psc=1"><img src="https://m.media-amazon.com/images/I/41IMH12fdPL._SL500_.jpg" alt="Product Image"></a><p>Durable Sheet Lifters, Durable Easy Flow, 11" x 3", Lifts Sheets Over Rings and Protects Sheets from Tearing, Fit Standard 3-Ring Binders, Black (20 Pack)</p><p>$14.99</p><a href="https://www.amazon.com/dp/B07PRPX4VR?tag=eloabder-20&linkCode=osi&th=1&psc=1">View Product</a></div><div class="product"><a href="https://www.amazon.com/dp/B0CM8QJHFW?tag=eloabder-20&linkCode=osi&th=1&psc=1"><img src="https://m.media-amazon.com/images/I/31cJGS74oCL._SL500_.jpg" alt="Product Image"></a><p>Wantane D-Shaped Tape Storage Ring Tape Storage Ring 4" D-Shaped Washi Tape Storage Ring for DIY Decoration and Storage（Nickel）-2PCS</p><p>$7.99</p><a href="https://www.amazon.com/dp/B0CM8QJHFW?tag=eloabder-20&linkCode=osi&th=1&psc=1">View Product</a></div>

<div class="product"><a href="https://www.amazon.com/dp/B0D3HPD7WP?tag=eloabder-20&linkCode=osi&th=1&psc=1"><img src="https://m.media-amazon.com/images/I/31KSmmAWUWL._SL500_.jpg" alt="Product Image"></a><p>50 Sheets Grey Cardstock Paper, Colored Printer Paper 8.5 x 11, Thick Construction Paper for Cards Making, Scrapbook，Office Printing, Invitations, Certificates，DIY Crafting 92 lb/250gsm</p><p>$9.99</p><a href="https://www.amazon.com/dp/B0D3HPD7WP?tag=eloabder-20&linkCode=osi&th=1&psc=1">View Product</a></div>
<div class="product"><a href="https://www.amazon.com/dp/B076CP6F36?tag=eloabder-20&linkCode=osi&th=1&psc=1"><img src="https://m.media-amazon.com/images/I/51rfEIvgI+L._SL500_.jpg" alt="Product Image"></a><p>Apple Barrel, Vibrant Spectrum Collection Acrylic Craft Paint, PROMOABIII, 2 fl oz each, 16 assorted matte colors, 16 count</p><p>$15.97 ($0.50 / Fl Oz)</p><a href="https://www.amazon.com/dp/B076CP6F36?tag=eloabder-20&linkCode=osi&th=1&psc=1">View Product</a></div><div class="product"><a href="https://www.amazon.com/dp/B0BKFLSYQF?tag=eloabder-20&linkCode=osi&th=1&psc=1"><img src="https://m.media-amazon.com/images/I/51a0PmPRknL._SL500_.jpg" alt="Product Image"></a><p>72 Pack Acrylic Paint Set, Shuttle Art 60 Colors Acrylic Paint Including Extra White Black & 12 Brushes, 2oz/60ml, Rich Pigmented, Water Proof, Ideal for Artists, Beginners on Canvas Rock Wood Ceramic</p><p>$45.99 ($23.00 / Fl Oz)</p><a href="https://www.amazon.com/dp/B0BKFLSYQF?tag=eloabder-20&linkCode=osi&th=1&psc=1">View Product</a></div><div class="product"><a href="https://www.amazon.com/dp/B08CB3JH79?tag=eloabder-20&linkCode=osi&th=1&psc=1"><img src="https://m.media-amazon.com/images/I/51OUZsFdnTL._SL500_.jpg" alt="Product Image"></a><p>Acrylic Paint Set of 36 Colors 2fl oz 60ml Bottles,Non Toxic 36 Colors Acrylic Paint No Fading Rich Pigment for Kids Adults Artists Canvas Crafts Wood Painting</p><p>$32.99 ($0.46 / Fl Oz)</p><a href="https://www.amazon.com/dp/B08CB3JH79?tag=eloabder-20&linkCode=osi&th=1&psc=1">View Product</a></div><div class="product"><a href="https://www.amazon.com/dp/B0018NBVKQ?tag=eloabder-20&linkCode=osi&th=1&psc=1"><img src="https://m.media-amazon.com/images/I/31YlSvZMTCL._SL500_.jpg" alt="Product Image"></a><p>Apple Barrel Acrylic Paint in Assorted Colors (8 Ounce), 20403 White</p><p>$2.67 ($0.33 / Fl Oz)</p><a href="https://www.amazon.com/dp/B0018NBVKQ?tag=eloabder-20&linkCode=osi&th=1&psc=1">View Product</a></div><div class="product"><a href="https://www.amazon.com/dp/B077WSBLZ1?tag=eloabder-20&linkCode=osi&th=1&psc=1"><img src="https://m.media-amazon.com/images/I/51KPkXpLn1L._SL500_.jpg" alt="Product Image"></a><p>Shuttle Art Acrylic Paint Set, 30 x12ml Tubes Artist Quality Non Toxic Rich Pigments Colors Great for Kids Adults Professional Painting on Rocks Canvas Wood Clay Fabric Ceramic Crafts</p><p>$12.99 ($1.08 / Fl Oz)</p><a href="https://www.amazon.com/dp/B077WSBLZ1?tag=eloabder-20&linkCode=osi&th=1&psc=1">View Product</a></div><div class="product"><a href="https://www.amazon.com/dp/B00889Z5Y6?tag=eloabder-20&linkCode=osi&th=1&psc=1"><img src="https://m.media-amazon.com/images/I/41MQjsyDbSL._SL500_.jpg" alt="Product Image"></a><p>Apple Barrel Acrylic Paint in Assorted Colors (2 oz), 20764, Apricot</p><p>$0.58 ($0.29 / Fl Oz)</p><a href="https://www.amazon.com/dp/B00889Z5Y6?tag=eloabder-20&linkCode=osi&th=1&psc=1">View Product</a></div><div class="product"><a href="https://www.amazon.com/dp/B09TWQD5ZL?tag=eloabder-20&linkCode=osi&th=1&psc=1"><img src="https://m.media-amazon.com/images/I/41B0L003QXL._SL500_.jpg" alt="Product Image"></a><p>Artkey Acrylic Paint Set - 24 colors 2 oz/59 ml Acrylic Paints Professional Artists Painting Kit for Canvases Fabric Rock Leather Easter Egg Wood Ceramic Glass Art Craft Painting</p><p>$19.99 ($0.42 / Fl Oz)</p><a href="https://www.amazon.com/dp/B09TWQD5ZL?tag=eloabder-20&linkCode=osi&th=1&psc=1">View Product</a></div><div class="product"><a href="https://www.amazon.com/dp/B07Z93LQDB?tag=eloabder-20&linkCode=osi&th=1&psc=1"><img src="https://m.media-amazon.com/images/I/51veoN6zK0L._SL500_.jpg" alt="Product Image"></a><p>Shuttle Art Acrylic Paint Set, 36 Colors Acrylic Paint with Brushes & Palette, 2oz Bottles, Rich Pigments Non-toxic Paint for Artists Kids & Adults, Art Supplies for Canvas Rock Ceramic Wood Painting</p><p>$27.99</p><a href="https://www.amazon.com/dp/B07Z93LQDB?tag=eloabder-20&linkCode=osi&th=1&psc=1">View Product</a></div><div class="product"><a href="https://www.amazon.com/dp/B002665SYY?tag=eloabder-20&linkCode=osi&th=1&psc=1"><img src="https://m.media-amazon.com/images/I/31sJJeWK6OS._SL500_.jpg" alt="Product Image"></a><p>Liquitex BASICS Acrylic Paint, 250ml (8.5-oz) Tube, Titanium White</p><p>$9.99 ($1.18 / Fl Oz)</p><a href="https://www.amazon.com/dp/B002665SYY?tag=eloabder-20&linkCode=osi&th=1&psc=1">View Product</a></div>
<div class="product"><a href="https://www.amazon.com/dp/B0CC98XLGL?tag=eloabder-20&linkCode=osi&th=1&psc=1"><img src="https://m.media-amazon.com/images/I/51ZLw+nThiL._SL500_.jpg" alt="Product Image"></a><p>HUIRUSO 4 Pack Double Sided Tape Roller, Scrapbook Supplies, Glue Tape Roller for Crafts, Double-Sided Adhesive Tape Runner for Scrapbooking, School Office Journaling Supplies (0.31 in X 26.25 ft)</p><p>$6.99 ($1.75 / Count)</p><a href="https://www.amazon.com/dp/B0CC98XLGL?tag=eloabder-20&linkCode=osi&th=1&psc=1">View Product</a></div><div class="product"><a href="https://www.amazon.com/dp/B007XAAE6K?tag=eloabder-20&linkCode=osi&th=1&psc=1"><img src="https://m.media-amazon.com/images/I/414qxYVR0wL._SL500_.jpg" alt="Product Image"></a><p>Scotch Double Sided Tape Runner, 1-Pack, 0.27 in x 26 ft., Perfect for Holiday Crafts, Gifts, and More</p><p>$4.47</p><a href="https://www.amazon.com/dp/B007XAAE6K?tag=eloabder-20&linkCode=osi&th=1&psc=1">View Product</a></div><div class="product"><a href="https://www.amazon.com/dp/B0BZVGPFSK?tag=eloabder-20&linkCode=osi&th=1&psc=1"><img src="https://m.media-amazon.com/images/I/51-ue9+7JkL._SL500_.jpg" alt="Product Image"></a><p>Birllaid Double Sided Tape for Walls, Picture Hanging Strips Removable Mounting Dots Adhesive Heavy Duty, Removable for Art Craft, Decoration, Party Supplies, Multipurpose</p><p>$11.99</p><a href="https://www.amazon.com/dp/B0BZVGPFSK?tag=eloabder-20&linkCode=osi&th=1&psc=1">View Product</a></div><div class="product"><a href="https://www.amazon.com/dp/B0CGVN9SL1?tag=eloabder-20&linkCode=osi&th=1&psc=1"><img src="https://m.media-amazon.com/images/I/41Hy+i4CnoL._SL500_.jpg" alt="Product Image"></a><p>30Ft x 1 Inch Hook and Loop Strips with Adhesive,Double Rolls of Heavy Duty Self Adhesive Tape with Backing, Nylon Self Adhesive Tape for Home Office School and Crafting,White</p><p>$9.99</p><a href="https://www.amazon.com/dp/B0CGVN9SL1?tag=eloabder-20&linkCode=osi&th=1&psc=1">View Product</a></div><div class="product"><a href="https://www.amazon.com/dp/B07Y3VDPLF?tag=eloabder-20&linkCode=osi&th=1&psc=1"><img src="https://m.media-amazon.com/images/I/41cyKQ2OMuL._SL500_.jpg" alt="Product Image"></a><p>Melsan 1x4 inch Hook and Loop Strips with Adhesive - 15 Sets, Strong Back Adhesive Fasten Mounting Tape for Home or Office Use - Instead of Holes and Screws, Black</p><p>$7.82</p><a href="https://www.amazon.com/dp/B07Y3VDPLF?tag=eloabder-20&linkCode=osi&th=1&psc=1">View Product</a></div><div class="product"><a href="https://www.amazon.com/dp/B07V57VJT5?tag=eloabder-20&linkCode=osi&th=1&psc=1"><img src="https://m.media-amazon.com/images/I/514JO3bvl3L._SL500_.jpg" alt="Product Image"></a><p>XFasten Adhesive Roller for Scrapbooking, 8mm x 30ft 4-Pack Double Sided Glue Tape Roller, Scrapbook Supplies for Adults, Photo Tape for Scrapbooking</p><p>$9.99 ($2.50 / Count)</p><a href="https://www.amazon.com/dp/B07V57VJT5?tag=eloabder-20&linkCode=osi&th=1&psc=1">View Product</a></div><div class="product"><a href="https://www.amazon.com/dp/B07JLTGQHX?tag=eloabder-20&linkCode=osi&th=1&psc=1"><img src="https://m.media-amazon.com/images/I/51Eqfo7kUZL._SL500_.jpg" alt="Product Image"></a><p>UPINS 120 Pack Double Sided Foam Tape Square Self-Adhesive Foam Tape Black Strong Tape Pads for DIY Art Crafts Supplies</p><p>$9.99 ($0.08 / Count)</p><a href="https://www.amazon.com/dp/B07JLTGQHX?tag=eloabder-20&linkCode=osi&th=1&psc=1">View Product</a></div><div class="product"><a href="https://www.amazon.com/dp/B005FM6XF4?tag=eloabder-20&linkCode=osi&th=1&psc=1"><img src="https://m.media-amazon.com/images/I/51-vp1WJ89L._SL500_.jpg" alt="Product Image"></a><p>AdTech 5603 Permanent Crafter's Tape, 0.31" x 315", Pack of 4</p><p>$7.84 ($0.07 / Foot)</p><a href="https://www.amazon.com/dp/B005FM6XF4?tag=eloabder-20&linkCode=osi&th=1&psc=1">View Product</a></div><div class="product"><a href="https://www.amazon.com/dp/B0CJF1FLFJ?tag=eloabder-20&linkCode=osi&th=1&psc=1"><img src="https://m.media-amazon.com/images/I/51dig1RqzdL._SL500_.jpg" alt="Product Image"></a><p>UPINS 150Pack Double Sided Foam Tape Strong Sticky Double Sided Foam Pads for Crafts Self-Adhesive Mounting Foam Tape Heavy Duty for Home Wall Decor 40 * 40 * 2mm</p><p>$8.99 ($0.06 / Count)</p><a href="https://www.amazon.com/dp/B0CJF1FLFJ?tag=eloabder-20&linkCode=osi&th=1&psc=1">View Product</a></div><div class="product"><a href="https://www.amazon.com/dp/B0D4YWRGCL?tag=eloabder-20&linkCode=osi&th=1&psc=1"><img src="https://m.media-amazon.com/images/I/41EqJ553-KL._SL500_.jpg" alt="Product Image"></a><p>Amanbo Glue Tape for Scrapbooking, 6 Pack Scrapbook Tape, Double Sided Tape Roller for Crafts, Total 120 Ft x 0.24 in Tape Runner, Craft Supplies for Scrapbooking, Gift Wrapping and Photo Tape</p><p>$6.99</p><a href="https://www.amazon.com/dp/B0D4YWRGCL?tag=eloabder-20&linkCode=osi&th=1&psc=1">View Product</a></div>
<div class="product"><a href="https://www.amazon.com/dp/B0CC5HPPTN?tag=eloabder-20&linkCode=osi&th=1&psc=1"><img src="https://m.media-amazon.com/images/I/519M81S201L._SL500_.jpg" alt="Product Image"></a><p>Airbrush Paint - 30 Colors with 3 Thinner, Ready to Spray Airbrush Paint Set, Water-Based Acrylic Air brush Paints for Metal, Plastic Models, Canvas, Wood, 20ml/Bottle</p><p>$32.99 ($1.48 / Fl Oz)</p><a href="https://www.amazon.com/dp/B0CC5HPPTN?tag=eloabder-20&linkCode=osi&th=1&psc=1">View Product</a></div>
<div class="product"><a href="https://www.amazon.com/dp/B0CXPSGK36?tag=eloabder-20&linkCode=osi&th=1&psc=1"><img src="https://m.media-amazon.com/images/I/51dd2dYOtrL._SL500_.jpg" alt="Product Image"></a><p>Letter Stickers 30 Sheets 1500 PCS Large Alphabet Sticker 2 Inch Vinyl Self Adhesive Stick on Stickers for Water Bottles Cup Mailbox Number Address Craft Scrapbooking Bulletin Board Decor Multicolor</p><p>$9.99</p><a href="https://www.amazon.com/dp/B0CXPSGK36?tag=eloabder-20&linkCode=osi&th=1&psc=1">View Product</a></div><div class="product"><a href="https://www.amazon.com/dp/B07NNYFMGY?tag=eloabder-20&linkCode=osi&th=1&psc=1"><img src="https://m.media-amazon.com/images/I/51yDnU+gEXL._SL500_.jpg" alt="Product Image"></a><p>20 Sheets Alphabet Letter Stickers 10 Colors Self Adhesive Sticker Colorful PU Material Convex Feeling (Colored Letter Stickers 1)</p><p>$6.99 ($0.35 / Count)</p><a href="https://www.amazon.com/dp/B07NNYFMGY?tag=eloabder-20&linkCode=osi&th=1&psc=1">View Product</a></div>

<div class="product"><a href="https://www.amazon.com/dp/B01DDN8854?tag=eloabder-20&linkCode=osi&th=1&psc=1"><img src="https://m.media-amazon.com/images/I/61dPubDZBSL._SL500_.jpg" alt="Product Image"></a><p>Hugs 'n Kisses HNKHABY13 Applique Paper (20 Pack)</p><p>$19.72 ($0.99 / Count)</p><a href="https://www.amazon.com/dp/B01DDN8854?tag=eloabder-20&linkCode=osi&th=1&psc=1">View Product</a></div>
<div class="product"><a href="https://www.amazon.com/dp/B09KPNFJW1?tag=eloabder-20&linkCode=osi&th=1&psc=1"><img src="https://m.media-amazon.com/images/I/41abn5fELmL._SL500_.jpg" alt="Product Image"></a><p>UniPleased Disposable Aprons (50 Count), Plastic apron for Painting Party, Cooking, Housework, Picnic etc.</p><p>$5.69</p><a href="https://www.amazon.com/dp/B09KPNFJW1?tag=eloabder-20&linkCode=osi&th=1&psc=1">View Product</a></div>
<div class="product"><a href="https://www.amazon.com/dp/B087M21MM2?tag=eloabder-20&linkCode=osi&th=1&psc=1"><img src="https://m.media-amazon.com/images/I/41Xf-jehhLL._SL500_.jpg" alt="Product Image"></a><p>GOTIDEAL Stretched Canvas, Multi Pack 4x4, 5x7, 8x10,9x12, 11x14 Set of 10, Primed White - 100% Cotton Artist Canvas Boards for Painting, Acrylic Pouring, Oil Paint Dry & Wet Art Media</p><p>$24.99</p><a href="https://www.amazon.com/dp/B087M21MM2?tag=eloabder-20&linkCode=osi&th=1&psc=1">View Product</a></div><div class="product"><a href="https://www.amazon.com/dp/B00OQJYISG?tag=eloabder-20&linkCode=osi&th=1&psc=1"><img src="https://m.media-amazon.com/images/I/31fEDLPkkcL._SL500_.jpg" alt="Product Image"></a><p>6 Count 12” x 16” Super Value Canvas by Artist's Loft Necessities - Acid Free Cotton Canvas for Paint, Acrylic, & Oils - 1 Pack</p><p>$19.99</p><a href="https://www.amazon.com/dp/B00OQJYISG?tag=eloabder-20&linkCode=osi&th=1&psc=1">View Product</a></div><div class="product"><a href="https://www.amazon.com/dp/B09CDKB9HY?tag=eloabder-20&linkCode=osi&th=1&psc=1"><img src="https://m.media-amazon.com/images/I/51+p5xnClGL._SL500_.jpg" alt="Product Image"></a><p>DPDIAN Canvas Boards for Painting 40 Pack, 8 inch x 10 inch Super Value Pack, Artist Canvas Panels for Oil & Acrylic Painting</p><p>$29.99</p><a href="https://www.amazon.com/dp/B09CDKB9HY?tag=eloabder-20&linkCode=osi&th=1&psc=1">View Product</a></div><div class="product"><a href="https://www.amazon.com/dp/B0CFBGP29G?tag=eloabder-20&linkCode=osi&th=1&psc=1"><img src="https://m.media-amazon.com/images/I/3147Az5plbL._SL500_.jpg" alt="Product Image"></a><p>ArtSkills Stretched Canvases for Painting, 12x16 Canvas Painting Supplies for Artists, Blank Canvas Pack, 2-Pack</p><p>$16.99</p><a href="https://www.amazon.com/dp/B0CFBGP29G?tag=eloabder-20&linkCode=osi&th=1&psc=1">View Product</a></div><div class="product"><a href="https://www.amazon.com/dp/B07BNGQ1SS?tag=eloabder-20&linkCode=osi&th=1&psc=1"><img src="https://m.media-amazon.com/images/I/410ZVtygUwS._SL500_.jpg" alt="Product Image"></a><p>PHOENIX Stretched Canvas for Painting 8x10 Inch/10 Value Pack, 8 Oz Triple Primed 5/8 Inch Profile 100% Cotton White Blank Canvas, Artist Framed Canvas for Oil Acrylic & Pouring Art</p><p>$22.99</p><a href="https://www.amazon.com/dp/B07BNGQ1SS?tag=eloabder-20&linkCode=osi&th=1&psc=1">View Product</a></div><div class="product"><a href="https://www.amazon.com/dp/B0922JP1H4?tag=eloabder-20&linkCode=osi&th=1&psc=1"><img src="https://m.media-amazon.com/images/I/41BmiEND1KL._SL500_.jpg" alt="Product Image"></a><p>GOTIDEAL Canvases for Painting, 18 Pack Canvas Boards Multipack 4x4, 5x7, 8x10, 9x12,11x14,Primed White Blank Artist Canvas Variety Pack for Acrylic Paint, Oil Paint, Watercolor, Gouache</p><p>$19.99</p><a href="https://www.amazon.com/dp/B0922JP1H4?tag=eloabder-20&linkCode=osi&th=1&psc=1">View Product</a></div>


<div class="product"><a href="https://www.amazon.com/dp/B0872VFHBH?tag=eloabder-20&linkCode=osi&th=1&psc=1"><img src="https://m.media-amazon.com/images/I/51k3bekQheS._SL500_.jpg" alt="Product Image"></a><p>Bachmore Drawing Pad 9X12 Inch (110lb/180g), 60 Sheets, Top Spiral Bound Multi-Media for Artist Pro & Amateurs | Acrylic Art, Ink, Paint, Oil Pastels,Watercolor Mixed Media Sketch</p><p>$11.99</p><a href="https://www.amazon.com/dp/B0872VFHBH?tag=eloabder-20&linkCode=osi&th=1&psc=1">View Product</a></div><div class="product"><a href="https://www.amazon.com/dp/B0027A75A4?tag=eloabder-20&linkCode=osi&th=1&psc=1"><img src="https://m.media-amazon.com/images/I/51dyOxxcgYL._SL500_.jpg" alt="Product Image"></a><p>Strathmore 200 Series Sketch Pad, 9x12 inch, 100 Sheets, Tape Bound - Artist Sketchbook for Drawing, Illustration, Art Class Students</p><p>$6.99 ($0.07 / Count)</p><a href="https://www.amazon.com/dp/B0027A75A4?tag=eloabder-20&linkCode=osi&th=1&psc=1">View Product</a></div><div class="product"><a href="https://www.amazon.com/dp/B0BV13YQKX?tag=eloabder-20&linkCode=osi&th=1&psc=1"><img src="https://m.media-amazon.com/images/I/41VYfMpvXUL._SL500_.jpg" alt="Product Image"></a><p>Canson Graduate Watercolor Pad, Foldover, 9x12 inch, 20 Sheets | Artist Paper for Adults and Students - Painting, Gouache, Mixed Media and Ink</p><p>$4.97 ($0.41 / Count)</p><a href="https://www.amazon.com/dp/B0BV13YQKX?tag=eloabder-20&linkCode=osi&th=1&psc=1">View Product</a></div><div class="product"><a href="https://www.amazon.com/dp/B0024KMQ6K?tag=eloabder-20&linkCode=osi&th=1&psc=1"><img src="https://m.media-amazon.com/images/I/51sYdvPPUCL._SL500_.jpg" alt="Product Image"></a><p>Strathmore 400 Series Pastel Pad, Assorted Colors, 9"x12" Glue Bound, 24 Sheets</p><p>$9.11</p><a href="https://www.amazon.com/dp/B0024KMQ6K?tag=eloabder-20&linkCode=osi&th=1&psc=1">View Product</a></div><div class="product"><a href="https://www.amazon.com/dp/B00246O6PI?tag=eloabder-20&linkCode=osi&th=1&psc=1"><img src="https://m.media-amazon.com/images/I/517TUmckOIL._SL500_.jpg" alt="Product Image"></a><p>Strathmore 300 Series Drawing Paper Pad, Top Wire Bound, 11x14 inches, 50 Sheets (70lb/114g) - Artist Paper for Adults and Students - Charcoal, Colored Pencil, Ink, Pastel, Marker</p><p>$13.33</p><a href="https://www.amazon.com/dp/B00246O6PI?tag=eloabder-20&linkCode=osi&th=1&psc=1">View Product</a></div>
<div class="product"><a href="https://www.amazon.com/dp/B08ZMH7LJY?tag=eloabder-20&linkCode=osi&th=1&psc=1"><img src="https://m.media-amazon.com/images/I/51mJIsLJA-S._SL500_.jpg" alt="Product Image"></a><p>PANDAFLY Professional Drawing Sketching Pencil Set - 12 Pieces Graphite Pencils(14B - 2H), Ideal for Drawing Art, Sketching, Shading, Artist Pencils for Beginners & Pro Artists</p><p>$5.11</p><a href="https://www.amazon.com/dp/B08ZMH7LJY?tag=eloabder-20&linkCode=osi&th=1&psc=1">View Product</a></div><div class="product"><a href="https://www.amazon.com/dp/B088K1G5NL?tag=eloabder-20&linkCode=osi&th=1&psc=1"><img src="https://m.media-amazon.com/images/I/51F2bOMZWnL._SL500_.jpg" alt="Product Image"></a><p>MARKART Professional Drawing Sketching Pencil Set - 14 Pieces,Graphite,(12B - 4H), Ideal for Drawing Art, Sketching, Shading, Artist Pencils for Beginners & Pro Artists</p><p>$5.24</p><a href="https://www.amazon.com/dp/B088K1G5NL?tag=eloabder-20&linkCode=osi&th=1&psc=1">View Product</a></div><div class="product"><a href="https://www.amazon.com/dp/B08FHMRW4L?tag=eloabder-20&linkCode=osi&th=1&psc=1"><img src="https://m.media-amazon.com/images/I/51Pmn5gjyzL._SL500_.jpg" alt="Product Image"></a><p>Mr. Pen- Sketch Pencils for Drawing, 14 Pack, Drawing Pencils, Art Pencils, Graphite Pencils, Graphite Pencils for Drawing, Art Pencils for Drawing and Shading</p><p>$5.95</p><a href="https://www.amazon.com/dp/B08FHMRW4L?tag=eloabder-20&linkCode=osi&th=1&psc=1">View Product</a></div><div class="product"><a href="https://www.amazon.com/dp/B0BNQ58DC4?tag=eloabder-20&linkCode=osi&th=1&psc=1"><img src="https://m.media-amazon.com/images/I/51e-gQtCcCL._SL500_.jpg" alt="Product Image"></a><p>MARTCOLOR Drawing Sketching Pencils Set, 12 Pack Graphite Pencils(14B - 2H), Ideal for Drawing Art, Sketching, Shading, Artist Pencils for Beginners & Pro Artists</p><p>$5.99</p><a href="https://www.amazon.com/dp/B0BNQ58DC4?tag=eloabder-20&linkCode=osi&th=1&psc=1">View Product</a></div>

<div class="product"><a href="https://www.amazon.com/dp/B0851M3749?tag=eloabder-20&linkCode=osi&th=1&psc=1"><img src="https://m.media-amazon.com/images/I/41KKSGSDl5L._SL500_.jpg" alt="Product Image"></a><p>N NOROCME 12 PCS Blending Stumps and Tortillions Paper Art Blenders with Sandpaper Pencil Sharpener Pointer for Student Artist Charcoal Sketch Drawing Tools</p><p>$4.99</p><a href="https://www.amazon.com/dp/B0851M3749?tag=eloabder-20&linkCode=osi&th=1&psc=1">View Product</a></div><div class="product"><a href="https://www.amazon.com/dp/B09J3HKN8F?tag=eloabder-20&linkCode=osi&th=1&psc=1"><img src="https://m.media-amazon.com/images/I/51Qvx81eQLL._SL500_.jpg" alt="Product Image"></a><p>Eraser Pencils Set for Artists, Wooden Sketch Eraser Pen for Charcoal Drawings, Professional Highlight Painting Eraser for Sketching, Revise Erasing Details for Students Limner</p><p>$6.99</p><a href="https://www.amazon.com/dp/B09J3HKN8F?tag=eloabder-20&linkCode=osi&th=1&psc=1">View Product</a></div>
<div class="product"><a href="https://www.amazon.com/dp/B09WCQ89T8?tag=eloabder-20&linkCode=osi&th=1&psc=1"><img src="https://m.media-amazon.com/images/I/41gZz0qgBFL._SL500_.jpg" alt="Product Image"></a><p>Bernat BABY BLANKET BB Blue Dreams Yarn - 1 Pack of 10.5oz/300g - Polyester - #6 Super Bulky - 220 Yards - Knitting/Crochet</p><p>$6.97</p><a href="https://www.amazon.com/dp/B09WCQ89T8?tag=eloabder-20&linkCode=osi&th=1&psc=1">View Product</a></div><div class="product"><a href="https://www.amazon.com/dp/B07V5JVNFD?tag=eloabder-20&linkCode=osi&th=1&psc=1"><img src="https://m.media-amazon.com/images/I/41IS+HdtiOL._SL500_.jpg" alt="Product Image"></a><p>Lion Brand Yarn Basic Stitch Anti-Pilling Knitting Yarn, Yarn for Crocheting, 1-Pack, Baby Blue</p><p>$8.40 ($0.02 / Foot)</p><a href="https://www.amazon.com/dp/B07V5JVNFD?tag=eloabder-20&linkCode=osi&th=1&psc=1">View Product</a></div><div class="product"><a href="https://www.amazon.com/dp/B01M0AJID2?tag=eloabder-20&linkCode=osi&th=1&psc=1"><img src="https://m.media-amazon.com/images/I/41yVau0AUpL._SL500_.jpg" alt="Product Image"></a><p>Lion Brand Yarn (1 Skein) Lion Brand Yarn Babysoft Baby Yarn Yarn, Little Boy Blue Multicolor</p><p>$7.19 ($0.01 / Foot)</p><a href="https://www.amazon.com/dp/B01M0AJID2?tag=eloabder-20&linkCode=osi&th=1&psc=1">View Product</a></div><div class="product"><a href="https://www.amazon.com/dp/B09W1KHF42?tag=eloabder-20&linkCode=osi&th=1&psc=1"><img src="https://m.media-amazon.com/images/I/41maDlrio5L._SL500_.jpg" alt="Product Image"></a><p>Red Heart Super Saver Light Blue Yarn - 3 Pack of 198g/7oz - Acrylic - 4 Medium (Worsted) - 364 Yards - Knitting/Crochet</p><p>$13.29 ($4.43 / Count)</p><a href="https://www.amazon.com/dp/B09W1KHF42?tag=eloabder-20&linkCode=osi&th=1&psc=1">View Product</a></div><div class="product"><a href="https://www.amazon.com/dp/B08LKVZ3CX?tag=eloabder-20&linkCode=osi&th=1&psc=1"><img src="https://m.media-amazon.com/images/I/41GLizNx8UL._SL500_.jpg" alt="Product Image"></a><p>Bernat Baby Blanket Baby Blue Yarn - 3 Pack of 100g/3.5oz - Polyester - 6 Super Bulky - 72 Yards - Knitting/Crochet</p><p>$21.81</p><a href="https://www.amazon.com/dp/B08LKVZ3CX?tag=eloabder-20&linkCode=osi&th=1&psc=1">View Product</a></div><div class="product"><a href="https://www.amazon.com/dp/B0CHJ95WHJ?tag=eloabder-20&linkCode=osi&th=1&psc=1"><img src="https://m.media-amazon.com/images/I/314E1EQdihL._SL500_.jpg" alt="Product Image"></a><p>NORCIA Soft Velvet Yarn Chenille Yarn for Crocheting Baby Blanket Yarn for Knitting Amigurumi Yarn Fancy Yarn for Crochet Weaving Craft (Baby Blue, 1 Skein)</p><p>$9.99</p><a href="https://www.amazon.com/dp/B0CHJ95WHJ?tag=eloabder-20&linkCode=osi&th=1&psc=1">View Product</a></div>
<div class="product"><a href="https://www.amazon.com/dp/B0779F2TXJ?tag=eloabder-20&linkCode=osi&th=1&psc=1"><img src="https://m.media-amazon.com/images/I/31kqZr8DJzL._SL500_.jpg" alt="Product Image"></a><p>OPENDGO Feather Ballpoint Pen ，Black Ink Vintage Feather Quill Refined Plated Rod Quill Ballpoint Pen For School Writing ▏Wedding Gift Signature Pen (Black)</p><p>$6.97</p><a href="https://www.amazon.com/dp/B0779F2TXJ?tag=eloabder-20&linkCode=osi&th=1&psc=1">View Product</a></div><div class="product"><a href="https://www.amazon.com/dp/B0CQF3BJ3S?tag=eloabder-20&linkCode=osi&th=1&psc=1"><img src="https://m.media-amazon.com/images/I/41gs6AOiP6L._SL500_.jpg" alt="Product Image"></a><p>3 in 1 Retractable Ballpoint Pen with Light and Stylus, Nice Pens for Journaling Writing in The Dark - White/Red Light Tip- 0.7mm Black Ink</p><p>$12.99</p><a href="https://www.amazon.com/dp/B0CQF3BJ3S?tag=eloabder-20&linkCode=osi&th=1&psc=1">View Product</a></div><div class="product"><a href="https://www.amazon.com/dp/B08BBZ3B8G?tag=eloabder-20&linkCode=osi&th=1&psc=1"><img src="https://m.media-amazon.com/images/I/41cMHyw60wL._SL500_.jpg" alt="Product Image"></a><p>Mr. Pen- Pens, Black Pens, 12 Pack, Fast Dry, No Smear Pens, Bible Pens, Pens for Journaling, Pens No Bleed Through, Pens Fine Point, Journal Pens, Fine Tip, Planner Pens, Ball Point Journal Pens</p><p>$9.99</p><a href="https://www.amazon.com/dp/B08BBZ3B8G?tag=eloabder-20&linkCode=osi&th=1&psc=1">View Product</a></div><div class="product"><a href="https://www.amazon.com/dp/B0D4YWWGX6?tag=eloabder-20&linkCode=osi&th=1&psc=1"><img src="https://m.media-amazon.com/images/I/31xHBCCzJqL._SL500_.jpg" alt="Product Image"></a><p>PATIKIL 21cm/8" Feather Ballpoint Pen, 1Pcs Ink Vintage Quill Pen Refined Plated Dip Pen for Calligraphy Writing Signature Wedding Gift, Yellow</p><p>$7.49</p><a href="https://www.amazon.com/dp/B0D4YWWGX6?tag=eloabder-20&linkCode=osi&th=1&psc=1">View Product</a></div>

<div class="product"><a href="https://www.amazon.com/dp/B001TLDEVQ?tag=eloabder-20&linkCode=osi&th=1&psc=1"><img src="https://m.media-amazon.com/images/I/41jYF39F6lL._SL500_.jpg" alt="Product Image"></a><p>Beadalon SuppleMax Illusion Beading Cord, 0.40 mm / 0.016 in, Clear Monofilament, 50 m / 164 ft</p><p>$4.74</p><a href="https://www.amazon.com/dp/B001TLDEVQ?tag=eloabder-20&linkCode=osi&th=1&psc=1">View Product</a></div><div class="product"><a href="https://www.amazon.com/dp/B0D2HVFZ7Q?tag=eloabder-20&linkCode=osi&th=1&psc=1"><img src="https://m.media-amazon.com/images/I/41R66LMYz7L._SL500_.jpg" alt="Product Image"></a><p>Zxiixz 116Yards 0.5mm Bracelet String, Waxed String Cord for Bracelet Making, Beading Thread for Bracelet Beads, Friendship Bracelet String for Bracelet Making, Waxed Polyester Cord for Jewelry Making</p><p>$6.99</p><a href="https://www.amazon.com/dp/B0D2HVFZ7Q?tag=eloabder-20&linkCode=osi&th=1&psc=1">View Product</a></div><div class="product"><a href="https://www.amazon.com/dp/B07BNF8KH5?tag=eloabder-20&linkCode=osi&th=1&psc=1"><img src="https://m.media-amazon.com/images/I/51jVByheyVL._SL500_.jpg" alt="Product Image"></a><p>PH PandaHall 100 Yards 1mm Waxed Cotton Cord Thread Beading String for Bracelet Necklace Making Crafting Beading Macrame Vase Decor, Burlywood</p><p>$7.19 ($0.02 / Foot)</p><a href="https://www.amazon.com/dp/B07BNF8KH5?tag=eloabder-20&linkCode=osi&th=1&psc=1">View Product</a></div><div class="product"><a href="https://www.amazon.com/dp/B07HBPGXJG?tag=eloabder-20&linkCode=osi&th=1&psc=1"><img src="https://m.media-amazon.com/images/I/41xi8gO6kDL._SL500_.jpg" alt="Product Image"></a><p>Paxcoo 0.8mm Elastic String, Stretchy Bracelet String Crystal String Bead Cord for Bracelet, Beading and Jewelry Making (120m)</p><p>$6.99 ($0.02 / Foot)</p><a href="https://www.amazon.com/dp/B07HBPGXJG?tag=eloabder-20&linkCode=osi&th=1&psc=1">View Product</a></div><div class="product"><a href="https://www.amazon.com/dp/B0CNPST7D9?tag=eloabder-20&linkCode=osi&th=1&psc=1"><img src="https://m.media-amazon.com/images/I/41A9VISFC4L._SL500_.jpg" alt="Product Image"></a><p>Kblick Black Nylon String Cord - 1MM 100 Yards Black Twine, Bracelet String for Bracelet Making, Braided Ornament Lanyard Sting, Jewelry Thread Clay Bead String for Crafts, Macrame Satin Cord</p><p>$5.99 ($0.02 / Foot)</p><a href="https://www.amazon.com/dp/B0CNPST7D9?tag=eloabder-20&linkCode=osi&th=1&psc=1">View Product</a></div><div class="product"><a href="https://www.amazon.com/dp/B08GC3JF9X?tag=eloabder-20&linkCode=osi&th=1&psc=1"><img src="https://m.media-amazon.com/images/I/41FQZYhvQpL._SL500_.jpg" alt="Product Image"></a><p>Cheriswelry 100M 0.8mm Nylon Beading Cord Black Chinese Knotting Rattail Macrame Thread String Roll for Jewelry Making Kumihimo Wrapping Supplies DIY Crafts</p><p>$6.99 ($0.02 / Fl Oz)</p><a href="https://www.amazon.com/dp/B08GC3JF9X?tag=eloabder-20&linkCode=osi&th=1&psc=1">View Product</a></div><div class="product"><a href="https://www.amazon.com/dp/B0B3V9RWQC?tag=eloabder-20&linkCode=osi&th=1&psc=1"><img src="https://m.media-amazon.com/images/I/41F-OP+yCxL._SL500_.jpg" alt="Product Image"></a><p>Griffin Silk Bead Cord Perlseide – Black Color – Size 3 (0.50mm) – 2 Meters per Card – Stainless Steel Needle Attached – for Knotting Pearls, Gemstones, Crystals and Beads</p><p>$4.99 ($0.76 / Foot)</p><a href="https://www.amazon.com/dp/B0B3V9RWQC?tag=eloabder-20&linkCode=osi&th=1&psc=1">View Product</a></div><div class="product"><a href="https://www.amazon.com/dp/B08F49YVQP?tag=eloabder-20&linkCode=osi&th=1&psc=1"><img src="https://m.media-amazon.com/images/I/41yCMIpj0rS._SL500_.jpg" alt="Product Image"></a><p>1mm Stretchy Bracelet String, Sturdy Rainbow Elastic String Elastic Cord for Jewelry Making, Necklaces, Beading and Crafts</p><p>$6.99 ($0.04 / Foot)</p><a href="https://www.amazon.com/dp/B08F49YVQP?tag=eloabder-20&linkCode=osi&th=1&psc=1">View Product</a></div>

<div class="product"><a href="https://www.amazon.com/dp/B001GMUBJ6?tag=eloabder-20&linkCode=osi&th=1&psc=1"><img src="https://m.media-amazon.com/images/I/41V5qzn3H5L._SL500_.jpg" alt="Product Image"></a><p>The Beadsmith Fireline by Berkley – Micro-Fused Braided Thread – 6lb. Test, 006”/.15mm Diameter, 50 Yard Spool, Crystal Color – Super Strong Stringing Material for Jewelry Making and Bead Weaving</p><p>$12.59</p><a href="https://www.amazon.com/dp/B001GMUBJ6?tag=eloabder-20&linkCode=osi&th=1&psc=1">View Product</a></div><div class="product"><a href="https://www.amazon.com/dp/B001UAKK0Y?tag=eloabder-20&linkCode=osi&th=1&psc=1"><img src="https://m.media-amazon.com/images/I/41rY1D0wfuL._SL500_.jpg" alt="Product Image"></a><p>Beadalon Wildfire, 0.006 in, 0.15 mm, Break Strength 10 lb / 4.5 kg, Frost, 50 yd / 45 m</p><p>$8.85 ($0.06 / Foot)</p><a href="https://www.amazon.com/dp/B001UAKK0Y?tag=eloabder-20&linkCode=osi&th=1&psc=1">View Product</a></div><div class="product"><a href="https://www.amazon.com/dp/B095WY58F4?tag=eloabder-20&linkCode=osi&th=1&psc=1"><img src="https://m.media-amazon.com/images/I/41mXRfJqcjL._SL500_.jpg" alt="Product Image"></a><p>PH PandaHall 0.1mm Nylon Seed Bead Thread 100 Yards Black White Bracelet Cord Beading Thread Invisible Sewing Thread Nylon Braided Thread String for Leather Stitching Beading Jewelry Bracelets Making</p><p>$9.99 ($0.03 / Foot)</p><a href="https://www.amazon.com/dp/B095WY58F4?tag=eloabder-20&linkCode=osi&th=1&psc=1">View Product</a></div><div class="product"><a href="https://www.amazon.com/dp/B08RN2R2SZ?tag=eloabder-20&linkCode=osi&th=1&psc=1"><img src="https://m.media-amazon.com/images/I/41Tg2MMC++L._SL500_.jpg" alt="Product Image"></a><p>KO Nylon Beading Thread, White Color, Japanese Pre-Waxed 100% Nylon, 330TEX, Tangle Resistant Knotting Cords, 50m /55 yds Spool, Use for Seed Bead Projects, Loom Work & Bead Weaving</p><p>$7.06 ($0.04 / Foot)</p><a href="https://www.amazon.com/dp/B08RN2R2SZ?tag=eloabder-20&linkCode=osi&th=1&psc=1">View Product</a></div><div class="product"><a href="https://www.amazon.com/dp/B09J89ST79?tag=eloabder-20&linkCode=osi&th=1&psc=1"><img src="https://m.media-amazon.com/images/I/41hLuuOZeXL._SL500_.jpg" alt="Product Image"></a><p>2 Roll Polyester Thread, Heavy Duty Thread, 1500Yard/Reel 210D/3 nylon thread for sewing, Sewing Thread for Upholstery, Outdoor Market, Drapery, Leather, Beading, Crafts</p><p>$7.99 ($0.00 / Foot)</p><a href="https://www.amazon.com/dp/B09J89ST79?tag=eloabder-20&linkCode=osi&th=1&psc=1">View Product</a></div><div class="product"><a href="https://www.amazon.com/dp/B0C6MSY7QQ?tag=eloabder-20&linkCode=osi&th=1&psc=1"><img src="https://m.media-amazon.com/images/I/31Bn-MyA62L._SL500_.jpg" alt="Product Image"></a><p>PH PandaHall 0.1mm Nylon String 100 Yards Beading Thread White Nylon Seed Bead Thread Bracelet Beading Thread Sewing String for Leather Stitching Beading Jewelry Bracelets Making</p><p>$7.99 ($0.03 / Foot)</p><a href="https://www.amazon.com/dp/B0C6MSY7QQ?tag=eloabder-20&linkCode=osi&th=1&psc=1">View Product</a></div>

<div class="product"><a href="https://www.amazon.com/dp/B07NMNDT1W?tag=eloabder-20&linkCode=osi&th=1&psc=1"><img src="https://m.media-amazon.com/images/I/41-zwQIcVcL._SL500_.jpg" alt="Product Image"></a><p>Howemon White Beeswax Pellets 2LB 100% Pure and Natural Triple Filtered for Skin, Face, Body and Hair Care DIY Creams, Lotions, Lip Balm and Soap Making Supplies</p><p>$13.99 ($0.44 / Fl Oz)</p><a href="https://www.amazon.com/dp/B07NMNDT1W?tag=eloabder-20&linkCode=osi&th=1&psc=1">View Product</a></div><div class="product"><a href="https://www.amazon.com/dp/B00B3U0FW4?tag=eloabder-20&linkCode=osi&th=1&psc=1"><img src="https://m.media-amazon.com/images/I/51rWFCST+TL._SL500_.jpg" alt="Product Image"></a><p>Beesworks Yellow Beeswax Pellets (1 lb) | 100% Pure, Cosmetic Grade, Triple-Filtered Beeswax for DIY Skin care, Lip Balm, Lotion, and Candle Making</p><p>$13.99 ($0.87 / Ounce)</p><a href="https://www.amazon.com/dp/B00B3U0FW4?tag=eloabder-20&linkCode=osi&th=1&psc=1">View Product</a></div><div class="product"><a href="https://www.amazon.com/dp/B01LWX2IO1?tag=eloabder-20&linkCode=osi&th=1&psc=1"><img src="https://m.media-amazon.com/images/I/41MlNqhDyCL._SL500_.jpg" alt="Product Image"></a><p>Beesworks Yellow Beeswax Bars (6 oz) | 100% Pure, Cosmetic Grade, Triple-Filtered Beeswax for DIY Skin Care, Lip Balm, Lotion and Candle Making (1 oz Bars - Pack of 6)</p><p>$6.99</p><a href="https://www.amazon.com/dp/B01LWX2IO1?tag=eloabder-20&linkCode=osi&th=1&psc=1">View Product</a></div><div class="product"><a href="https://www.amazon.com/dp/B0BV77F19N?tag=eloabder-20&linkCode=osi&th=1&psc=1"><img src="https://m.media-amazon.com/images/I/41xzHaO1-EL._SL500_.jpg" alt="Product Image"></a><p>Beeswax Pellets 10LB Cosmetic Beeswax Triple Filtered Beeswax Pastilles for Candle Making Great for DIY Projects Creams Lotions Lip Balm and Soap Making Supplies(10LB)</p><p>$32.99</p><a href="https://www.amazon.com/dp/B0BV77F19N?tag=eloabder-20&linkCode=osi&th=1&psc=1">View Product</a></div><div class="product"><a href="https://www.amazon.com/dp/B0C9QSG3CY?tag=eloabder-20&linkCode=osi&th=1&psc=1"><img src="https://m.media-amazon.com/images/I/414XQcU6SRL._SL500_.jpg" alt="Product Image"></a><p>YASNAY White Beeswax Pellets 2LB, 100% Organic Beeswax, Beeswax for Candle Making, Body, Skin Care DIY, Lip Balm and Soap Making Supplies</p><p>$11.99</p><a href="https://www.amazon.com/dp/B0C9QSG3CY?tag=eloabder-20&linkCode=osi&th=1&psc=1">View Product</a></div><div class="product"><a href="https://www.amazon.com/dp/B097HTC4WN?tag=eloabder-20&linkCode=osi&th=1&psc=1"><img src="https://m.media-amazon.com/images/I/51pwMM7C6-L._SL500_.jpg" alt="Product Image"></a><p>Eco Lux 8 Yellow Beeswax Blocks 100% Pure Natural Organic Bees Wax 6.5oz</p><p>$8.49 ($1.35 / Ounce)</p><a href="https://www.amazon.com/dp/B097HTC4WN?tag=eloabder-20&linkCode=osi&th=1&psc=1">View Product</a></div><div class="product"><a href="https://www.amazon.com/dp/B00HDHQQCE?tag=eloabder-20&linkCode=osi&th=1&psc=1"><img src="https://m.media-amazon.com/images/I/41vF-7MwNhL._SL500_.jpg" alt="Product Image"></a><p>Murray's 100% Pure Beeswax 4 oz</p><p>$5.98 ($1.50 / Ounce)</p><a href="https://www.amazon.com/dp/B00HDHQQCE?tag=eloabder-20&linkCode=osi&th=1&psc=1">View Product</a></div><div class="product"><a href="https://www.amazon.com/dp/B09YM8JTLM?tag=eloabder-20&linkCode=osi&th=1&psc=1"><img src="https://m.media-amazon.com/images/I/41cjNuBnFEL._SL500_.jpg" alt="Product Image"></a><p>TRINIDa Beeswax Pellets 2LB(32 oz), 100% Organic Yellow Bees Wax for DIY Candles, Beeswax for Candle Making, Skin, Body, Face, and Hair Care, Lotions, DIY Creams, Lip Balm and Soap Making Supplies</p><p>$11.99</p><a href="https://www.amazon.com/dp/B09YM8JTLM?tag=eloabder-20&linkCode=osi&th=1&psc=1">View Product</a></div><div class="product"><a href="https://www.amazon.com/dp/B00F3CNMV4?tag=eloabder-20&linkCode=osi&th=1&psc=1"><img src="https://m.media-amazon.com/images/I/31pjrRAEa4L._SL500_.jpg" alt="Product Image"></a><p>Stakich Yellow Beeswax Block - Natural, Triple Filtered - 1 Pound, Honey Scent</p><p>$13.95 ($0.87 / Ounce)</p><a href="https://www.amazon.com/dp/B00F3CNMV4?tag=eloabder-20&linkCode=osi&th=1&psc=1">View Product</a></div><div class="product"><a href="https://www.amazon.com/dp/B0BXFZBZS9?tag=eloabder-20&linkCode=osi&th=1&psc=1"><img src="https://m.media-amazon.com/images/I/4178i9IB9KL._SL500_.jpg" alt="Product Image"></a><p>5LB Beeswax Pellets Beeswax for Candle Making Organic Beeswax Pellets for Skin Beeswax Beads Beeswax Bulk Beeswax for Lotion Making Organic for DIY and Craft Project</p><p>$22.99</p><a href="https://www.amazon.com/dp/B0BXFZBZS9?tag=eloabder-20&linkCode=osi&th=1&psc=1">View Product</a></div>
<div class="product"><a href="https://www.amazon.com/dp/B0052F1BVK?tag=eloabder-20&linkCode=osi&th=1&psc=1"><img src="https://m.media-amazon.com/images/I/41zE9eiGoLL._SL500_.jpg" alt="Product Image"></a><p>ACC Staples Large Binder Clips, 2" Width, 1" Capacity, Black, 12/Pk</p><p>$6.30</p><a href="https://www.amazon.com/dp/B0052F1BVK?tag=eloabder-20&linkCode=osi&th=1&psc=1">View Product</a></div><div class="product"><a href="https://www.amazon.com/dp/B07MLFR771?tag=eloabder-20&linkCode=osi&th=1&psc=1"><img src="https://m.media-amazon.com/images/I/51N2wxA7N0L._SL500_.jpg" alt="Product Image"></a><p>CooBigo 50 Pack Binder Ring, Metal Book Ring Paper Ring Holder 5/8-Inch Loose Leaf Binder Ring Clip for Index Card, Flash Card Ring, Card Calendar, Keychain Key Ring - Bronze</p><p>$6.99</p><a href="https://www.amazon.com/dp/B07MLFR771?tag=eloabder-20&linkCode=osi&th=1&psc=1">View Product</a></div><div class="product"><a href="https://www.amazon.com/dp/B01563NHGY?tag=eloabder-20&linkCode=osi&th=1&psc=1"><img src="https://m.media-amazon.com/images/I/41gj+0ZftqL._SL500_.jpg" alt="Product Image"></a><p>vanki Pack of 40 Cute Lovely Smiling Face Spring-Loaded File Organizer Paper Holder Metal Binder Clips, Assorted Color</p><p>$8.99</p><a href="https://www.amazon.com/dp/B01563NHGY?tag=eloabder-20&linkCode=osi&th=1&psc=1">View Product</a></div><div class="product"><a href="https://www.amazon.com/dp/B000GOUDSO?tag=eloabder-20&linkCode=osi&th=1&psc=1"><img src="https://m.media-amazon.com/images/I/41ZANISHgML._SL500_.jpg" alt="Product Image"></a><p>Small Binder Clips .75" 8/Pkg-Assorted Colors</p><p>$4.46</p><a href="https://www.amazon.com/dp/B000GOUDSO?tag=eloabder-20&linkCode=osi&th=1&psc=1">View Product</a></div>
<div class="product"><a href="https://www.amazon.com/dp/B07PRPX4VR?tag=eloabder-20&linkCode=osi&th=1&psc=1"><img src="https://m.media-amazon.com/images/I/41IMH12fdPL._SL500_.jpg" alt="Product Image"></a><p>Durable Sheet Lifters, Durable Easy Flow, 11" x 3", Lifts Sheets Over Rings and Protects Sheets from Tearing, Fit Standard 3-Ring Binders, Black (20 Pack)</p><p>$14.99</p><a href="https://www.amazon.com/dp/B07PRPX4VR?tag=eloabder-20&linkCode=osi&th=1&psc=1">View Product</a></div><div class="product"><a href="https://www.amazon.com/dp/B0CM8QJHFW?tag=eloabder-20&linkCode=osi&th=1&psc=1"><img src="https://m.media-amazon.com/images/I/31cJGS74oCL._SL500_.jpg" alt="Product Image"></a><p>Wantane D-Shaped Tape Storage Ring Tape Storage Ring 4" D-Shaped Washi Tape Storage Ring for DIY Decoration and Storage（Nickel）-2PCS</p><p>$7.99</p><a href="https://www.amazon.com/dp/B0CM8QJHFW?tag=eloabder-20&linkCode=osi&th=1&psc=1">View Product</a></div>
<div class="product"><a href="https://www.amazon.com/dp/B00006IAS3?tag=eloabder-20&linkCode=osi&th=1&psc=1"><img src="https://m.media-amazon.com/images/I/317DvSXhT1L._SL500_.jpg" alt="Product Image"></a><p>GBC Binding System, Manual, Desktop Binding Punch, 6 Sheet Punch Capacity, ProClick P50 (2515650)</p><p>$123.89</p><a href="https://www.amazon.com/dp/B00006IAS3?tag=eloabder-20&linkCode=osi&th=1&psc=1">View Product</a></div><div class="product"><a href="https://www.amazon.com/dp/B004BP81KQ?tag=eloabder-20&linkCode=osi&th=1&psc=1"><img src="https://m.media-amazon.com/images/I/51SqfeZ12KL._SL500_.jpg" alt="Product Image"></a><p>We R Memory Keepers Cinch Book Binding Wire (1-Inch, Silver (2 Pack))</p><p>$5.99</p><a href="https://www.amazon.com/dp/B004BP81KQ?tag=eloabder-20&linkCode=osi&th=1&psc=1">View Product</a></div>

<div class="product"><a href="https://www.amazon.com/dp/B0D3HPD7WP?tag=eloabder-20&linkCode=osi&th=1&psc=1"><img src="https://m.media-amazon.com/images/I/31KSmmAWUWL._SL500_.jpg" alt="Product Image"></a><p>50 Sheets Grey Cardstock Paper, Colored Printer Paper 8.5 x 11, Thick Construction Paper for Cards Making, Scrapbook，Office Printing, Invitations, Certificates，DIY Crafting 92 lb/250gsm</p><p>$9.99</p><a href="https://www.amazon.com/dp/B0D3HPD7WP?tag=eloabder-20&linkCode=osi&th=1&psc=1">View Product</a></div>
<div class="product"><a href="https://www.amazon.com/dp/B076CP6F36?tag=eloabder-20&linkCode=osi&th=1&psc=1"><img src="https://m.media-amazon.com/images/I/51rfEIvgI+L._SL500_.jpg" alt="Product Image"></a><p>Apple Barrel, Vibrant Spectrum Collection Acrylic Craft Paint, PROMOABIII, 2 fl oz each, 16 assorted matte colors, 16 count</p><p>$15.97 ($0.50 / Fl Oz)</p><a href="https://www.amazon.com/dp/B076CP6F36?tag=eloabder-20&linkCode=osi&th=1&psc=1">View Product</a></div><div class="product"><a href="https://www.amazon.com/dp/B0BKFLSYQF?tag=eloabder-20&linkCode=osi&th=1&psc=1"><img src="https://m.media-amazon.com/images/I/51a0PmPRknL._SL500_.jpg" alt="Product Image"></a><p>72 Pack Acrylic Paint Set, Shuttle Art 60 Colors Acrylic Paint Including Extra White Black & 12 Brushes, 2oz/60ml, Rich Pigmented, Water Proof, Ideal for Artists, Beginners on Canvas Rock Wood Ceramic</p><p>$45.99 ($23.00 / Fl Oz)</p><a href="https://www.amazon.com/dp/B0BKFLSYQF?tag=eloabder-20&linkCode=osi&th=1&psc=1">View Product</a></div><div class="product"><a href="https://www.amazon.com/dp/B08CB3JH79?tag=eloabder-20&linkCode=osi&th=1&psc=1"><img src="https://m.media-amazon.com/images/I/51OUZsFdnTL._SL500_.jpg" alt="Product Image"></a><p>Acrylic Paint Set of 36 Colors 2fl oz 60ml Bottles,Non Toxic 36 Colors Acrylic Paint No Fading Rich Pigment for Kids Adults Artists Canvas Crafts Wood Painting</p><p>$32.99 ($0.46 / Fl Oz)</p><a href="https://www.amazon.com/dp/B08CB3JH79?tag=eloabder-20&linkCode=osi&th=1&psc=1">View Product</a></div><div class="product"><a href="https://www.amazon.com/dp/B0018NBVKQ?tag=eloabder-20&linkCode=osi&th=1&psc=1"><img src="https://m.media-amazon.com/images/I/31YlSvZMTCL._SL500_.jpg" alt="Product Image"></a><p>Apple Barrel Acrylic Paint in Assorted Colors (8 Ounce), 20403 White</p><p>$2.67 ($0.33 / Fl Oz)</p><a href="https://www.amazon.com/dp/B0018NBVKQ?tag=eloabder-20&linkCode=osi&th=1&psc=1">View Product</a></div><div class="product"><a href="https://www.amazon.com/dp/B077WSBLZ1?tag=eloabder-20&linkCode=osi&th=1&psc=1"><img src="https://m.media-amazon.com/images/I/51KPkXpLn1L._SL500_.jpg" alt="Product Image"></a><p>Shuttle Art Acrylic Paint Set, 30 x12ml Tubes Artist Quality Non Toxic Rich Pigments Colors Great for Kids Adults Professional Painting on Rocks Canvas Wood Clay Fabric Ceramic Crafts</p><p>$12.99 ($1.08 / Fl Oz)</p><a href="https://www.amazon.com/dp/B077WSBLZ1?tag=eloabder-20&linkCode=osi&th=1&psc=1">View Product</a></div><div class="product"><a href="https://www.amazon.com/dp/B00889Z5Y6?tag=eloabder-20&linkCode=osi&th=1&psc=1"><img src="https://m.media-amazon.com/images/I/41MQjsyDbSL._SL500_.jpg" alt="Product Image"></a><p>Apple Barrel Acrylic Paint in Assorted Colors (2 oz), 20764, Apricot</p><p>$0.58 ($0.29 / Fl Oz)</p><a href="https://www.amazon.com/dp/B00889Z5Y6?tag=eloabder-20&linkCode=osi&th=1&psc=1">View Product</a></div><div class="product"><a href="https://www.amazon.com/dp/B09TWQD5ZL?tag=eloabder-20&linkCode=osi&th=1&psc=1"><img src="https://m.media-amazon.com/images/I/41B0L003QXL._SL500_.jpg" alt="Product Image"></a><p>Artkey Acrylic Paint Set - 24 colors 2 oz/59 ml Acrylic Paints Professional Artists Painting Kit for Canvases Fabric Rock Leather Easter Egg Wood Ceramic Glass Art Craft Painting</p><p>$19.99 ($0.42 / Fl Oz)</p><a href="https://www.amazon.com/dp/B09TWQD5ZL?tag=eloabder-20&linkCode=osi&th=1&psc=1">View Product</a></div><div class="product"><a href="https://www.amazon.com/dp/B07Z93LQDB?tag=eloabder-20&linkCode=osi&th=1&psc=1"><img src="https://m.media-amazon.com/images/I/51veoN6zK0L._SL500_.jpg" alt="Product Image"></a><p>Shuttle Art Acrylic Paint Set, 36 Colors Acrylic Paint with Brushes & Palette, 2oz Bottles, Rich Pigments Non-toxic Paint for Artists Kids & Adults, Art Supplies for Canvas Rock Ceramic Wood Painting</p><p>$27.99</p><a href="https://www.amazon.com/dp/B07Z93LQDB?tag=eloabder-20&linkCode=osi&th=1&psc=1">View Product</a></div><div class="product"><a href="https://www.amazon.com/dp/B002665SYY?tag=eloabder-20&linkCode=osi&th=1&psc=1"><img src="https://m.media-amazon.com/images/I/31sJJeWK6OS._SL500_.jpg" alt="Product Image"></a><p>Liquitex BASICS Acrylic Paint, 250ml (8.5-oz) Tube, Titanium White</p><p>$9.99 ($1.18 / Fl Oz)</p><a href="https://www.amazon.com/dp/B002665SYY?tag=eloabder-20&linkCode=osi&th=1&psc=1">View Product</a></div>
<div class="product"><a href="https://www.amazon.com/dp/B0CC98XLGL?tag=eloabder-20&linkCode=osi&th=1&psc=1"><img src="https://m.media-amazon.com/images/I/51ZLw+nThiL._SL500_.jpg" alt="Product Image"></a><p>HUIRUSO 4 Pack Double Sided Tape Roller, Scrapbook Supplies, Glue Tape Roller for Crafts, Double-Sided Adhesive Tape Runner for Scrapbooking, School Office Journaling Supplies (0.31 in X 26.25 ft)</p><p>$6.99 ($1.75 / Count)</p><a href="https://www.amazon.com/dp/B0CC98XLGL?tag=eloabder-20&linkCode=osi&th=1&psc=1">View Product</a></div><div class="product"><a href="https://www.amazon.com/dp/B007XAAE6K?tag=eloabder-20&linkCode=osi&th=1&psc=1"><img src="https://m.media-amazon.com/images/I/414qxYVR0wL._SL500_.jpg" alt="Product Image"></a><p>Scotch Double Sided Tape Runner, 1-Pack, 0.27 in x 26 ft., Perfect for Holiday Crafts, Gifts, and More</p><p>$4.47</p><a href="https://www.amazon.com/dp/B007XAAE6K?tag=eloabder-20&linkCode=osi&th=1&psc=1">View Product</a></div><div class="product"><a href="https://www.amazon.com/dp/B0BZVGPFSK?tag=eloabder-20&linkCode=osi&th=1&psc=1"><img src="https://m.media-amazon.com/images/I/51-ue9+7JkL._SL500_.jpg" alt="Product Image"></a><p>Birllaid Double Sided Tape for Walls, Picture Hanging Strips Removable Mounting Dots Adhesive Heavy Duty, Removable for Art Craft, Decoration, Party Supplies, Multipurpose</p><p>$11.99</p><a href="https://www.amazon.com/dp/B0BZVGPFSK?tag=eloabder-20&linkCode=osi&th=1&psc=1">View Product</a></div><div class="product"><a href="https://www.amazon.com/dp/B0CGVN9SL1?tag=eloabder-20&linkCode=osi&th=1&psc=1"><img src="https://m.media-amazon.com/images/I/41Hy+i4CnoL._SL500_.jpg" alt="Product Image"></a><p>30Ft x 1 Inch Hook and Loop Strips with Adhesive,Double Rolls of Heavy Duty Self Adhesive Tape with Backing, Nylon Self Adhesive Tape for Home Office School and Crafting,White</p><p>$9.99</p><a href="https://www.amazon.com/dp/B0CGVN9SL1?tag=eloabder-20&linkCode=osi&th=1&psc=1">View Product</a></div><div class="product"><a href="https://www.amazon.com/dp/B07Y3VDPLF?tag=eloabder-20&linkCode=osi&th=1&psc=1"><img src="https://m.media-amazon.com/images/I/41cyKQ2OMuL._SL500_.jpg" alt="Product Image"></a><p>Melsan 1x4 inch Hook and Loop Strips with Adhesive - 15 Sets, Strong Back Adhesive Fasten Mounting Tape for Home or Office Use - Instead of Holes and Screws, Black</p><p>$7.82</p><a href="https://www.amazon.com/dp/B07Y3VDPLF?tag=eloabder-20&linkCode=osi&th=1&psc=1">View Product</a></div><div class="product"><a href="https://www.amazon.com/dp/B07V57VJT5?tag=eloabder-20&linkCode=osi&th=1&psc=1"><img src="https://m.media-amazon.com/images/I/514JO3bvl3L._SL500_.jpg" alt="Product Image"></a><p>XFasten Adhesive Roller for Scrapbooking, 8mm x 30ft 4-Pack Double Sided Glue Tape Roller, Scrapbook Supplies for Adults, Photo Tape for Scrapbooking</p><p>$9.99 ($2.50 / Count)</p><a href="https://www.amazon.com/dp/B07V57VJT5?tag=eloabder-20&linkCode=osi&th=1&psc=1">View Product</a></div><div class="product"><a href="https://www.amazon.com/dp/B07JLTGQHX?tag=eloabder-20&linkCode=osi&th=1&psc=1"><img src="https://m.media-amazon.com/images/I/51Eqfo7kUZL._SL500_.jpg" alt="Product Image"></a><p>UPINS 120 Pack Double Sided Foam Tape Square Self-Adhesive Foam Tape Black Strong Tape Pads for DIY Art Crafts Supplies</p><p>$9.99 ($0.08 / Count)</p><a href="https://www.amazon.com/dp/B07JLTGQHX?tag=eloabder-20&linkCode=osi&th=1&psc=1">View Product</a></div><div class="product"><a href="https://www.amazon.com/dp/B005FM6XF4?tag=eloabder-20&linkCode=osi&th=1&psc=1"><img src="https://m.media-amazon.com/images/I/51-vp1WJ89L._SL500_.jpg" alt="Product Image"></a><p>AdTech 5603 Permanent Crafter's Tape, 0.31" x 315", Pack of 4</p><p>$7.84 ($0.07 / Foot)</p><a href="https://www.amazon.com/dp/B005FM6XF4?tag=eloabder-20&linkCode=osi&th=1&psc=1">View Product</a></div><div class="product"><a href="https://www.amazon.com/dp/B0CJF1FLFJ?tag=eloabder-20&linkCode=osi&th=1&psc=1"><img src="https://m.media-amazon.com/images/I/51dig1RqzdL._SL500_.jpg" alt="Product Image"></a><p>UPINS 150Pack Double Sided Foam Tape Strong Sticky Double Sided Foam Pads for Crafts Self-Adhesive Mounting Foam Tape Heavy Duty for Home Wall Decor 40 * 40 * 2mm</p><p>$8.99 ($0.06 / Count)</p><a href="https://www.amazon.com/dp/B0CJF1FLFJ?tag=eloabder-20&linkCode=osi&th=1&psc=1">View Product</a></div><div class="product"><a href="https://www.amazon.com/dp/B0D4YWRGCL?tag=eloabder-20&linkCode=osi&th=1&psc=1"><img src="https://m.media-amazon.com/images/I/41EqJ553-KL._SL500_.jpg" alt="Product Image"></a><p>Amanbo Glue Tape for Scrapbooking, 6 Pack Scrapbook Tape, Double Sided Tape Roller for Crafts, Total 120 Ft x 0.24 in Tape Runner, Craft Supplies for Scrapbooking, Gift Wrapping and Photo Tape</p><p>$6.99</p><a href="https://www.amazon.com/dp/B0D4YWRGCL?tag=eloabder-20&linkCode=osi&th=1&psc=1">View Product</a></div>
<div class="product"><a href="https://www.amazon.com/dp/B0CC5HPPTN?tag=eloabder-20&linkCode=osi&th=1&psc=1"><img src="https://m.media-amazon.com/images/I/519M81S201L._SL500_.jpg" alt="Product Image"></a><p>Airbrush Paint - 30 Colors with 3 Thinner, Ready to Spray Airbrush Paint Set, Water-Based Acrylic Air brush Paints for Metal, Plastic Models, Canvas, Wood, 20ml/Bottle</p><p>$32.99 ($1.48 / Fl Oz)</p><a href="https://www.amazon.com/dp/B0CC5HPPTN?tag=eloabder-20&linkCode=osi&th=1&psc=1">View Product</a></div>
<div class="product"><a href="https://www.amazon.com/dp/B0CXPSGK36?tag=eloabder-20&linkCode=osi&th=1&psc=1"><img src="https://m.media-amazon.com/images/I/51dd2dYOtrL._SL500_.jpg" alt="Product Image"></a><p>Letter Stickers 30 Sheets 1500 PCS Large Alphabet Sticker 2 Inch Vinyl Self Adhesive Stick on Stickers for Water Bottles Cup Mailbox Number Address Craft Scrapbooking Bulletin Board Decor Multicolor</p><p>$9.99</p><a href="https://www.amazon.com/dp/B0CXPSGK36?tag=eloabder-20&linkCode=osi&th=1&psc=1">View Product</a></div><div class="product"><a href="https://www.amazon.com/dp/B07NNYFMGY?tag=eloabder-20&linkCode=osi&th=1&psc=1"><img src="https://m.media-amazon.com/images/I/51yDnU+gEXL._SL500_.jpg" alt="Product Image"></a><p>20 Sheets Alphabet Letter Stickers 10 Colors Self Adhesive Sticker Colorful PU Material Convex Feeling (Colored Letter Stickers 1)</p><p>$6.99 ($0.35 / Count)</p><a href="https://www.amazon.com/dp/B07NNYFMGY?tag=eloabder-20&linkCode=osi&th=1&psc=1">View Product</a></div>

<div class="product"><a href="https://www.amazon.com/dp/B01DDN8854?tag=eloabder-20&linkCode=osi&th=1&psc=1"><img src="https://m.media-amazon.com/images/I/61dPubDZBSL._SL500_.jpg" alt="Product Image"></a><p>Hugs 'n Kisses HNKHABY13 Applique Paper (20 Pack)</p><p>$19.72 ($0.99 / Count)</p><a href="https://www.amazon.com/dp/B01DDN8854?tag=eloabder-20&linkCode=osi&th=1&psc=1">View Product</a></div>
<div class="product"><a href="https://www.amazon.com/dp/B09KPNFJW1?tag=eloabder-20&linkCode=osi&th=1&psc=1"><img src="https://m.media-amazon.com/images/I/41abn5fELmL._SL500_.jpg" alt="Product Image"></a><p>UniPleased Disposable Aprons (50 Count), Plastic apron for Painting Party, Cooking, Housework, Picnic etc.</p><p>$5.69</p><a href="https://www.amazon.com/dp/B09KPNFJW1?tag=eloabder-20&linkCode=osi&th=1&psc=1">View Product</a></div>
<div class="product"><a href="https://www.amazon.com/dp/B087M21MM2?tag=eloabder-20&linkCode=osi&th=1&psc=1"><img src="https://m.media-amazon.com/images/I/41Xf-jehhLL._SL500_.jpg" alt="Product Image"></a><p>GOTIDEAL Stretched Canvas, Multi Pack 4x4, 5x7, 8x10,9x12, 11x14 Set of 10, Primed White - 100% Cotton Artist Canvas Boards for Painting, Acrylic Pouring, Oil Paint Dry & Wet Art Media</p><p>$24.99</p><a href="https://www.amazon.com/dp/B087M21MM2?tag=eloabder-20&linkCode=osi&th=1&psc=1">View Product</a></div><div class="product"><a href="https://www.amazon.com/dp/B00OQJYISG?tag=eloabder-20&linkCode=osi&th=1&psc=1"><img src="https://m.media-amazon.com/images/I/31fEDLPkkcL._SL500_.jpg" alt="Product Image"></a><p>6 Count 12” x 16” Super Value Canvas by Artist's Loft Necessities - Acid Free Cotton Canvas for Paint, Acrylic, & Oils - 1 Pack</p><p>$19.99</p><a href="https://www.amazon.com/dp/B00OQJYISG?tag=eloabder-20&linkCode=osi&th=1&psc=1">View Product</a></div><div class="product"><a href="https://www.amazon.com/dp/B09CDKB9HY?tag=eloabder-20&linkCode=osi&th=1&psc=1"><img src="https://m.media-amazon.com/images/I/51+p5xnClGL._SL500_.jpg" alt="Product Image"></a><p>DPDIAN Canvas Boards for Painting 40 Pack, 8 inch x 10 inch Super Value Pack, Artist Canvas Panels for Oil & Acrylic Painting</p><p>$29.99</p><a href="https://www.amazon.com/dp/B09CDKB9HY?tag=eloabder-20&linkCode=osi&th=1&psc=1">View Product</a></div><div class="product"><a href="https://www.amazon.com/dp/B0CFBGP29G?tag=eloabder-20&linkCode=osi&th=1&psc=1"><img src="https://m.media-amazon.com/images/I/3147Az5plbL._SL500_.jpg" alt="Product Image"></a><p>ArtSkills Stretched Canvases for Painting, 12x16 Canvas Painting Supplies for Artists, Blank Canvas Pack, 2-Pack</p><p>$16.99</p><a href="https://www.amazon.com/dp/B0CFBGP29G?tag=eloabder-20&linkCode=osi&th=1&psc=1">View Product</a></div><div class="product"><a href="https://www.amazon.com/dp/B07BNGQ1SS?tag=eloabder-20&linkCode=osi&th=1&psc=1"><img src="https://m.media-amazon.com/images/I/410ZVtygUwS._SL500_.jpg" alt="Product Image"></a><p>PHOENIX Stretched Canvas for Painting 8x10 Inch/10 Value Pack, 8 Oz Triple Primed 5/8 Inch Profile 100% Cotton White Blank Canvas, Artist Framed Canvas for Oil Acrylic & Pouring Art</p><p>$22.99</p><a href="https://www.amazon.com/dp/B07BNGQ1SS?tag=eloabder-20&linkCode=osi&th=1&psc=1">View Product</a></div><div class="product"><a href="https://www.amazon.com/dp/B0922JP1H4?tag=eloabder-20&linkCode=osi&th=1&psc=1"><img src="https://m.media-amazon.com/images/I/41BmiEND1KL._SL500_.jpg" alt="Product Image"></a><p>GOTIDEAL Canvases for Painting, 18 Pack Canvas Boards Multipack 4x4, 5x7, 8x10, 9x12,11x14,Primed White Blank Artist Canvas Variety Pack for Acrylic Paint, Oil Paint, Watercolor, Gouache</p><p>$19.99</p><a href="https://www.amazon.com/dp/B0922JP1H4?tag=eloabder-20&linkCode=osi&th=1&psc=1">View Product</a></div>


<div class="product"><a href="https://www.amazon.com/dp/B0872VFHBH?tag=eloabder-20&linkCode=osi&th=1&psc=1"><img src="https://m.media-amazon.com/images/I/51k3bekQheS._SL500_.jpg" alt="Product Image"></a><p>Bachmore Drawing Pad 9X12 Inch (110lb/180g), 60 Sheets, Top Spiral Bound Multi-Media for Artist Pro & Amateurs | Acrylic Art, Ink, Paint, Oil Pastels,Watercolor Mixed Media Sketch</p><p>$11.99</p><a href="https://www.amazon.com/dp/B0872VFHBH?tag=eloabder-20&linkCode=osi&th=1&psc=1">View Product</a></div><div class="product"><a href="https://www.amazon.com/dp/B0027A75A4?tag=eloabder-20&linkCode=osi&th=1&psc=1"><img src="https://m.media-amazon.com/images/I/51dyOxxcgYL._SL500_.jpg" alt="Product Image"></a><p>Strathmore 200 Series Sketch Pad, 9x12 inch, 100 Sheets, Tape Bound - Artist Sketchbook for Drawing, Illustration, Art Class Students</p><p>$6.99 ($0.07 / Count)</p><a href="https://www.amazon.com/dp/B0027A75A4?tag=eloabder-20&linkCode=osi&th=1&psc=1">View Product</a></div><div class="product"><a href="https://www.amazon.com/dp/B0BV13YQKX?tag=eloabder-20&linkCode=osi&th=1&psc=1"><img src="https://m.media-amazon.com/images/I/41VYfMpvXUL._SL500_.jpg" alt="Product Image"></a><p>Canson Graduate Watercolor Pad, Foldover, 9x12 inch, 20 Sheets | Artist Paper for Adults and Students - Painting, Gouache, Mixed Media and Ink</p><p>$4.97 ($0.41 / Count)</p><a href="https://www.amazon.com/dp/B0BV13YQKX?tag=eloabder-20&linkCode=osi&th=1&psc=1">View Product</a></div><div class="product"><a href="https://www.amazon.com/dp/B0024KMQ6K?tag=eloabder-20&linkCode=osi&th=1&psc=1"><img src="https://m.media-amazon.com/images/I/51sYdvPPUCL._SL500_.jpg" alt="Product Image"></a><p>Strathmore 400 Series Pastel Pad, Assorted Colors, 9"x12" Glue Bound, 24 Sheets</p><p>$9.11</p><a href="https://www.amazon.com/dp/B0024KMQ6K?tag=eloabder-20&linkCode=osi&th=1&psc=1">View Product</a></div><div class="product"><a href="https://www.amazon.com/dp/B00246O6PI?tag=eloabder-20&linkCode=osi&th=1&psc=1"><img src="https://m.media-amazon.com/images/I/517TUmckOIL._SL500_.jpg" alt="Product Image"></a><p>Strathmore 300 Series Drawing Paper Pad, Top Wire Bound, 11x14 inches, 50 Sheets (70lb/114g) - Artist Paper for Adults and Students - Charcoal, Colored Pencil, Ink, Pastel, Marker</p><p>$13.33</p><a href="https://www.amazon.com/dp/B00246O6PI?tag=eloabder-20&linkCode=osi&th=1&psc=1">View Product</a></div>
<div class="product"><a href="https://www.amazon.com/dp/B08ZMH7LJY?tag=eloabder-20&linkCode=osi&th=1&psc=1"><img src="https://m.media-amazon.com/images/I/51mJIsLJA-S._SL500_.jpg" alt="Product Image"></a><p>PANDAFLY Professional Drawing Sketching Pencil Set - 12 Pieces Graphite Pencils(14B - 2H), Ideal for Drawing Art, Sketching, Shading, Artist Pencils for Beginners & Pro Artists</p><p>$5.11</p><a href="https://www.amazon.com/dp/B08ZMH7LJY?tag=eloabder-20&linkCode=osi&th=1&psc=1">View Product</a></div><div class="product"><a href="https://www.amazon.com/dp/B088K1G5NL?tag=eloabder-20&linkCode=osi&th=1&psc=1"><img src="https://m.media-amazon.com/images/I/51F2bOMZWnL._SL500_.jpg" alt="Product Image"></a><p>MARKART Professional Drawing Sketching Pencil Set - 14 Pieces,Graphite,(12B - 4H), Ideal for Drawing Art, Sketching, Shading, Artist Pencils for Beginners & Pro Artists</p><p>$5.24</p><a href="https://www.amazon.com/dp/B088K1G5NL?tag=eloabder-20&linkCode=osi&th=1&psc=1">View Product</a></div><div class="product"><a href="https://www.amazon.com/dp/B08FHMRW4L?tag=eloabder-20&linkCode=osi&th=1&psc=1"><img src="https://m.media-amazon.com/images/I/51Pmn5gjyzL._SL500_.jpg" alt="Product Image"></a><p>Mr. Pen- Sketch Pencils for Drawing, 14 Pack, Drawing Pencils, Art Pencils, Graphite Pencils, Graphite Pencils for Drawing, Art Pencils for Drawing and Shading</p><p>$5.95</p><a href="https://www.amazon.com/dp/B08FHMRW4L?tag=eloabder-20&linkCode=osi&th=1&psc=1">View Product</a></div><div class="product"><a href="https://www.amazon.com/dp/B0BNQ58DC4?tag=eloabder-20&linkCode=osi&th=1&psc=1"><img src="https://m.media-amazon.com/images/I/51e-gQtCcCL._SL500_.jpg" alt="Product Image"></a><p>MARTCOLOR Drawing Sketching Pencils Set, 12 Pack Graphite Pencils(14B - 2H), Ideal for Drawing Art, Sketching, Shading, Artist Pencils for Beginners & Pro Artists</p><p>$5.99</p><a href="https://www.amazon.com/dp/B0BNQ58DC4?tag=eloabder-20&linkCode=osi&th=1&psc=1">View Product</a></div>

<div class="product"><a href="https://www.amazon.com/dp/B0851M3749?tag=eloabder-20&linkCode=osi&th=1&psc=1"><img src="https://m.media-amazon.com/images/I/41KKSGSDl5L._SL500_.jpg" alt="Product Image"></a><p>N NOROCME 12 PCS Blending Stumps and Tortillions Paper Art Blenders with Sandpaper Pencil Sharpener Pointer for Student Artist Charcoal Sketch Drawing Tools</p><p>$4.99</p><a href="https://www.amazon.com/dp/B0851M3749?tag=eloabder-20&linkCode=osi&th=1&psc=1">View Product</a></div><div class="product"><a href="https://www.amazon.com/dp/B09J3HKN8F?tag=eloabder-20&linkCode=osi&th=1&psc=1"><img src="https://m.media-amazon.com/images/I/51Qvx81eQLL._SL500_.jpg" alt="Product Image"></a><p>Eraser Pencils Set for Artists, Wooden Sketch Eraser Pen for Charcoal Drawings, Professional Highlight Painting Eraser for Sketching, Revise Erasing Details for Students Limner</p><p>$6.99</p><a href="https://www.amazon.com/dp/B09J3HKN8F?tag=eloabder-20&linkCode=osi&th=1&psc=1">View Product</a></div>
<div class="product"><a href="https://www.amazon.com/dp/B09WCQ89T8?tag=eloabder-20&linkCode=osi&th=1&psc=1"><img src="https://m.media-amazon.com/images/I/41gZz0qgBFL._SL500_.jpg" alt="Product Image"></a><p>Bernat BABY BLANKET BB Blue Dreams Yarn - 1 Pack of 10.5oz/300g - Polyester - #6 Super Bulky - 220 Yards - Knitting/Crochet</p><p>$6.97</p><a href="https://www.amazon.com/dp/B09WCQ89T8?tag=eloabder-20&linkCode=osi&th=1&psc=1">View Product</a></div><div class="product"><a href="https://www.amazon.com/dp/B07V5JVNFD?tag=eloabder-20&linkCode=osi&th=1&psc=1"><img src="https://m.media-amazon.com/images/I/41IS+HdtiOL._SL500_.jpg" alt="Product Image"></a><p>Lion Brand Yarn Basic Stitch Anti-Pilling Knitting Yarn, Yarn for Crocheting, 1-Pack, Baby Blue</p><p>$8.40 ($0.02 / Foot)</p><a href="https://www.amazon.com/dp/B07V5JVNFD?tag=eloabder-20&linkCode=osi&th=1&psc=1">View Product</a></div><div class="product"><a href="https://www.amazon.com/dp/B01M0AJID2?tag=eloabder-20&linkCode=osi&th=1&psc=1"><img src="https://m.media-amazon.com/images/I/41yVau0AUpL._SL500_.jpg" alt="Product Image"></a><p>Lion Brand Yarn (1 Skein) Lion Brand Yarn Babysoft Baby Yarn Yarn, Little Boy Blue Multicolor</p><p>$7.19 ($0.01 / Foot)</p><a href="https://www.amazon.com/dp/B01M0AJID2?tag=eloabder-20&linkCode=osi&th=1&psc=1">View Product</a></div><div class="product"><a href="https://www.amazon.com/dp/B09W1KHF42?tag=eloabder-20&linkCode=osi&th=1&psc=1"><img src="https://m.media-amazon.com/images/I/41maDlrio5L._SL500_.jpg" alt="Product Image"></a><p>Red Heart Super Saver Light Blue Yarn - 3 Pack of 198g/7oz - Acrylic - 4 Medium (Worsted) - 364 Yards - Knitting/Crochet</p><p>$13.29 ($4.43 / Count)</p><a href="https://www.amazon.com/dp/B09W1KHF42?tag=eloabder-20&linkCode=osi&th=1&psc=1">View Product</a></div><div class="product"><a href="https://www.amazon.com/dp/B08LKVZ3CX?tag=eloabder-20&linkCode=osi&th=1&psc=1"><img src="https://m.media-amazon.com/images/I/41GLizNx8UL._SL500_.jpg" alt="Product Image"></a><p>Bernat Baby Blanket Baby Blue Yarn - 3 Pack of 100g/3.5oz - Polyester - 6 Super Bulky - 72 Yards - Knitting/Crochet</p><p>$21.81</p><a href="https://www.amazon.com/dp/B08LKVZ3CX?tag=eloabder-20&linkCode=osi&th=1&psc=1">View Product</a></div><div class="product"><a href="https://www.amazon.com/dp/B0CHJ95WHJ?tag=eloabder-20&linkCode=osi&th=1&psc=1"><img src="https://m.media-amazon.com/images/I/314E1EQdihL._SL500_.jpg" alt="Product Image"></a><p>NORCIA Soft Velvet Yarn Chenille Yarn for Crocheting Baby Blanket Yarn for Knitting Amigurumi Yarn Fancy Yarn for Crochet Weaving Craft (Baby Blue, 1 Skein)</p><p>$9.99</p><a href="https://www.amazon.com/dp/B0CHJ95WHJ?tag=eloabder-20&linkCode=osi&th=1&psc=1">View Product</a></div>
<div class="product"><a href="https://www.amazon.com/dp/B0779F2TXJ?tag=eloabder-20&linkCode=osi&th=1&psc=1"><img src="https://m.media-amazon.com/images/I/31kqZr8DJzL._SL500_.jpg" alt="Product Image"></a><p>OPENDGO Feather Ballpoint Pen ，Black Ink Vintage Feather Quill Refined Plated Rod Quill Ballpoint Pen For School Writing ▏Wedding Gift Signature Pen (Black)</p><p>$6.97</p><a href="https://www.amazon.com/dp/B0779F2TXJ?tag=eloabder-20&linkCode=osi&th=1&psc=1">View Product</a></div><div class="product"><a href="https://www.amazon.com/dp/B0CQF3BJ3S?tag=eloabder-20&linkCode=osi&th=1&psc=1"><img src="https://m.media-amazon.com/images/I/41gs6AOiP6L._SL500_.jpg" alt="Product Image"></a><p>3 in 1 Retractable Ballpoint Pen with Light and Stylus, Nice Pens for Journaling Writing in The Dark - White/Red Light Tip- 0.7mm Black Ink</p><p>$12.99</p><a href="https://www.amazon.com/dp/B0CQF3BJ3S?tag=eloabder-20&linkCode=osi&th=1&psc=1">View Product</a></div><div class="product"><a href="https://www.amazon.com/dp/B08BBZ3B8G?tag=eloabder-20&linkCode=osi&th=1&psc=1"><img src="https://m.media-amazon.com/images/I/41cMHyw60wL._SL500_.jpg" alt="Product Image"></a><p>Mr. Pen- Pens, Black Pens, 12 Pack, Fast Dry, No Smear Pens, Bible Pens, Pens for Journaling, Pens No Bleed Through, Pens Fine Point, Journal Pens, Fine Tip, Planner Pens, Ball Point Journal Pens</p><p>$9.99</p><a href="https://www.amazon.com/dp/B08BBZ3B8G?tag=eloabder-20&linkCode=osi&th=1&psc=1">View Product</a></div><div class="product"><a href="https://www.amazon.com/dp/B0D4YWWGX6?tag=eloabder-20&linkCode=osi&th=1&psc=1"><img src="https://m.media-amazon.com/images/I/31xHBCCzJqL._SL500_.jpg" alt="Product Image"></a><p>PATIKIL 21cm/8" Feather Ballpoint Pen, 1Pcs Ink Vintage Quill Pen Refined Plated Dip Pen for Calligraphy Writing Signature Wedding Gift, Yellow</p><p>$7.49</p><a href="https://www.amazon.com/dp/B0D4YWWGX6?tag=eloabder-20&linkCode=osi&th=1&psc=1">View Product</a></div>

<div class="product"><a href="https://www.amazon.com/dp/B001TLDEVQ?tag=eloabder-20&linkCode=osi&th=1&psc=1"><img src="https://m.media-amazon.com/images/I/41jYF39F6lL._SL500_.jpg" alt="Product Image"></a><p>Beadalon SuppleMax Illusion Beading Cord, 0.40 mm / 0.016 in, Clear Monofilament, 50 m / 164 ft</p><p>$4.74</p><a href="https://www.amazon.com/dp/B001TLDEVQ?tag=eloabder-20&linkCode=osi&th=1&psc=1">View Product</a></div><div class="product"><a href="https://www.amazon.com/dp/B0D2HVFZ7Q?tag=eloabder-20&linkCode=osi&th=1&psc=1"><img src="https://m.media-amazon.com/images/I/41R66LMYz7L._SL500_.jpg" alt="Product Image"></a><p>Zxiixz 116Yards 0.5mm Bracelet String, Waxed String Cord for Bracelet Making, Beading Thread for Bracelet Beads, Friendship Bracelet String for Bracelet Making, Waxed Polyester Cord for Jewelry Making</p><p>$6.99</p><a href="https://www.amazon.com/dp/B0D2HVFZ7Q?tag=eloabder-20&linkCode=osi&th=1&psc=1">View Product</a></div><div class="product"><a href="https://www.amazon.com/dp/B07BNF8KH5?tag=eloabder-20&linkCode=osi&th=1&psc=1"><img src="https://m.media-amazon.com/images/I/51jVByheyVL._SL500_.jpg" alt="Product Image"></a><p>PH PandaHall 100 Yards 1mm Waxed Cotton Cord Thread Beading String for Bracelet Necklace Making Crafting Beading Macrame Vase Decor, Burlywood</p><p>$7.19 ($0.02 / Foot)</p><a href="https://www.amazon.com/dp/B07BNF8KH5?tag=eloabder-20&linkCode=osi&th=1&psc=1">View Product</a></div><div class="product"><a href="https://www.amazon.com/dp/B07HBPGXJG?tag=eloabder-20&linkCode=osi&th=1&psc=1"><img src="https://m.media-amazon.com/images/I/41xi8gO6kDL._SL500_.jpg" alt="Product Image"></a><p>Paxcoo 0.8mm Elastic String, Stretchy Bracelet String Crystal String Bead Cord for Bracelet, Beading and Jewelry Making (120m)</p><p>$6.99 ($0.02 / Foot)</p><a href="https://www.amazon.com/dp/B07HBPGXJG?tag=eloabder-20&linkCode=osi&th=1&psc=1">View Product</a></div><div class="product"><a href="https://www.amazon.com/dp/B0CNPST7D9?tag=eloabder-20&linkCode=osi&th=1&psc=1"><img src="https://m.media-amazon.com/images/I/41A9VISFC4L._SL500_.jpg" alt="Product Image"></a><p>Kblick Black Nylon String Cord - 1MM 100 Yards Black Twine, Bracelet String for Bracelet Making, Braided Ornament Lanyard Sting, Jewelry Thread Clay Bead String for Crafts, Macrame Satin Cord</p><p>$5.99 ($0.02 / Foot)</p><a href="https://www.amazon.com/dp/B0CNPST7D9?tag=eloabder-20&linkCode=osi&th=1&psc=1">View Product</a></div><div class="product"><a href="https://www.amazon.com/dp/B08GC3JF9X?tag=eloabder-20&linkCode=osi&th=1&psc=1"><img src="https://m.media-amazon.com/images/I/41FQZYhvQpL._SL500_.jpg" alt="Product Image"></a><p>Cheriswelry 100M 0.8mm Nylon Beading Cord Black Chinese Knotting Rattail Macrame Thread String Roll for Jewelry Making Kumihimo Wrapping Supplies DIY Crafts</p><p>$6.99 ($0.02 / Fl Oz)</p><a href="https://www.amazon.com/dp/B08GC3JF9X?tag=eloabder-20&linkCode=osi&th=1&psc=1">View Product</a></div><div class="product"><a href="https://www.amazon.com/dp/B0B3V9RWQC?tag=eloabder-20&linkCode=osi&th=1&psc=1"><img src="https://m.media-amazon.com/images/I/41F-OP+yCxL._SL500_.jpg" alt="Product Image"></a><p>Griffin Silk Bead Cord Perlseide – Black Color – Size 3 (0.50mm) – 2 Meters per Card – Stainless Steel Needle Attached – for Knotting Pearls, Gemstones, Crystals and Beads</p><p>$4.99 ($0.76 / Foot)</p><a href="https://www.amazon.com/dp/B0B3V9RWQC?tag=eloabder-20&linkCode=osi&th=1&psc=1">View Product</a></div><div class="product"><a href="https://www.amazon.com/dp/B08F49YVQP?tag=eloabder-20&linkCode=osi&th=1&psc=1"><img src="https://m.media-amazon.com/images/I/41yCMIpj0rS._SL500_.jpg" alt="Product Image"></a><p>1mm Stretchy Bracelet String, Sturdy Rainbow Elastic String Elastic Cord for Jewelry Making, Necklaces, Beading and Crafts</p><p>$6.99 ($0.04 / Foot)</p><a href="https://www.amazon.com/dp/B08F49YVQP?tag=eloabder-20&linkCode=osi&th=1&psc=1">View Product</a></div>

<div class="product"><a href="https://www.amazon.com/dp/B001GMUBJ6?tag=eloabder-20&linkCode=osi&th=1&psc=1"><img src="https://m.media-amazon.com/images/I/41V5qzn3H5L._SL500_.jpg" alt="Product Image"></a><p>The Beadsmith Fireline by Berkley – Micro-Fused Braided Thread – 6lb. Test, 006”/.15mm Diameter, 50 Yard Spool, Crystal Color – Super Strong Stringing Material for Jewelry Making and Bead Weaving</p><p>$12.59</p><a href="https://www.amazon.com/dp/B001GMUBJ6?tag=eloabder-20&linkCode=osi&th=1&psc=1">View Product</a></div><div class="product"><a href="https://www.amazon.com/dp/B001UAKK0Y?tag=eloabder-20&linkCode=osi&th=1&psc=1"><img src="https://m.media-amazon.com/images/I/41rY1D0wfuL._SL500_.jpg" alt="Product Image"></a><p>Beadalon Wildfire, 0.006 in, 0.15 mm, Break Strength 10 lb / 4.5 kg, Frost, 50 yd / 45 m</p><p>$8.85 ($0.06 / Foot)</p><a href="https://www.amazon.com/dp/B001UAKK0Y?tag=eloabder-20&linkCode=osi&th=1&psc=1">View Product</a></div><div class="product"><a href="https://www.amazon.com/dp/B095WY58F4?tag=eloabder-20&linkCode=osi&th=1&psc=1"><img src="https://m.media-amazon.com/images/I/41mXRfJqcjL._SL500_.jpg" alt="Product Image"></a><p>PH PandaHall 0.1mm Nylon Seed Bead Thread 100 Yards Black White Bracelet Cord Beading Thread Invisible Sewing Thread Nylon Braided Thread String for Leather Stitching Beading Jewelry Bracelets Making</p><p>$9.99 ($0.03 / Foot)</p><a href="https://www.amazon.com/dp/B095WY58F4?tag=eloabder-20&linkCode=osi&th=1&psc=1">View Product</a></div><div class="product"><a href="https://www.amazon.com/dp/B08RN2R2SZ?tag=eloabder-20&linkCode=osi&th=1&psc=1"><img src="https://m.media-amazon.com/images/I/41Tg2MMC++L._SL500_.jpg" alt="Product Image"></a><p>KO Nylon Beading Thread, White Color, Japanese Pre-Waxed 100% Nylon, 330TEX, Tangle Resistant Knotting Cords, 50m /55 yds Spool, Use for Seed Bead Projects, Loom Work & Bead Weaving</p><p>$7.06 ($0.04 / Foot)</p><a href="https://www.amazon.com/dp/B08RN2R2SZ?tag=eloabder-20&linkCode=osi&th=1&psc=1">View Product</a></div><div class="product"><a href="https://www.amazon.com/dp/B09J89ST79?tag=eloabder-20&linkCode=osi&th=1&psc=1"><img src="https://m.media-amazon.com/images/I/41hLuuOZeXL._SL500_.jpg" alt="Product Image"></a><p>2 Roll Polyester Thread, Heavy Duty Thread, 1500Yard/Reel 210D/3 nylon thread for sewing, Sewing Thread for Upholstery, Outdoor Market, Drapery, Leather, Beading, Crafts</p><p>$7.99 ($0.00 / Foot)</p><a href="https://www.amazon.com/dp/B09J89ST79?tag=eloabder-20&linkCode=osi&th=1&psc=1">View Product</a></div><div class="product"><a href="https://www.amazon.com/dp/B0C6MSY7QQ?tag=eloabder-20&linkCode=osi&th=1&psc=1"><img src="https://m.media-amazon.com/images/I/31Bn-MyA62L._SL500_.jpg" alt="Product Image"></a><p>PH PandaHall 0.1mm Nylon String 100 Yards Beading Thread White Nylon Seed Bead Thread Bracelet Beading Thread Sewing String for Leather Stitching Beading Jewelry Bracelets Making</p><p>$7.99 ($0.03 / Foot)</p><a href="https://www.amazon.com/dp/B0C6MSY7QQ?tag=eloabder-20&linkCode=osi&th=1&psc=1">View Product</a></div>

<div class="product"><a href="https://www.amazon.com/dp/B07NMNDT1W?tag=eloabder-20&linkCode=osi&th=1&psc=1"><img src="https://m.media-amazon.com/images/I/41-zwQIcVcL._SL500_.jpg" alt="Product Image"></a><p>Howemon White Beeswax Pellets 2LB 100% Pure and Natural Triple Filtered for Skin, Face, Body and Hair Care DIY Creams, Lotions, Lip Balm and Soap Making Supplies</p><p>$13.99 ($0.44 / Fl Oz)</p><a href="https://www.amazon.com/dp/B07NMNDT1W?tag=eloabder-20&linkCode=osi&th=1&psc=1">View Product</a></div><div class="product"><a href="https://www.amazon.com/dp/B00B3U0FW4?tag=eloabder-20&linkCode=osi&th=1&psc=1"><img src="https://m.media-amazon.com/images/I/51rWFCST+TL._SL500_.jpg" alt="Product Image"></a><p>Beesworks Yellow Beeswax Pellets (1 lb) | 100% Pure, Cosmetic Grade, Triple-Filtered Beeswax for DIY Skin care, Lip Balm, Lotion, and Candle Making</p><p>$13.99 ($0.87 / Ounce)</p><a href="https://www.amazon.com/dp/B00B3U0FW4?tag=eloabder-20&linkCode=osi&th=1&psc=1">View Product</a></div><div class="product"><a href="https://www.amazon.com/dp/B01LWX2IO1?tag=eloabder-20&linkCode=osi&th=1&psc=1"><img src="https://m.media-amazon.com/images/I/41MlNqhDyCL._SL500_.jpg" alt="Product Image"></a><p>Beesworks Yellow Beeswax Bars (6 oz) | 100% Pure, Cosmetic Grade, Triple-Filtered Beeswax for DIY Skin Care, Lip Balm, Lotion and Candle Making (1 oz Bars - Pack of 6)</p><p>$6.99</p><a href="https://www.amazon.com/dp/B01LWX2IO1?tag=eloabder-20&linkCode=osi&th=1&psc=1">View Product</a></div><div class="product"><a href="https://www.amazon.com/dp/B0BV77F19N?tag=eloabder-20&linkCode=osi&th=1&psc=1"><img src="https://m.media-amazon.com/images/I/41xzHaO1-EL._SL500_.jpg" alt="Product Image"></a><p>Beeswax Pellets 10LB Cosmetic Beeswax Triple Filtered Beeswax Pastilles for Candle Making Great for DIY Projects Creams Lotions Lip Balm and Soap Making Supplies(10LB)</p><p>$32.99</p><a href="https://www.amazon.com/dp/B0BV77F19N?tag=eloabder-20&linkCode=osi&th=1&psc=1">View Product</a></div><div class="product"><a href="https://www.amazon.com/dp/B0C9QSG3CY?tag=eloabder-20&linkCode=osi&th=1&psc=1"><img src="https://m.media-amazon.com/images/I/414XQcU6SRL._SL500_.jpg" alt="Product Image"></a><p>YASNAY White Beeswax Pellets 2LB, 100% Organic Beeswax, Beeswax for Candle Making, Body, Skin Care DIY, Lip Balm and Soap Making Supplies</p><p>$11.99</p><a href="https://www.amazon.com/dp/B0C9QSG3CY?tag=eloabder-20&linkCode=osi&th=1&psc=1">View Product</a></div><div class="product"><a href="https://www.amazon.com/dp/B097HTC4WN?tag=eloabder-20&linkCode=osi&th=1&psc=1"><img src="https://m.media-amazon.com/images/I/51pwMM7C6-L._SL500_.jpg" alt="Product Image"></a><p>Eco Lux 8 Yellow Beeswax Blocks 100% Pure Natural Organic Bees Wax 6.5oz</p><p>$8.49 ($1.35 / Ounce)</p><a href="https://www.amazon.com/dp/B097HTC4WN?tag=eloabder-20&linkCode=osi&th=1&psc=1">View Product</a></div><div class="product"><a href="https://www.amazon.com/dp/B00HDHQQCE?tag=eloabder-20&linkCode=osi&th=1&psc=1"><img src="https://m.media-amazon.com/images/I/41vF-7MwNhL._SL500_.jpg" alt="Product Image"></a><p>Murray's 100% Pure Beeswax 4 oz</p><p>$5.98 ($1.50 / Ounce)</p><a href="https://www.amazon.com/dp/B00HDHQQCE?tag=eloabder-20&linkCode=osi&th=1&psc=1">View Product</a></div><div class="product"><a href="https://www.amazon.com/dp/B09YM8JTLM?tag=eloabder-20&linkCode=osi&th=1&psc=1"><img src="https://m.media-amazon.com/images/I/41cjNuBnFEL._SL500_.jpg" alt="Product Image"></a><p>TRINIDa Beeswax Pellets 2LB(32 oz), 100% Organic Yellow Bees Wax for DIY Candles, Beeswax for Candle Making, Skin, Body, Face, and Hair Care, Lotions, DIY Creams, Lip Balm and Soap Making Supplies</p><p>$11.99</p><a href="https://www.amazon.com/dp/B09YM8JTLM?tag=eloabder-20&linkCode=osi&th=1&psc=1">View Product</a></div><div class="product"><a href="https://www.amazon.com/dp/B00F3CNMV4?tag=eloabder-20&linkCode=osi&th=1&psc=1"><img src="https://m.media-amazon.com/images/I/31pjrRAEa4L._SL500_.jpg" alt="Product Image"></a><p>Stakich Yellow Beeswax Block - Natural, Triple Filtered - 1 Pound, Honey Scent</p><p>$13.95 ($0.87 / Ounce)</p><a href="https://www.amazon.com/dp/B00F3CNMV4?tag=eloabder-20&linkCode=osi&th=1&psc=1">View Product</a></div><div class="product"><a href="https://www.amazon.com/dp/B0BXFZBZS9?tag=eloabder-20&linkCode=osi&th=1&psc=1"><img src="https://m.media-amazon.com/images/I/4178i9IB9KL._SL500_.jpg" alt="Product Image"></a><p>5LB Beeswax Pellets Beeswax for Candle Making Organic Beeswax Pellets for Skin Beeswax Beads Beeswax Bulk Beeswax for Lotion Making Organic for DIY and Craft Project</p><p>$22.99</p><a href="https://www.amazon.com/dp/B0BXFZBZS9?tag=eloabder-20&linkCode=osi&th=1&psc=1">View Product</a></div>
<div class="product"><a href="https://www.amazon.com/dp/B0052F1BVK?tag=eloabder-20&linkCode=osi&th=1&psc=1"><img src="https://m.media-amazon.com/images/I/41zE9eiGoLL._SL500_.jpg" alt="Product Image"></a><p>ACC Staples Large Binder Clips, 2" Width, 1" Capacity, Black, 12/Pk</p><p>$6.30</p><a href="https://www.amazon.com/dp/B0052F1BVK?tag=eloabder-20&linkCode=osi&th=1&psc=1">View Product</a></div><div class="product"><a href="https://www.amazon.com/dp/B07MLFR771?tag=eloabder-20&linkCode=osi&th=1&psc=1"><img src="https://m.media-amazon.com/images/I/51N2wxA7N0L._SL500_.jpg" alt="Product Image"></a><p>CooBigo 50 Pack Binder Ring, Metal Book Ring Paper Ring Holder 5/8-Inch Loose Leaf Binder Ring Clip for Index Card, Flash Card Ring, Card Calendar, Keychain Key Ring - Bronze</p><p>$6.99</p><a href="https://www.amazon.com/dp/B07MLFR771?tag=eloabder-20&linkCode=osi&th=1&psc=1">View Product</a></div><div class="product"><a href="https://www.amazon.com/dp/B01563NHGY?tag=eloabder-20&linkCode=osi&th=1&psc=1"><img src="https://m.media-amazon.com/images/I/41gj+0ZftqL._SL500_.jpg" alt="Product Image"></a><p>vanki Pack of 40 Cute Lovely Smiling Face Spring-Loaded File Organizer Paper Holder Metal Binder Clips, Assorted Color</p><p>$8.99</p><a href="https://www.amazon.com/dp/B01563NHGY?tag=eloabder-20&linkCode=osi&th=1&psc=1">View Product</a></div><div class="product"><a href="https://www.amazon.com/dp/B000GOUDSO?tag=eloabder-20&linkCode=osi&th=1&psc=1"><img src="https://m.media-amazon.com/images/I/41ZANISHgML._SL500_.jpg" alt="Product Image"></a><p>Small Binder Clips .75" 8/Pkg-Assorted Colors</p><p>$4.46</p><a href="https://www.amazon.com/dp/B000GOUDSO?tag=eloabder-20&linkCode=osi&th=1&psc=1">View Product</a></div>
<div class="product"><a href="https://www.amazon.com/dp/B07PRPX4VR?tag=eloabder-20&linkCode=osi&th=1&psc=1"><img src="https://m.media-amazon.com/images/I/41IMH12fdPL._SL500_.jpg" alt="Product Image"></a><p>Durable Sheet Lifters, Durable Easy Flow, 11" x 3", Lifts Sheets Over Rings and Protects Sheets from Tearing, Fit Standard 3-Ring Binders, Black (20 Pack)</p><p>$14.99</p><a href="https://www.amazon.com/dp/B07PRPX4VR?tag=eloabder-20&linkCode=osi&th=1&psc=1">View Product</a></div><div class="product"><a href="https://www.amazon.com/dp/B0CM8QJHFW?tag=eloabder-20&linkCode=osi&th=1&psc=1"><img src="https://m.media-amazon.com/images/I/31cJGS74oCL._SL500_.jpg" alt="Product Image"></a><p>Wantane D-Shaped Tape Storage Ring Tape Storage Ring 4" D-Shaped Washi Tape Storage Ring for DIY Decoration and Storage（Nickel）-2PCS</p><p>$7.99</p><a href="https://www.amazon.com/dp/B0CM8QJHFW?tag=eloabder-20&linkCode=osi&th=1&psc=1">View Product</a></div>
<div class="product"><a href="https://www.amazon.com/dp/B00006IAS3?tag=eloabder-20&linkCode=osi&th=1&psc=1"><img src="https://m.media-amazon.com/images/I/317DvSXhT1L._SL500_.jpg" alt="Product Image"></a><p>GBC Binding System, Manual, Desktop Binding Punch, 6 Sheet Punch Capacity, ProClick P50 (2515650)</p><p>$123.89</p><a href="https://www.amazon.com/dp/B00006IAS3?tag=eloabder-20&linkCode=osi&th=1&psc=1">View Product</a></div><div class="product"><a href="https://www.amazon.com/dp/B004BP81KQ?tag=eloabder-20&linkCode=osi&th=1&psc=1"><img src="https://m.media-amazon.com/images/I/51SqfeZ12KL._SL500_.jpg" alt="Product Image"></a><p>We R Memory Keepers Cinch Book Binding Wire (1-Inch, Silver (2 Pack))</p><p>$5.99</p><a href="https://www.amazon.com/dp/B004BP81KQ?tag=eloabder-20&linkCode=osi&th=1&psc=1">View Product</a></div>


<div class="product"><a href="https://www.amazon.com/dp/B0D3HPD7WP?tag=eloabder-20&linkCode=osi&th=1&psc=1"><img src="https://m.media-amazon.com/images/I/31KSmmAWUWL._SL500_.jpg" alt="Product Image"></a><p>50 Sheets Grey Cardstock Paper, Colored Printer Paper 8.5 x 11, Thick Construction Paper for Cards Making, Scrapbook，Office Printing, Invitations, Certificates，DIY Crafting 92 lb/250gsm</p><p>$9.99</p><a href="https://www.amazon.com/dp/B0D3HPD7WP?tag=eloabder-20&linkCode=osi&th=1&psc=1">View Product</a></div>
<div class="product"><a href="https://www.amazon.com/dp/B076CP6F36?tag=eloabder-20&linkCode=osi&th=1&psc=1"><img src="https://m.media-amazon.com/images/I/51rfEIvgI+L._SL500_.jpg" alt="Product Image"></a><p>Apple Barrel, Vibrant Spectrum Collection Acrylic Craft Paint, PROMOABIII, 2 fl oz each, 16 assorted matte colors, 16 count</p><p>$15.97 ($0.50 / Fl Oz)</p><a href="https://www.amazon.com/dp/B076CP6F36?tag=eloabder-20&linkCode=osi&th=1&psc=1">View Product</a></div><div class="product"><a href="https://www.amazon.com/dp/B0BKFLSYQF?tag=eloabder-20&linkCode=osi&th=1&psc=1"><img src="https://m.media-amazon.com/images/I/51a0PmPRknL._SL500_.jpg" alt="Product Image"></a><p>72 Pack Acrylic Paint Set, Shuttle Art 60 Colors Acrylic Paint Including Extra White Black & 12 Brushes, 2oz/60ml, Rich Pigmented, Water Proof, Ideal for Artists, Beginners on Canvas Rock Wood Ceramic</p><p>$45.99 ($23.00 / Fl Oz)</p><a href="https://www.amazon.com/dp/B0BKFLSYQF?tag=eloabder-20&linkCode=osi&th=1&psc=1">View Product</a></div><div class="product"><a href="https://www.amazon.com/dp/B08CB3JH79?tag=eloabder-20&linkCode=osi&th=1&psc=1"><img src="https://m.media-amazon.com/images/I/51OUZsFdnTL._SL500_.jpg" alt="Product Image"></a><p>Acrylic Paint Set of 36 Colors 2fl oz 60ml Bottles,Non Toxic 36 Colors Acrylic Paint No Fading Rich Pigment for Kids Adults Artists Canvas Crafts Wood Painting</p><p>$32.99 ($0.46 / Fl Oz)</p><a href="https://www.amazon.com/dp/B08CB3JH79?tag=eloabder-20&linkCode=osi&th=1&psc=1">View Product</a></div><div class="product"><a href="https://www.amazon.com/dp/B0018NBVKQ?tag=eloabder-20&linkCode=osi&th=1&psc=1"><img src="https://m.media-amazon.com/images/I/31YlSvZMTCL._SL500_.jpg" alt="Product Image"></a><p>Apple Barrel Acrylic Paint in Assorted Colors (8 Ounce), 20403 White</p><p>$2.67 ($0.33 / Fl Oz)</p><a href="https://www.amazon.com/dp/B0018NBVKQ?tag=eloabder-20&linkCode=osi&th=1&psc=1">View Product</a></div><div class="product"><a href="https://www.amazon.com/dp/B077WSBLZ1?tag=eloabder-20&linkCode=osi&th=1&psc=1"><img src="https://m.media-amazon.com/images/I/51KPkXpLn1L._SL500_.jpg" alt="Product Image"></a><p>Shuttle Art Acrylic Paint Set, 30 x12ml Tubes Artist Quality Non Toxic Rich Pigments Colors Great for Kids Adults Professional Painting on Rocks Canvas Wood Clay Fabric Ceramic Crafts</p><p>$12.99 ($1.08 / Fl Oz)</p><a href="https://www.amazon.com/dp/B077WSBLZ1?tag=eloabder-20&linkCode=osi&th=1&psc=1">View Product</a></div><div class="product"><a href="https://www.amazon.com/dp/B00889Z5Y6?tag=eloabder-20&linkCode=osi&th=1&psc=1"><img src="https://m.media-amazon.com/images/I/41MQjsyDbSL._SL500_.jpg" alt="Product Image"></a><p>Apple Barrel Acrylic Paint in Assorted Colors (2 oz), 20764, Apricot</p><p>$0.58 ($0.29 / Fl Oz)</p><a href="https://www.amazon.com/dp/B00889Z5Y6?tag=eloabder-20&linkCode=osi&th=1&psc=1">View Product</a></div><div class="product"><a href="https://www.amazon.com/dp/B09TWQD5ZL?tag=eloabder-20&linkCode=osi&th=1&psc=1"><img src="https://m.media-amazon.com/images/I/41B0L003QXL._SL500_.jpg" alt="Product Image"></a><p>Artkey Acrylic Paint Set - 24 colors 2 oz/59 ml Acrylic Paints Professional Artists Painting Kit for Canvases Fabric Rock Leather Easter Egg Wood Ceramic Glass Art Craft Painting</p><p>$19.99 ($0.42 / Fl Oz)</p><a href="https://www.amazon.com/dp/B09TWQD5ZL?tag=eloabder-20&linkCode=osi&th=1&psc=1">View Product</a></div><div class="product"><a href="https://www.amazon.com/dp/B07Z93LQDB?tag=eloabder-20&linkCode=osi&th=1&psc=1"><img src="https://m.media-amazon.com/images/I/51veoN6zK0L._SL500_.jpg" alt="Product Image"></a><p>Shuttle Art Acrylic Paint Set, 36 Colors Acrylic Paint with Brushes & Palette, 2oz Bottles, Rich Pigments Non-toxic Paint for Artists Kids & Adults, Art Supplies for Canvas Rock Ceramic Wood Painting</p><p>$27.99</p><a href="https://www.amazon.com/dp/B07Z93LQDB?tag=eloabder-20&linkCode=osi&th=1&psc=1">View Product</a></div><div class="product"><a href="https://www.amazon.com/dp/B002665SYY?tag=eloabder-20&linkCode=osi&th=1&psc=1"><img src="https://m.media-amazon.com/images/I/31sJJeWK6OS._SL500_.jpg" alt="Product Image"></a><p>Liquitex BASICS Acrylic Paint, 250ml (8.5-oz) Tube, Titanium White</p><p>$9.99 ($1.18 / Fl Oz)</p><a href="https://www.amazon.com/dp/B002665SYY?tag=eloabder-20&linkCode=osi&th=1&psc=1">View Product</a></div>
<div class="product"><a href="https://www.amazon.com/dp/B0CC98XLGL?tag=eloabder-20&linkCode=osi&th=1&psc=1"><img src="https://m.media-amazon.com/images/I/51ZLw+nThiL._SL500_.jpg" alt="Product Image"></a><p>HUIRUSO 4 Pack Double Sided Tape Roller, Scrapbook Supplies, Glue Tape Roller for Crafts, Double-Sided Adhesive Tape Runner for Scrapbooking, School Office Journaling Supplies (0.31 in X 26.25 ft)</p><p>$6.99 ($1.75 / Count)</p><a href="https://www.amazon.com/dp/B0CC98XLGL?tag=eloabder-20&linkCode=osi&th=1&psc=1">View Product</a></div><div class="product"><a href="https://www.amazon.com/dp/B007XAAE6K?tag=eloabder-20&linkCode=osi&th=1&psc=1"><img src="https://m.media-amazon.com/images/I/414qxYVR0wL._SL500_.jpg" alt="Product Image"></a><p>Scotch Double Sided Tape Runner, 1-Pack, 0.27 in x 26 ft., Perfect for Holiday Crafts, Gifts, and More</p><p>$4.47</p><a href="https://www.amazon.com/dp/B007XAAE6K?tag=eloabder-20&linkCode=osi&th=1&psc=1">View Product</a></div><div class="product"><a href="https://www.amazon.com/dp/B0BZVGPFSK?tag=eloabder-20&linkCode=osi&th=1&psc=1"><img src="https://m.media-amazon.com/images/I/51-ue9+7JkL._SL500_.jpg" alt="Product Image"></a><p>Birllaid Double Sided Tape for Walls, Picture Hanging Strips Removable Mounting Dots Adhesive Heavy Duty, Removable for Art Craft, Decoration, Party Supplies, Multipurpose</p><p>$11.99</p><a href="https://www.amazon.com/dp/B0BZVGPFSK?tag=eloabder-20&linkCode=osi&th=1&psc=1">View Product</a></div><div class="product"><a href="https://www.amazon.com/dp/B0CGVN9SL1?tag=eloabder-20&linkCode=osi&th=1&psc=1"><img src="https://m.media-amazon.com/images/I/41Hy+i4CnoL._SL500_.jpg" alt="Product Image"></a><p>30Ft x 1 Inch Hook and Loop Strips with Adhesive,Double Rolls of Heavy Duty Self Adhesive Tape with Backing, Nylon Self Adhesive Tape for Home Office School and Crafting,White</p><p>$9.99</p><a href="https://www.amazon.com/dp/B0CGVN9SL1?tag=eloabder-20&linkCode=osi&th=1&psc=1">View Product</a></div><div class="product"><a href="https://www.amazon.com/dp/B07Y3VDPLF?tag=eloabder-20&linkCode=osi&th=1&psc=1"><img src="https://m.media-amazon.com/images/I/41cyKQ2OMuL._SL500_.jpg" alt="Product Image"></a><p>Melsan 1x4 inch Hook and Loop Strips with Adhesive - 15 Sets, Strong Back Adhesive Fasten Mounting Tape for Home or Office Use - Instead of Holes and Screws, Black</p><p>$7.82</p><a href="https://www.amazon.com/dp/B07Y3VDPLF?tag=eloabder-20&linkCode=osi&th=1&psc=1">View Product</a></div><div class="product"><a href="https://www.amazon.com/dp/B07V57VJT5?tag=eloabder-20&linkCode=osi&th=1&psc=1"><img src="https://m.media-amazon.com/images/I/514JO3bvl3L._SL500_.jpg" alt="Product Image"></a><p>XFasten Adhesive Roller for Scrapbooking, 8mm x 30ft 4-Pack Double Sided Glue Tape Roller, Scrapbook Supplies for Adults, Photo Tape for Scrapbooking</p><p>$9.99 ($2.50 / Count)</p><a href="https://www.amazon.com/dp/B07V57VJT5?tag=eloabder-20&linkCode=osi&th=1&psc=1">View Product</a></div><div class="product"><a href="https://www.amazon.com/dp/B07JLTGQHX?tag=eloabder-20&linkCode=osi&th=1&psc=1"><img src="https://m.media-amazon.com/images/I/51Eqfo7kUZL._SL500_.jpg" alt="Product Image"></a><p>UPINS 120 Pack Double Sided Foam Tape Square Self-Adhesive Foam Tape Black Strong Tape Pads for DIY Art Crafts Supplies</p><p>$9.99 ($0.08 / Count)</p><a href="https://www.amazon.com/dp/B07JLTGQHX?tag=eloabder-20&linkCode=osi&th=1&psc=1">View Product</a></div><div class="product"><a href="https://www.amazon.com/dp/B005FM6XF4?tag=eloabder-20&linkCode=osi&th=1&psc=1"><img src="https://m.media-amazon.com/images/I/51-vp1WJ89L._SL500_.jpg" alt="Product Image"></a><p>AdTech 5603 Permanent Crafter's Tape, 0.31" x 315", Pack of 4</p><p>$7.84 ($0.07 / Foot)</p><a href="https://www.amazon.com/dp/B005FM6XF4?tag=eloabder-20&linkCode=osi&th=1&psc=1">View Product</a></div><div class="product"><a href="https://www.amazon.com/dp/B0CJF1FLFJ?tag=eloabder-20&linkCode=osi&th=1&psc=1"><img src="https://m.media-amazon.com/images/I/51dig1RqzdL._SL500_.jpg" alt="Product Image"></a><p>UPINS 150Pack Double Sided Foam Tape Strong Sticky Double Sided Foam Pads for Crafts Self-Adhesive Mounting Foam Tape Heavy Duty for Home Wall Decor 40 * 40 * 2mm</p><p>$8.99 ($0.06 / Count)</p><a href="https://www.amazon.com/dp/B0CJF1FLFJ?tag=eloabder-20&linkCode=osi&th=1&psc=1">View Product</a></div><div class="product"><a href="https://www.amazon.com/dp/B0D4YWRGCL?tag=eloabder-20&linkCode=osi&th=1&psc=1"><img src="https://m.media-amazon.com/images/I/41EqJ553-KL._SL500_.jpg" alt="Product Image"></a><p>Amanbo Glue Tape for Scrapbooking, 6 Pack Scrapbook Tape, Double Sided Tape Roller for Crafts, Total 120 Ft x 0.24 in Tape Runner, Craft Supplies for Scrapbooking, Gift Wrapping and Photo Tape</p><p>$6.99</p><a href="https://www.amazon.com/dp/B0D4YWRGCL?tag=eloabder-20&linkCode=osi&th=1&psc=1">View Product</a></div>
<div class="product"><a href="https://www.amazon.com/dp/B0CC5HPPTN?tag=eloabder-20&linkCode=osi&th=1&psc=1"><img src="https://m.media-amazon.com/images/I/519M81S201L._SL500_.jpg" alt="Product Image"></a><p>Airbrush Paint - 30 Colors with 3 Thinner, Ready to Spray Airbrush Paint Set, Water-Based Acrylic Air brush Paints for Metal, Plastic Models, Canvas, Wood, 20ml/Bottle</p><p>$32.99 ($1.48 / Fl Oz)</p><a href="https://www.amazon.com/dp/B0CC5HPPTN?tag=eloabder-20&linkCode=osi&th=1&psc=1">View Product</a></div>
<div class="product"><a href="https://www.amazon.com/dp/B0CXPSGK36?tag=eloabder-20&linkCode=osi&th=1&psc=1"><img src="https://m.media-amazon.com/images/I/51dd2dYOtrL._SL500_.jpg" alt="Product Image"></a><p>Letter Stickers 30 Sheets 1500 PCS Large Alphabet Sticker 2 Inch Vinyl Self Adhesive Stick on Stickers for Water Bottles Cup Mailbox Number Address Craft Scrapbooking Bulletin Board Decor Multicolor</p><p>$9.99</p><a href="https://www.amazon.com/dp/B0CXPSGK36?tag=eloabder-20&linkCode=osi&th=1&psc=1">View Product</a></div><div class="product"><a href="https://www.amazon.com/dp/B07NNYFMGY?tag=eloabder-20&linkCode=osi&th=1&psc=1"><img src="https://m.media-amazon.com/images/I/51yDnU+gEXL._SL500_.jpg" alt="Product Image"></a><p>20 Sheets Alphabet Letter Stickers 10 Colors Self Adhesive Sticker Colorful PU Material Convex Feeling (Colored Letter Stickers 1)</p><p>$6.99 ($0.35 / Count)</p><a href="https://www.amazon.com/dp/B07NNYFMGY?tag=eloabder-20&linkCode=osi&th=1&psc=1">View Product</a></div>

<div class="product"><a href="https://www.amazon.com/dp/B01DDN8854?tag=eloabder-20&linkCode=osi&th=1&psc=1"><img src="https://m.media-amazon.com/images/I/61dPubDZBSL._SL500_.jpg" alt="Product Image"></a><p>Hugs 'n Kisses HNKHABY13 Applique Paper (20 Pack)</p><p>$19.72 ($0.99 / Count)</p><a href="https://www.amazon.com/dp/B01DDN8854?tag=eloabder-20&linkCode=osi&th=1&psc=1">View Product</a></div>
<div class="product"><a href="https://www.amazon.com/dp/B09KPNFJW1?tag=eloabder-20&linkCode=osi&th=1&psc=1"><img src="https://m.media-amazon.com/images/I/41abn5fELmL._SL500_.jpg" alt="Product Image"></a><p>UniPleased Disposable Aprons (50 Count), Plastic apron for Painting Party, Cooking, Housework, Picnic etc.</p><p>$5.69</p><a href="https://www.amazon.com/dp/B09KPNFJW1?tag=eloabder-20&linkCode=osi&th=1&psc=1">View Product</a></div>
<div class="product"><a href="https://www.amazon.com/dp/B087M21MM2?tag=eloabder-20&linkCode=osi&th=1&psc=1"><img src="https://m.media-amazon.com/images/I/41Xf-jehhLL._SL500_.jpg" alt="Product Image"></a><p>GOTIDEAL Stretched Canvas, Multi Pack 4x4, 5x7, 8x10,9x12, 11x14 Set of 10, Primed White - 100% Cotton Artist Canvas Boards for Painting, Acrylic Pouring, Oil Paint Dry & Wet Art Media</p><p>$24.99</p><a href="https://www.amazon.com/dp/B087M21MM2?tag=eloabder-20&linkCode=osi&th=1&psc=1">View Product</a></div><div class="product"><a href="https://www.amazon.com/dp/B00OQJYISG?tag=eloabder-20&linkCode=osi&th=1&psc=1"><img src="https://m.media-amazon.com/images/I/31fEDLPkkcL._SL500_.jpg" alt="Product Image"></a><p>6 Count 12” x 16” Super Value Canvas by Artist's Loft Necessities - Acid Free Cotton Canvas for Paint, Acrylic, & Oils - 1 Pack</p><p>$19.99</p><a href="https://www.amazon.com/dp/B00OQJYISG?tag=eloabder-20&linkCode=osi&th=1&psc=1">View Product</a></div><div class="product"><a href="https://www.amazon.com/dp/B09CDKB9HY?tag=eloabder-20&linkCode=osi&th=1&psc=1"><img src="https://m.media-amazon.com/images/I/51+p5xnClGL._SL500_.jpg" alt="Product Image"></a><p>DPDIAN Canvas Boards for Painting 40 Pack, 8 inch x 10 inch Super Value Pack, Artist Canvas Panels for Oil & Acrylic Painting</p><p>$29.99</p><a href="https://www.amazon.com/dp/B09CDKB9HY?tag=eloabder-20&linkCode=osi&th=1&psc=1">View Product</a></div><div class="product"><a href="https://www.amazon.com/dp/B0CFBGP29G?tag=eloabder-20&linkCode=osi&th=1&psc=1"><img src="https://m.media-amazon.com/images/I/3147Az5plbL._SL500_.jpg" alt="Product Image"></a><p>ArtSkills Stretched Canvases for Painting, 12x16 Canvas Painting Supplies for Artists, Blank Canvas Pack, 2-Pack</p><p>$16.99</p><a href="https://www.amazon.com/dp/B0CFBGP29G?tag=eloabder-20&linkCode=osi&th=1&psc=1">View Product</a></div><div class="product"><a href="https://www.amazon.com/dp/B07BNGQ1SS?tag=eloabder-20&linkCode=osi&th=1&psc=1"><img src="https://m.media-amazon.com/images/I/410ZVtygUwS._SL500_.jpg" alt="Product Image"></a><p>PHOENIX Stretched Canvas for Painting 8x10 Inch/10 Value Pack, 8 Oz Triple Primed 5/8 Inch Profile 100% Cotton White Blank Canvas, Artist Framed Canvas for Oil Acrylic & Pouring Art</p><p>$22.99</p><a href="https://www.amazon.com/dp/B07BNGQ1SS?tag=eloabder-20&linkCode=osi&th=1&psc=1">View Product</a></div><div class="product"><a href="https://www.amazon.com/dp/B0922JP1H4?tag=eloabder-20&linkCode=osi&th=1&psc=1"><img src="https://m.media-amazon.com/images/I/41BmiEND1KL._SL500_.jpg" alt="Product Image"></a><p>GOTIDEAL Canvases for Painting, 18 Pack Canvas Boards Multipack 4x4, 5x7, 8x10, 9x12,11x14,Primed White Blank Artist Canvas Variety Pack for Acrylic Paint, Oil Paint, Watercolor, Gouache</p><p>$19.99</p><a href="https://www.amazon.com/dp/B0922JP1H4?tag=eloabder-20&linkCode=osi&th=1&psc=1">View Product</a></div>


<div class="product"><a href="https://www.amazon.com/dp/B0872VFHBH?tag=eloabder-20&linkCode=osi&th=1&psc=1"><img src="https://m.media-amazon.com/images/I/51k3bekQheS._SL500_.jpg" alt="Product Image"></a><p>Bachmore Drawing Pad 9X12 Inch (110lb/180g), 60 Sheets, Top Spiral Bound Multi-Media for Artist Pro & Amateurs | Acrylic Art, Ink, Paint, Oil Pastels,Watercolor Mixed Media Sketch</p><p>$11.99</p><a href="https://www.amazon.com/dp/B0872VFHBH?tag=eloabder-20&linkCode=osi&th=1&psc=1">View Product</a></div><div class="product"><a href="https://www.amazon.com/dp/B0027A75A4?tag=eloabder-20&linkCode=osi&th=1&psc=1"><img src="https://m.media-amazon.com/images/I/51dyOxxcgYL._SL500_.jpg" alt="Product Image"></a><p>Strathmore 200 Series Sketch Pad, 9x12 inch, 100 Sheets, Tape Bound - Artist Sketchbook for Drawing, Illustration, Art Class Students</p><p>$6.99 ($0.07 / Count)</p><a href="https://www.amazon.com/dp/B0027A75A4?tag=eloabder-20&linkCode=osi&th=1&psc=1">View Product</a></div><div class="product"><a href="https://www.amazon.com/dp/B0BV13YQKX?tag=eloabder-20&linkCode=osi&th=1&psc=1"><img src="https://m.media-amazon.com/images/I/41VYfMpvXUL._SL500_.jpg" alt="Product Image"></a><p>Canson Graduate Watercolor Pad, Foldover, 9x12 inch, 20 Sheets | Artist Paper for Adults and Students - Painting, Gouache, Mixed Media and Ink</p><p>$4.97 ($0.41 / Count)</p><a href="https://www.amazon.com/dp/B0BV13YQKX?tag=eloabder-20&linkCode=osi&th=1&psc=1">View Product</a></div><div class="product"><a href="https://www.amazon.com/dp/B0024KMQ6K?tag=eloabder-20&linkCode=osi&th=1&psc=1"><img src="https://m.media-amazon.com/images/I/51sYdvPPUCL._SL500_.jpg" alt="Product Image"></a><p>Strathmore 400 Series Pastel Pad, Assorted Colors, 9"x12" Glue Bound, 24 Sheets</p><p>$9.11</p><a href="https://www.amazon.com/dp/B0024KMQ6K?tag=eloabder-20&linkCode=osi&th=1&psc=1">View Product</a></div><div class="product"><a href="https://www.amazon.com/dp/B00246O6PI?tag=eloabder-20&linkCode=osi&th=1&psc=1"><img src="https://m.media-amazon.com/images/I/517TUmckOIL._SL500_.jpg" alt="Product Image"></a><p>Strathmore 300 Series Drawing Paper Pad, Top Wire Bound, 11x14 inches, 50 Sheets (70lb/114g) - Artist Paper for Adults and Students - Charcoal, Colored Pencil, Ink, Pastel, Marker</p><p>$13.33</p><a href="https://www.amazon.com/dp/B00246O6PI?tag=eloabder-20&linkCode=osi&th=1&psc=1">View Product</a></div>
<div class="product"><a href="https://www.amazon.com/dp/B08ZMH7LJY?tag=eloabder-20&linkCode=osi&th=1&psc=1"><img src="https://m.media-amazon.com/images/I/51mJIsLJA-S._SL500_.jpg" alt="Product Image"></a><p>PANDAFLY Professional Drawing Sketching Pencil Set - 12 Pieces Graphite Pencils(14B - 2H), Ideal for Drawing Art, Sketching, Shading, Artist Pencils for Beginners & Pro Artists</p><p>$5.11</p><a href="https://www.amazon.com/dp/B08ZMH7LJY?tag=eloabder-20&linkCode=osi&th=1&psc=1">View Product</a></div><div class="product"><a href="https://www.amazon.com/dp/B088K1G5NL?tag=eloabder-20&linkCode=osi&th=1&psc=1"><img src="https://m.media-amazon.com/images/I/51F2bOMZWnL._SL500_.jpg" alt="Product Image"></a><p>MARKART Professional Drawing Sketching Pencil Set - 14 Pieces,Graphite,(12B - 4H), Ideal for Drawing Art, Sketching, Shading, Artist Pencils for Beginners & Pro Artists</p><p>$5.24</p><a href="https://www.amazon.com/dp/B088K1G5NL?tag=eloabder-20&linkCode=osi&th=1&psc=1">View Product</a></div><div class="product"><a href="https://www.amazon.com/dp/B08FHMRW4L?tag=eloabder-20&linkCode=osi&th=1&psc=1"><img src="https://m.media-amazon.com/images/I/51Pmn5gjyzL._SL500_.jpg" alt="Product Image"></a><p>Mr. Pen- Sketch Pencils for Drawing, 14 Pack, Drawing Pencils, Art Pencils, Graphite Pencils, Graphite Pencils for Drawing, Art Pencils for Drawing and Shading</p><p>$5.95</p><a href="https://www.amazon.com/dp/B08FHMRW4L?tag=eloabder-20&linkCode=osi&th=1&psc=1">View Product</a></div><div class="product"><a href="https://www.amazon.com/dp/B0BNQ58DC4?tag=eloabder-20&linkCode=osi&th=1&psc=1"><img src="https://m.media-amazon.com/images/I/51e-gQtCcCL._SL500_.jpg" alt="Product Image"></a><p>MARTCOLOR Drawing Sketching Pencils Set, 12 Pack Graphite Pencils(14B - 2H), Ideal for Drawing Art, Sketching, Shading, Artist Pencils for Beginners & Pro Artists</p><p>$5.99</p><a href="https://www.amazon.com/dp/B0BNQ58DC4?tag=eloabder-20&linkCode=osi&th=1&psc=1">View Product</a></div>

<div class="product"><a href="https://www.amazon.com/dp/B0851M3749?tag=eloabder-20&linkCode=osi&th=1&psc=1"><img src="https://m.media-amazon.com/images/I/41KKSGSDl5L._SL500_.jpg" alt="Product Image"></a><p>N NOROCME 12 PCS Blending Stumps and Tortillions Paper Art Blenders with Sandpaper Pencil Sharpener Pointer for Student Artist Charcoal Sketch Drawing Tools</p><p>$4.99</p><a href="https://www.amazon.com/dp/B0851M3749?tag=eloabder-20&linkCode=osi&th=1&psc=1">View Product</a></div><div class="product"><a href="https://www.amazon.com/dp/B09J3HKN8F?tag=eloabder-20&linkCode=osi&th=1&psc=1"><img src="https://m.media-amazon.com/images/I/51Qvx81eQLL._SL500_.jpg" alt="Product Image"></a><p>Eraser Pencils Set for Artists, Wooden Sketch Eraser Pen for Charcoal Drawings, Professional Highlight Painting Eraser for Sketching, Revise Erasing Details for Students Limner</p><p>$6.99</p><a href="https://www.amazon.com/dp/B09J3HKN8F?tag=eloabder-20&linkCode=osi&th=1&psc=1">View Product</a></div>
<div class="product"><a href="https://www.amazon.com/dp/B09WCQ89T8?tag=eloabder-20&linkCode=osi&th=1&psc=1"><img src="https://m.media-amazon.com/images/I/41gZz0qgBFL._SL500_.jpg" alt="Product Image"></a><p>Bernat BABY BLANKET BB Blue Dreams Yarn - 1 Pack of 10.5oz/300g - Polyester - #6 Super Bulky - 220 Yards - Knitting/Crochet</p><p>$6.97</p><a href="https://www.amazon.com/dp/B09WCQ89T8?tag=eloabder-20&linkCode=osi&th=1&psc=1">View Product</a></div><div class="product"><a href="https://www.amazon.com/dp/B07V5JVNFD?tag=eloabder-20&linkCode=osi&th=1&psc=1"><img src="https://m.media-amazon.com/images/I/41IS+HdtiOL._SL500_.jpg" alt="Product Image"></a><p>Lion Brand Yarn Basic Stitch Anti-Pilling Knitting Yarn, Yarn for Crocheting, 1-Pack, Baby Blue</p><p>$8.40 ($0.02 / Foot)</p><a href="https://www.amazon.com/dp/B07V5JVNFD?tag=eloabder-20&linkCode=osi&th=1&psc=1">View Product</a></div><div class="product"><a href="https://www.amazon.com/dp/B01M0AJID2?tag=eloabder-20&linkCode=osi&th=1&psc=1"><img src="https://m.media-amazon.com/images/I/41yVau0AUpL._SL500_.jpg" alt="Product Image"></a><p>Lion Brand Yarn (1 Skein) Lion Brand Yarn Babysoft Baby Yarn Yarn, Little Boy Blue Multicolor</p><p>$7.19 ($0.01 / Foot)</p><a href="https://www.amazon.com/dp/B01M0AJID2?tag=eloabder-20&linkCode=osi&th=1&psc=1">View Product</a></div><div class="product"><a href="https://www.amazon.com/dp/B09W1KHF42?tag=eloabder-20&linkCode=osi&th=1&psc=1"><img src="https://m.media-amazon.com/images/I/41maDlrio5L._SL500_.jpg" alt="Product Image"></a><p>Red Heart Super Saver Light Blue Yarn - 3 Pack of 198g/7oz - Acrylic - 4 Medium (Worsted) - 364 Yards - Knitting/Crochet</p><p>$13.29 ($4.43 / Count)</p><a href="https://www.amazon.com/dp/B09W1KHF42?tag=eloabder-20&linkCode=osi&th=1&psc=1">View Product</a></div><div class="product"><a href="https://www.amazon.com/dp/B08LKVZ3CX?tag=eloabder-20&linkCode=osi&th=1&psc=1"><img src="https://m.media-amazon.com/images/I/41GLizNx8UL._SL500_.jpg" alt="Product Image"></a><p>Bernat Baby Blanket Baby Blue Yarn - 3 Pack of 100g/3.5oz - Polyester - 6 Super Bulky - 72 Yards - Knitting/Crochet</p><p>$21.81</p><a href="https://www.amazon.com/dp/B08LKVZ3CX?tag=eloabder-20&linkCode=osi&th=1&psc=1">View Product</a></div><div class="product"><a href="https://www.amazon.com/dp/B0CHJ95WHJ?tag=eloabder-20&linkCode=osi&th=1&psc=1"><img src="https://m.media-amazon.com/images/I/314E1EQdihL._SL500_.jpg" alt="Product Image"></a><p>NORCIA Soft Velvet Yarn Chenille Yarn for Crocheting Baby Blanket Yarn for Knitting Amigurumi Yarn Fancy Yarn for Crochet Weaving Craft (Baby Blue, 1 Skein)</p><p>$9.99</p><a href="https://www.amazon.com/dp/B0CHJ95WHJ?tag=eloabder-20&linkCode=osi&th=1&psc=1">View Product</a></div>
<div class="product"><a href="https://www.amazon.com/dp/B0779F2TXJ?tag=eloabder-20&linkCode=osi&th=1&psc=1"><img src="https://m.media-amazon.com/images/I/31kqZr8DJzL._SL500_.jpg" alt="Product Image"></a><p>OPENDGO Feather Ballpoint Pen ，Black Ink Vintage Feather Quill Refined Plated Rod Quill Ballpoint Pen For School Writing ▏Wedding Gift Signature Pen (Black)</p><p>$6.97</p><a href="https://www.amazon.com/dp/B0779F2TXJ?tag=eloabder-20&linkCode=osi&th=1&psc=1">View Product</a></div><div class="product"><a href="https://www.amazon.com/dp/B0CQF3BJ3S?tag=eloabder-20&linkCode=osi&th=1&psc=1"><img src="https://m.media-amazon.com/images/I/41gs6AOiP6L._SL500_.jpg" alt="Product Image"></a><p>3 in 1 Retractable Ballpoint Pen with Light and Stylus, Nice Pens for Journaling Writing in The Dark - White/Red Light Tip- 0.7mm Black Ink</p><p>$12.99</p><a href="https://www.amazon.com/dp/B0CQF3BJ3S?tag=eloabder-20&linkCode=osi&th=1&psc=1">View Product</a></div><div class="product"><a href="https://www.amazon.com/dp/B08BBZ3B8G?tag=eloabder-20&linkCode=osi&th=1&psc=1"><img src="https://m.media-amazon.com/images/I/41cMHyw60wL._SL500_.jpg" alt="Product Image"></a><p>Mr. Pen- Pens, Black Pens, 12 Pack, Fast Dry, No Smear Pens, Bible Pens, Pens for Journaling, Pens No Bleed Through, Pens Fine Point, Journal Pens, Fine Tip, Planner Pens, Ball Point Journal Pens</p><p>$9.99</p><a href="https://www.amazon.com/dp/B08BBZ3B8G?tag=eloabder-20&linkCode=osi&th=1&psc=1">View Product</a></div><div class="product"><a href="https://www.amazon.com/dp/B0D4YWWGX6?tag=eloabder-20&linkCode=osi&th=1&psc=1"><img src="https://m.media-amazon.com/images/I/31xHBCCzJqL._SL500_.jpg" alt="Product Image"></a><p>PATIKIL 21cm/8" Feather Ballpoint Pen, 1Pcs Ink Vintage Quill Pen Refined Plated Dip Pen for Calligraphy Writing Signature Wedding Gift, Yellow</p><p>$7.49</p><a href="https://www.amazon.com/dp/B0D4YWWGX6?tag=eloabder-20&linkCode=osi&th=1&psc=1">View Product</a></div>

<div class="product"><a href="https://www.amazon.com/dp/B001TLDEVQ?tag=eloabder-20&linkCode=osi&th=1&psc=1"><img src="https://m.media-amazon.com/images/I/41jYF39F6lL._SL500_.jpg" alt="Product Image"></a><p>Beadalon SuppleMax Illusion Beading Cord, 0.40 mm / 0.016 in, Clear Monofilament, 50 m / 164 ft</p><p>$4.74</p><a href="https://www.amazon.com/dp/B001TLDEVQ?tag=eloabder-20&linkCode=osi&th=1&psc=1">View Product</a></div><div class="product"><a href="https://www.amazon.com/dp/B0D2HVFZ7Q?tag=eloabder-20&linkCode=osi&th=1&psc=1"><img src="https://m.media-amazon.com/images/I/41R66LMYz7L._SL500_.jpg" alt="Product Image"></a><p>Zxiixz 116Yards 0.5mm Bracelet String, Waxed String Cord for Bracelet Making, Beading Thread for Bracelet Beads, Friendship Bracelet String for Bracelet Making, Waxed Polyester Cord for Jewelry Making</p><p>$6.99</p><a href="https://www.amazon.com/dp/B0D2HVFZ7Q?tag=eloabder-20&linkCode=osi&th=1&psc=1">View Product</a></div><div class="product"><a href="https://www.amazon.com/dp/B07BNF8KH5?tag=eloabder-20&linkCode=osi&th=1&psc=1"><img src="https://m.media-amazon.com/images/I/51jVByheyVL._SL500_.jpg" alt="Product Image"></a><p>PH PandaHall 100 Yards 1mm Waxed Cotton Cord Thread Beading String for Bracelet Necklace Making Crafting Beading Macrame Vase Decor, Burlywood</p><p>$7.19 ($0.02 / Foot)</p><a href="https://www.amazon.com/dp/B07BNF8KH5?tag=eloabder-20&linkCode=osi&th=1&psc=1">View Product</a></div><div class="product"><a href="https://www.amazon.com/dp/B07HBPGXJG?tag=eloabder-20&linkCode=osi&th=1&psc=1"><img src="https://m.media-amazon.com/images/I/41xi8gO6kDL._SL500_.jpg" alt="Product Image"></a><p>Paxcoo 0.8mm Elastic String, Stretchy Bracelet String Crystal String Bead Cord for Bracelet, Beading and Jewelry Making (120m)</p><p>$6.99 ($0.02 / Foot)</p><a href="https://www.amazon.com/dp/B07HBPGXJG?tag=eloabder-20&linkCode=osi&th=1&psc=1">View Product</a></div><div class="product"><a href="https://www.amazon.com/dp/B0CNPST7D9?tag=eloabder-20&linkCode=osi&th=1&psc=1"><img src="https://m.media-amazon.com/images/I/41A9VISFC4L._SL500_.jpg" alt="Product Image"></a><p>Kblick Black Nylon String Cord - 1MM 100 Yards Black Twine, Bracelet String for Bracelet Making, Braided Ornament Lanyard Sting, Jewelry Thread Clay Bead String for Crafts, Macrame Satin Cord</p><p>$5.99 ($0.02 / Foot)</p><a href="https://www.amazon.com/dp/B0CNPST7D9?tag=eloabder-20&linkCode=osi&th=1&psc=1">View Product</a></div><div class="product"><a href="https://www.amazon.com/dp/B08GC3JF9X?tag=eloabder-20&linkCode=osi&th=1&psc=1"><img src="https://m.media-amazon.com/images/I/41FQZYhvQpL._SL500_.jpg" alt="Product Image"></a><p>Cheriswelry 100M 0.8mm Nylon Beading Cord Black Chinese Knotting Rattail Macrame Thread String Roll for Jewelry Making Kumihimo Wrapping Supplies DIY Crafts</p><p>$6.99 ($0.02 / Fl Oz)</p><a href="https://www.amazon.com/dp/B08GC3JF9X?tag=eloabder-20&linkCode=osi&th=1&psc=1">View Product</a></div><div class="product"><a href="https://www.amazon.com/dp/B0B3V9RWQC?tag=eloabder-20&linkCode=osi&th=1&psc=1"><img src="https://m.media-amazon.com/images/I/41F-OP+yCxL._SL500_.jpg" alt="Product Image"></a><p>Griffin Silk Bead Cord Perlseide – Black Color – Size 3 (0.50mm) – 2 Meters per Card – Stainless Steel Needle Attached – for Knotting Pearls, Gemstones, Crystals and Beads</p><p>$4.99 ($0.76 / Foot)</p><a href="https://www.amazon.com/dp/B0B3V9RWQC?tag=eloabder-20&linkCode=osi&th=1&psc=1">View Product</a></div><div class="product"><a href="https://www.amazon.com/dp/B08F49YVQP?tag=eloabder-20&linkCode=osi&th=1&psc=1"><img src="https://m.media-amazon.com/images/I/41yCMIpj0rS._SL500_.jpg" alt="Product Image"></a><p>1mm Stretchy Bracelet String, Sturdy Rainbow Elastic String Elastic Cord for Jewelry Making, Necklaces, Beading and Crafts</p><p>$6.99 ($0.04 / Foot)</p><a href="https://www.amazon.com/dp/B08F49YVQP?tag=eloabder-20&linkCode=osi&th=1&psc=1">View Product</a></div>

<div class="product"><a href="https://www.amazon.com/dp/B001GMUBJ6?tag=eloabder-20&linkCode=osi&th=1&psc=1"><img src="https://m.media-amazon.com/images/I/41V5qzn3H5L._SL500_.jpg" alt="Product Image"></a><p>The Beadsmith Fireline by Berkley – Micro-Fused Braided Thread – 6lb. Test, 006”/.15mm Diameter, 50 Yard Spool, Crystal Color – Super Strong Stringing Material for Jewelry Making and Bead Weaving</p><p>$12.59</p><a href="https://www.amazon.com/dp/B001GMUBJ6?tag=eloabder-20&linkCode=osi&th=1&psc=1">View Product</a></div><div class="product"><a href="https://www.amazon.com/dp/B001UAKK0Y?tag=eloabder-20&linkCode=osi&th=1&psc=1"><img src="https://m.media-amazon.com/images/I/41rY1D0wfuL._SL500_.jpg" alt="Product Image"></a><p>Beadalon Wildfire, 0.006 in, 0.15 mm, Break Strength 10 lb / 4.5 kg, Frost, 50 yd / 45 m</p><p>$8.85 ($0.06 / Foot)</p><a href="https://www.amazon.com/dp/B001UAKK0Y?tag=eloabder-20&linkCode=osi&th=1&psc=1">View Product</a></div><div class="product"><a href="https://www.amazon.com/dp/B095WY58F4?tag=eloabder-20&linkCode=osi&th=1&psc=1"><img src="https://m.media-amazon.com/images/I/41mXRfJqcjL._SL500_.jpg" alt="Product Image"></a><p>PH PandaHall 0.1mm Nylon Seed Bead Thread 100 Yards Black White Bracelet Cord Beading Thread Invisible Sewing Thread Nylon Braided Thread String for Leather Stitching Beading Jewelry Bracelets Making</p><p>$9.99 ($0.03 / Foot)</p><a href="https://www.amazon.com/dp/B095WY58F4?tag=eloabder-20&linkCode=osi&th=1&psc=1">View Product</a></div><div class="product"><a href="https://www.amazon.com/dp/B08RN2R2SZ?tag=eloabder-20&linkCode=osi&th=1&psc=1"><img src="https://m.media-amazon.com/images/I/41Tg2MMC++L._SL500_.jpg" alt="Product Image"></a><p>KO Nylon Beading Thread, White Color, Japanese Pre-Waxed 100% Nylon, 330TEX, Tangle Resistant Knotting Cords, 50m /55 yds Spool, Use for Seed Bead Projects, Loom Work & Bead Weaving</p><p>$7.06 ($0.04 / Foot)</p><a href="https://www.amazon.com/dp/B08RN2R2SZ?tag=eloabder-20&linkCode=osi&th=1&psc=1">View Product</a></div><div class="product"><a href="https://www.amazon.com/dp/B09J89ST79?tag=eloabder-20&linkCode=osi&th=1&psc=1"><img src="https://m.media-amazon.com/images/I/41hLuuOZeXL._SL500_.jpg" alt="Product Image"></a><p>2 Roll Polyester Thread, Heavy Duty Thread, 1500Yard/Reel 210D/3 nylon thread for sewing, Sewing Thread for Upholstery, Outdoor Market, Drapery, Leather, Beading, Crafts</p><p>$7.99 ($0.00 / Foot)</p><a href="https://www.amazon.com/dp/B09J89ST79?tag=eloabder-20&linkCode=osi&th=1&psc=1">View Product</a></div><div class="product"><a href="https://www.amazon.com/dp/B0C6MSY7QQ?tag=eloabder-20&linkCode=osi&th=1&psc=1"><img src="https://m.media-amazon.com/images/I/31Bn-MyA62L._SL500_.jpg" alt="Product Image"></a><p>PH PandaHall 0.1mm Nylon String 100 Yards Beading Thread White Nylon Seed Bead Thread Bracelet Beading Thread Sewing String for Leather Stitching Beading Jewelry Bracelets Making</p><p>$7.99 ($0.03 / Foot)</p><a href="https://www.amazon.com/dp/B0C6MSY7QQ?tag=eloabder-20&linkCode=osi&th=1&psc=1">View Product</a></div>

<div class="product"><a href="https://www.amazon.com/dp/B07NMNDT1W?tag=eloabder-20&linkCode=osi&th=1&psc=1"><img src="https://m.media-amazon.com/images/I/41-zwQIcVcL._SL500_.jpg" alt="Product Image"></a><p>Howemon White Beeswax Pellets 2LB 100% Pure and Natural Triple Filtered for Skin, Face, Body and Hair Care DIY Creams, Lotions, Lip Balm and Soap Making Supplies</p><p>$13.99 ($0.44 / Fl Oz)</p><a href="https://www.amazon.com/dp/B07NMNDT1W?tag=eloabder-20&linkCode=osi&th=1&psc=1">View Product</a></div><div class="product"><a href="https://www.amazon.com/dp/B00B3U0FW4?tag=eloabder-20&linkCode=osi&th=1&psc=1"><img src="https://m.media-amazon.com/images/I/51rWFCST+TL._SL500_.jpg" alt="Product Image"></a><p>Beesworks Yellow Beeswax Pellets (1 lb) | 100% Pure, Cosmetic Grade, Triple-Filtered Beeswax for DIY Skin care, Lip Balm, Lotion, and Candle Making</p><p>$13.99 ($0.87 / Ounce)</p><a href="https://www.amazon.com/dp/B00B3U0FW4?tag=eloabder-20&linkCode=osi&th=1&psc=1">View Product</a></div><div class="product"><a href="https://www.amazon.com/dp/B01LWX2IO1?tag=eloabder-20&linkCode=osi&th=1&psc=1"><img src="https://m.media-amazon.com/images/I/41MlNqhDyCL._SL500_.jpg" alt="Product Image"></a><p>Beesworks Yellow Beeswax Bars (6 oz) | 100% Pure, Cosmetic Grade, Triple-Filtered Beeswax for DIY Skin Care, Lip Balm, Lotion and Candle Making (1 oz Bars - Pack of 6)</p><p>$6.99</p><a href="https://www.amazon.com/dp/B01LWX2IO1?tag=eloabder-20&linkCode=osi&th=1&psc=1">View Product</a></div><div class="product"><a href="https://www.amazon.com/dp/B0BV77F19N?tag=eloabder-20&linkCode=osi&th=1&psc=1"><img src="https://m.media-amazon.com/images/I/41xzHaO1-EL._SL500_.jpg" alt="Product Image"></a><p>Beeswax Pellets 10LB Cosmetic Beeswax Triple Filtered Beeswax Pastilles for Candle Making Great for DIY Projects Creams Lotions Lip Balm and Soap Making Supplies(10LB)</p><p>$32.99</p><a href="https://www.amazon.com/dp/B0BV77F19N?tag=eloabder-20&linkCode=osi&th=1&psc=1">View Product</a></div><div class="product"><a href="https://www.amazon.com/dp/B0C9QSG3CY?tag=eloabder-20&linkCode=osi&th=1&psc=1"><img src="https://m.media-amazon.com/images/I/414XQcU6SRL._SL500_.jpg" alt="Product Image"></a><p>YASNAY White Beeswax Pellets 2LB, 100% Organic Beeswax, Beeswax for Candle Making, Body, Skin Care DIY, Lip Balm and Soap Making Supplies</p><p>$11.99</p><a href="https://www.amazon.com/dp/B0C9QSG3CY?tag=eloabder-20&linkCode=osi&th=1&psc=1">View Product</a></div><div class="product"><a href="https://www.amazon.com/dp/B097HTC4WN?tag=eloabder-20&linkCode=osi&th=1&psc=1"><img src="https://m.media-amazon.com/images/I/51pwMM7C6-L._SL500_.jpg" alt="Product Image"></a><p>Eco Lux 8 Yellow Beeswax Blocks 100% Pure Natural Organic Bees Wax 6.5oz</p><p>$8.49 ($1.35 / Ounce)</p><a href="https://www.amazon.com/dp/B097HTC4WN?tag=eloabder-20&linkCode=osi&th=1&psc=1">View Product</a></div><div class="product"><a href="https://www.amazon.com/dp/B00HDHQQCE?tag=eloabder-20&linkCode=osi&th=1&psc=1"><img src="https://m.media-amazon.com/images/I/41vF-7MwNhL._SL500_.jpg" alt="Product Image"></a><p>Murray's 100% Pure Beeswax 4 oz</p><p>$5.98 ($1.50 / Ounce)</p><a href="https://www.amazon.com/dp/B00HDHQQCE?tag=eloabder-20&linkCode=osi&th=1&psc=1">View Product</a></div><div class="product"><a href="https://www.amazon.com/dp/B09YM8JTLM?tag=eloabder-20&linkCode=osi&th=1&psc=1"><img src="https://m.media-amazon.com/images/I/41cjNuBnFEL._SL500_.jpg" alt="Product Image"></a><p>TRINIDa Beeswax Pellets 2LB(32 oz), 100% Organic Yellow Bees Wax for DIY Candles, Beeswax for Candle Making, Skin, Body, Face, and Hair Care, Lotions, DIY Creams, Lip Balm and Soap Making Supplies</p><p>$11.99</p><a href="https://www.amazon.com/dp/B09YM8JTLM?tag=eloabder-20&linkCode=osi&th=1&psc=1">View Product</a></div><div class="product"><a href="https://www.amazon.com/dp/B00F3CNMV4?tag=eloabder-20&linkCode=osi&th=1&psc=1"><img src="https://m.media-amazon.com/images/I/31pjrRAEa4L._SL500_.jpg" alt="Product Image"></a><p>Stakich Yellow Beeswax Block - Natural, Triple Filtered - 1 Pound, Honey Scent</p><p>$13.95 ($0.87 / Ounce)</p><a href="https://www.amazon.com/dp/B00F3CNMV4?tag=eloabder-20&linkCode=osi&th=1&psc=1">View Product</a></div><div class="product"><a href="https://www.amazon.com/dp/B0BXFZBZS9?tag=eloabder-20&linkCode=osi&th=1&psc=1"><img src="https://m.media-amazon.com/images/I/4178i9IB9KL._SL500_.jpg" alt="Product Image"></a><p>5LB Beeswax Pellets Beeswax for Candle Making Organic Beeswax Pellets for Skin Beeswax Beads Beeswax Bulk Beeswax for Lotion Making Organic for DIY and Craft Project</p><p>$22.99</p><a href="https://www.amazon.com/dp/B0BXFZBZS9?tag=eloabder-20&linkCode=osi&th=1&psc=1">View Product</a></div>
<div class="product"><a href="https://www.amazon.com/dp/B0052F1BVK?tag=eloabder-20&linkCode=osi&th=1&psc=1"><img src="https://m.media-amazon.com/images/I/41zE9eiGoLL._SL500_.jpg" alt="Product Image"></a><p>ACC Staples Large Binder Clips, 2" Width, 1" Capacity, Black, 12/Pk</p><p>$6.30</p><a href="https://www.amazon.com/dp/B0052F1BVK?tag=eloabder-20&linkCode=osi&th=1&psc=1">View Product</a></div><div class="product"><a href="https://www.amazon.com/dp/B07MLFR771?tag=eloabder-20&linkCode=osi&th=1&psc=1"><img src="https://m.media-amazon.com/images/I/51N2wxA7N0L._SL500_.jpg" alt="Product Image"></a><p>CooBigo 50 Pack Binder Ring, Metal Book Ring Paper Ring Holder 5/8-Inch Loose Leaf Binder Ring Clip for Index Card, Flash Card Ring, Card Calendar, Keychain Key Ring - Bronze</p><p>$6.99</p><a href="https://www.amazon.com/dp/B07MLFR771?tag=eloabder-20&linkCode=osi&th=1&psc=1">View Product</a></div><div class="product"><a href="https://www.amazon.com/dp/B01563NHGY?tag=eloabder-20&linkCode=osi&th=1&psc=1"><img src="https://m.media-amazon.com/images/I/41gj+0ZftqL._SL500_.jpg" alt="Product Image"></a><p>vanki Pack of 40 Cute Lovely Smiling Face Spring-Loaded File Organizer Paper Holder Metal Binder Clips, Assorted Color</p><p>$8.99</p><a href="https://www.amazon.com/dp/B01563NHGY?tag=eloabder-20&linkCode=osi&th=1&psc=1">View Product</a></div><div class="product"><a href="https://www.amazon.com/dp/B000GOUDSO?tag=eloabder-20&linkCode=osi&th=1&psc=1"><img src="https://m.media-amazon.com/images/I/41ZANISHgML._SL500_.jpg" alt="Product Image"></a><p>Small Binder Clips .75" 8/Pkg-Assorted Colors</p><p>$4.46</p><a href="https://www.amazon.com/dp/B000GOUDSO?tag=eloabder-20&linkCode=osi&th=1&psc=1">View Product</a></div>
<div class="product"><a href="https://www.amazon.com/dp/B07PRPX4VR?tag=eloabder-20&linkCode=osi&th=1&psc=1"><img src="https://m.media-amazon.com/images/I/41IMH12fdPL._SL500_.jpg" alt="Product Image"></a><p>Durable Sheet Lifters, Durable Easy Flow, 11" x 3", Lifts Sheets Over Rings and Protects Sheets from Tearing, Fit Standard 3-Ring Binders, Black (20 Pack)</p><p>$14.99</p><a href="https://www.amazon.com/dp/B07PRPX4VR?tag=eloabder-20&linkCode=osi&th=1&psc=1">View Product</a></div><div class="product"><a href="https://www.amazon.com/dp/B0CM8QJHFW?tag=eloabder-20&linkCode=osi&th=1&psc=1"><img src="https://m.media-amazon.com/images/I/31cJGS74oCL._SL500_.jpg" alt="Product Image"></a><p>Wantane D-Shaped Tape Storage Ring Tape Storage Ring 4" D-Shaped Washi Tape Storage Ring for DIY Decoration and Storage（Nickel）-2PCS</p><p>$7.99</p><a href="https://www.amazon.com/dp/B0CM8QJHFW?tag=eloabder-20&linkCode=osi&th=1&psc=1">View Product</a></div>
<div class="product"><a href="https://www.amazon.com/dp/B00006IAS3?tag=eloabder-20&linkCode=osi&th=1&psc=1"><img src="https://m.media-amazon.com/images/I/317DvSXhT1L._SL500_.jpg" alt="Product Image"></a><p>GBC Binding System, Manual, Desktop Binding Punch, 6 Sheet Punch Capacity, ProClick P50 (2515650)</p><p>$123.89</p><a href="https://www.amazon.com/dp/B00006IAS3?tag=eloabder-20&linkCode=osi&th=1&psc=1">View Product</a></div><div class="product"><a href="https://www.amazon.com/dp/B004BP81KQ?tag=eloabder-20&linkCode=osi&th=1&psc=1"><img src="https://m.media-amazon.com/images/I/51SqfeZ12KL._SL500_.jpg" alt="Product Image"></a><p>We R Memory Keepers Cinch Book Binding Wire (1-Inch, Silver (2 Pack))</p><p>$5.99</p><a href="https://www.amazon.com/dp/B004BP81KQ?tag=eloabder-20&linkCode=osi&th=1&psc=1">View Product</a></div>

<div class="product"><a href="https://www.amazon.com/dp/B0007ZJ8TM?tag=eloabder-20&linkCode=osi&th=1&psc=1"><img src="https://m.media-amazon.com/images/I/41i49sz3UAL._SL500_.jpg" alt="Product Image"></a><p>Speedball Super Black India Ink, 2-Ounce</p><p>$9.99 ($9.99 / Count)</p><a href="https://www.amazon.com/dp/B0007ZJ8TM?tag=eloabder-20&linkCode=osi&th=1&psc=1">View Product</a></div><div class="product"><a href="https://www.amazon.com/dp/B0026I10AI?tag=eloabder-20&linkCode=osi&th=1&psc=1"><img src="https://m.media-amazon.com/images/I/31vklP4uBsL._SL500_.jpg" alt="Product Image"></a><p>Dr. Ph. Martin's Bombay India (7BY) Ink Bottle, 1.0 oz, Black</p><p>$6.99</p><a href="https://www.amazon.com/dp/B0026I10AI?tag=eloabder-20&linkCode=osi&th=1&psc=1">View Product</a></div><div class="product"><a href="https://www.amazon.com/dp/B000KNP96C?tag=eloabder-20&linkCode=osi&th=1&psc=1"><img src="https://m.media-amazon.com/images/I/51e9srYtG0L._SL500_.jpg" alt="Product Image"></a><p>Winsor & Newton Drawing Ink, 14ml Bottle, Black Indian</p><p>$10.99</p><a href="https://www.amazon.com/dp/B000KNP96C?tag=eloabder-20&linkCode=osi&th=1&psc=1">View Product</a></div><div class="product"><a href="https://www.amazon.com/dp/B07BQG5QF4?tag=eloabder-20&linkCode=osi&th=1&psc=1"><img src="https://m.media-amazon.com/images/I/41nEMDYZaiL._SL500_.jpg" alt="Product Image"></a><p>Speedball Super Black India Ink, 16-Ounce</p><p>$19.99</p><a href="https://www.amazon.com/dp/B07BQG5QF4?tag=eloabder-20&linkCode=osi&th=1&psc=1">View Product</a></div><div class="product"><a href="https://www.amazon.com/dp/B001038NLY?tag=eloabder-20&linkCode=osi&th=1&psc=1"><img src="https://m.media-amazon.com/images/I/418i4sxJJ0L._SL500_.jpg" alt="Product Image"></a><p>Speedball Fabric Screen Printing Ink, 8-Ounce, Black for T-Shirt and Silkscreen Printmaking</p><p>$12.99 ($1.62 / Fl Oz)</p><a href="https://www.amazon.com/dp/B001038NLY?tag=eloabder-20&linkCode=osi&th=1&psc=1">View Product</a></div><div class="product"><a href="https://www.amazon.com/dp/B00161OPSA?tag=eloabder-20&linkCode=osi&th=1&psc=1"><img src="https://m.media-amazon.com/images/I/41C32y3CJAL._SL500_.jpg" alt="Product Image"></a><p>Tsukineko VersaFine inkpad, Full-Size, Onyx Black</p><p>$4.99 ($4.99 / Count)</p><a href="https://www.amazon.com/dp/B00161OPSA?tag=eloabder-20&linkCode=osi&th=1&psc=1">View Product</a></div>

<div class="product"><a href="https://www.amazon.com/dp/B0D3HPD7WP?tag=eloabder-20&linkCode=osi&th=1&psc=1"><img src="https://m.media-amazon.com/images/I/31KSmmAWUWL._SL500_.jpg" alt="Product Image"></a><p>50 Sheets Grey Cardstock Paper, Colored Printer Paper 8.5 x 11, Thick Construction Paper for Cards Making, Scrapbook，Office Printing, Invitations, Certificates，DIY Crafting 92 lb/250gsm</p><p>$9.99</p><a href="https://www.amazon.com/dp/B0D3HPD7WP?tag=eloabder-20&linkCode=osi&th=1&psc=1">View Product</a></div>
<div class="product"><a href="https://www.amazon.com/dp/B076CP6F36?tag=eloabder-20&linkCode=osi&th=1&psc=1"><img src="https://m.media-amazon.com/images/I/51rfEIvgI+L._SL500_.jpg" alt="Product Image"></a><p>Apple Barrel, Vibrant Spectrum Collection Acrylic Craft Paint, PROMOABIII, 2 fl oz each, 16 assorted matte colors, 16 count</p><p>$15.97 ($0.50 / Fl Oz)</p><a href="https://www.amazon.com/dp/B076CP6F36?tag=eloabder-20&linkCode=osi&th=1&psc=1">View Product</a></div><div class="product"><a href="https://www.amazon.com/dp/B0BKFLSYQF?tag=eloabder-20&linkCode=osi&th=1&psc=1"><img src="https://m.media-amazon.com/images/I/51a0PmPRknL._SL500_.jpg" alt="Product Image"></a><p>72 Pack Acrylic Paint Set, Shuttle Art 60 Colors Acrylic Paint Including Extra White Black & 12 Brushes, 2oz/60ml, Rich Pigmented, Water Proof, Ideal for Artists, Beginners on Canvas Rock Wood Ceramic</p><p>$45.99 ($23.00 / Fl Oz)</p><a href="https://www.amazon.com/dp/B0BKFLSYQF?tag=eloabder-20&linkCode=osi&th=1&psc=1">View Product</a></div><div class="product"><a href="https://www.amazon.com/dp/B08CB3JH79?tag=eloabder-20&linkCode=osi&th=1&psc=1"><img src="https://m.media-amazon.com/images/I/51OUZsFdnTL._SL500_.jpg" alt="Product Image"></a><p>Acrylic Paint Set of 36 Colors 2fl oz 60ml Bottles,Non Toxic 36 Colors Acrylic Paint No Fading Rich Pigment for Kids Adults Artists Canvas Crafts Wood Painting</p><p>$32.99 ($0.46 / Fl Oz)</p><a href="https://www.amazon.com/dp/B08CB3JH79?tag=eloabder-20&linkCode=osi&th=1&psc=1">View Product</a></div><div class="product"><a href="https://www.amazon.com/dp/B0018NBVKQ?tag=eloabder-20&linkCode=osi&th=1&psc=1"><img src="https://m.media-amazon.com/images/I/31YlSvZMTCL._SL500_.jpg" alt="Product Image"></a><p>Apple Barrel Acrylic Paint in Assorted Colors (8 Ounce), 20403 White</p><p>$2.67 ($0.33 / Fl Oz)</p><a href="https://www.amazon.com/dp/B0018NBVKQ?tag=eloabder-20&linkCode=osi&th=1&psc=1">View Product</a></div><div class="product"><a href="https://www.amazon.com/dp/B077WSBLZ1?tag=eloabder-20&linkCode=osi&th=1&psc=1"><img src="https://m.media-amazon.com/images/I/51KPkXpLn1L._SL500_.jpg" alt="Product Image"></a><p>Shuttle Art Acrylic Paint Set, 30 x12ml Tubes Artist Quality Non Toxic Rich Pigments Colors Great for Kids Adults Professional Painting on Rocks Canvas Wood Clay Fabric Ceramic Crafts</p><p>$12.99 ($1.08 / Fl Oz)</p><a href="https://www.amazon.com/dp/B077WSBLZ1?tag=eloabder-20&linkCode=osi&th=1&psc=1">View Product</a></div><div class="product"><a href="https://www.amazon.com/dp/B00889Z5Y6?tag=eloabder-20&linkCode=osi&th=1&psc=1"><img src="https://m.media-amazon.com/images/I/41MQjsyDbSL._SL500_.jpg" alt="Product Image"></a><p>Apple Barrel Acrylic Paint in Assorted Colors (2 oz), 20764, Apricot</p><p>$0.58 ($0.29 / Fl Oz)</p><a href="https://www.amazon.com/dp/B00889Z5Y6?tag=eloabder-20&linkCode=osi&th=1&psc=1">View Product</a></div><div class="product"><a href="https://www.amazon.com/dp/B09TWQD5ZL?tag=eloabder-20&linkCode=osi&th=1&psc=1"><img src="https://m.media-amazon.com/images/I/41B0L003QXL._SL500_.jpg" alt="Product Image"></a><p>Artkey Acrylic Paint Set - 24 colors 2 oz/59 ml Acrylic Paints Professional Artists Painting Kit for Canvases Fabric Rock Leather Easter Egg Wood Ceramic Glass Art Craft Painting</p><p>$19.99 ($0.42 / Fl Oz)</p><a href="https://www.amazon.com/dp/B09TWQD5ZL?tag=eloabder-20&linkCode=osi&th=1&psc=1">View Product</a></div><div class="product"><a href="https://www.amazon.com/dp/B07Z93LQDB?tag=eloabder-20&linkCode=osi&th=1&psc=1"><img src="https://m.media-amazon.com/images/I/51veoN6zK0L._SL500_.jpg" alt="Product Image"></a><p>Shuttle Art Acrylic Paint Set, 36 Colors Acrylic Paint with Brushes & Palette, 2oz Bottles, Rich Pigments Non-toxic Paint for Artists Kids & Adults, Art Supplies for Canvas Rock Ceramic Wood Painting</p><p>$27.99</p><a href="https://www.amazon.com/dp/B07Z93LQDB?tag=eloabder-20&linkCode=osi&th=1&psc=1">View Product</a></div><div class="product"><a href="https://www.amazon.com/dp/B002665SYY?tag=eloabder-20&linkCode=osi&th=1&psc=1"><img src="https://m.media-amazon.com/images/I/31sJJeWK6OS._SL500_.jpg" alt="Product Image"></a><p>Liquitex BASICS Acrylic Paint, 250ml (8.5-oz) Tube, Titanium White</p><p>$9.99 ($1.18 / Fl Oz)</p><a href="https://www.amazon.com/dp/B002665SYY?tag=eloabder-20&linkCode=osi&th=1&psc=1">View Product</a></div>
<div class="product"><a href="https://www.amazon.com/dp/B0CC98XLGL?tag=eloabder-20&linkCode=osi&th=1&psc=1"><img src="https://m.media-amazon.com/images/I/51ZLw+nThiL._SL500_.jpg" alt="Product Image"></a><p>HUIRUSO 4 Pack Double Sided Tape Roller, Scrapbook Supplies, Glue Tape Roller for Crafts, Double-Sided Adhesive Tape Runner for Scrapbooking, School Office Journaling Supplies (0.31 in X 26.25 ft)</p><p>$6.99 ($1.75 / Count)</p><a href="https://www.amazon.com/dp/B0CC98XLGL?tag=eloabder-20&linkCode=osi&th=1&psc=1">View Product</a></div><div class="product"><a href="https://www.amazon.com/dp/B007XAAE6K?tag=eloabder-20&linkCode=osi&th=1&psc=1"><img src="https://m.media-amazon.com/images/I/414qxYVR0wL._SL500_.jpg" alt="Product Image"></a><p>Scotch Double Sided Tape Runner, 1-Pack, 0.27 in x 26 ft., Perfect for Holiday Crafts, Gifts, and More</p><p>$4.47</p><a href="https://www.amazon.com/dp/B007XAAE6K?tag=eloabder-20&linkCode=osi&th=1&psc=1">View Product</a></div><div class="product"><a href="https://www.amazon.com/dp/B0BZVGPFSK?tag=eloabder-20&linkCode=osi&th=1&psc=1"><img src="https://m.media-amazon.com/images/I/51-ue9+7JkL._SL500_.jpg" alt="Product Image"></a><p>Birllaid Double Sided Tape for Walls, Picture Hanging Strips Removable Mounting Dots Adhesive Heavy Duty, Removable for Art Craft, Decoration, Party Supplies, Multipurpose</p><p>$11.99</p><a href="https://www.amazon.com/dp/B0BZVGPFSK?tag=eloabder-20&linkCode=osi&th=1&psc=1">View Product</a></div><div class="product"><a href="https://www.amazon.com/dp/B0CGVN9SL1?tag=eloabder-20&linkCode=osi&th=1&psc=1"><img src="https://m.media-amazon.com/images/I/41Hy+i4CnoL._SL500_.jpg" alt="Product Image"></a><p>30Ft x 1 Inch Hook and Loop Strips with Adhesive,Double Rolls of Heavy Duty Self Adhesive Tape with Backing, Nylon Self Adhesive Tape for Home Office School and Crafting,White</p><p>$9.99</p><a href="https://www.amazon.com/dp/B0CGVN9SL1?tag=eloabder-20&linkCode=osi&th=1&psc=1">View Product</a></div><div class="product"><a href="https://www.amazon.com/dp/B07Y3VDPLF?tag=eloabder-20&linkCode=osi&th=1&psc=1"><img src="https://m.media-amazon.com/images/I/41cyKQ2OMuL._SL500_.jpg" alt="Product Image"></a><p>Melsan 1x4 inch Hook and Loop Strips with Adhesive - 15 Sets, Strong Back Adhesive Fasten Mounting Tape for Home or Office Use - Instead of Holes and Screws, Black</p><p>$7.82</p><a href="https://www.amazon.com/dp/B07Y3VDPLF?tag=eloabder-20&linkCode=osi&th=1&psc=1">View Product</a></div><div class="product"><a href="https://www.amazon.com/dp/B07V57VJT5?tag=eloabder-20&linkCode=osi&th=1&psc=1"><img src="https://m.media-amazon.com/images/I/514JO3bvl3L._SL500_.jpg" alt="Product Image"></a><p>XFasten Adhesive Roller for Scrapbooking, 8mm x 30ft 4-Pack Double Sided Glue Tape Roller, Scrapbook Supplies for Adults, Photo Tape for Scrapbooking</p><p>$9.99 ($2.50 / Count)</p><a href="https://www.amazon.com/dp/B07V57VJT5?tag=eloabder-20&linkCode=osi&th=1&psc=1">View Product</a></div><div class="product"><a href="https://www.amazon.com/dp/B07JLTGQHX?tag=eloabder-20&linkCode=osi&th=1&psc=1"><img src="https://m.media-amazon.com/images/I/51Eqfo7kUZL._SL500_.jpg" alt="Product Image"></a><p>UPINS 120 Pack Double Sided Foam Tape Square Self-Adhesive Foam Tape Black Strong Tape Pads for DIY Art Crafts Supplies</p><p>$9.99 ($0.08 / Count)</p><a href="https://www.amazon.com/dp/B07JLTGQHX?tag=eloabder-20&linkCode=osi&th=1&psc=1">View Product</a></div><div class="product"><a href="https://www.amazon.com/dp/B005FM6XF4?tag=eloabder-20&linkCode=osi&th=1&psc=1"><img src="https://m.media-amazon.com/images/I/51-vp1WJ89L._SL500_.jpg" alt="Product Image"></a><p>AdTech 5603 Permanent Crafter's Tape, 0.31" x 315", Pack of 4</p><p>$7.84 ($0.07 / Foot)</p><a href="https://www.amazon.com/dp/B005FM6XF4?tag=eloabder-20&linkCode=osi&th=1&psc=1">View Product</a></div><div class="product"><a href="https://www.amazon.com/dp/B0CJF1FLFJ?tag=eloabder-20&linkCode=osi&th=1&psc=1"><img src="https://m.media-amazon.com/images/I/51dig1RqzdL._SL500_.jpg" alt="Product Image"></a><p>UPINS 150Pack Double Sided Foam Tape Strong Sticky Double Sided Foam Pads for Crafts Self-Adhesive Mounting Foam Tape Heavy Duty for Home Wall Decor 40 * 40 * 2mm</p><p>$8.99 ($0.06 / Count)</p><a href="https://www.amazon.com/dp/B0CJF1FLFJ?tag=eloabder-20&linkCode=osi&th=1&psc=1">View Product</a></div><div class="product"><a href="https://www.amazon.com/dp/B0D4YWRGCL?tag=eloabder-20&linkCode=osi&th=1&psc=1"><img src="https://m.media-amazon.com/images/I/41EqJ553-KL._SL500_.jpg" alt="Product Image"></a><p>Amanbo Glue Tape for Scrapbooking, 6 Pack Scrapbook Tape, Double Sided Tape Roller for Crafts, Total 120 Ft x 0.24 in Tape Runner, Craft Supplies for Scrapbooking, Gift Wrapping and Photo Tape</p><p>$6.99</p><a href="https://www.amazon.com/dp/B0D4YWRGCL?tag=eloabder-20&linkCode=osi&th=1&psc=1">View Product</a></div>
<div class="product"><a href="https://www.amazon.com/dp/B0CC5HPPTN?tag=eloabder-20&linkCode=osi&th=1&psc=1"><img src="https://m.media-amazon.com/images/I/519M81S201L._SL500_.jpg" alt="Product Image"></a><p>Airbrush Paint - 30 Colors with 3 Thinner, Ready to Spray Airbrush Paint Set, Water-Based Acrylic Air brush Paints for Metal, Plastic Models, Canvas, Wood, 20ml/Bottle</p><p>$32.99 ($1.48 / Fl Oz)</p><a href="https://www.amazon.com/dp/B0CC5HPPTN?tag=eloabder-20&linkCode=osi&th=1&psc=1">View Product</a></div>
<div class="product"><a href="https://www.amazon.com/dp/B0CXPSGK36?tag=eloabder-20&linkCode=osi&th=1&psc=1"><img src="https://m.media-amazon.com/images/I/51dd2dYOtrL._SL500_.jpg" alt="Product Image"></a><p>Letter Stickers 30 Sheets 1500 PCS Large Alphabet Sticker 2 Inch Vinyl Self Adhesive Stick on Stickers for Water Bottles Cup Mailbox Number Address Craft Scrapbooking Bulletin Board Decor Multicolor</p><p>$9.99</p><a href="https://www.amazon.com/dp/B0CXPSGK36?tag=eloabder-20&linkCode=osi&th=1&psc=1">View Product</a></div><div class="product"><a href="https://www.amazon.com/dp/B07NNYFMGY?tag=eloabder-20&linkCode=osi&th=1&psc=1"><img src="https://m.media-amazon.com/images/I/51yDnU+gEXL._SL500_.jpg" alt="Product Image"></a><p>20 Sheets Alphabet Letter Stickers 10 Colors Self Adhesive Sticker Colorful PU Material Convex Feeling (Colored Letter Stickers 1)</p><p>$6.99 ($0.35 / Count)</p><a href="https://www.amazon.com/dp/B07NNYFMGY?tag=eloabder-20&linkCode=osi&th=1&psc=1">View Product</a></div>

<div class="product"><a href="https://www.amazon.com/dp/B01DDN8854?tag=eloabder-20&linkCode=osi&th=1&psc=1"><img src="https://m.media-amazon.com/images/I/61dPubDZBSL._SL500_.jpg" alt="Product Image"></a><p>Hugs 'n Kisses HNKHABY13 Applique Paper (20 Pack)</p><p>$19.72 ($0.99 / Count)</p><a href="https://www.amazon.com/dp/B01DDN8854?tag=eloabder-20&linkCode=osi&th=1&psc=1">View Product</a></div>
<div class="product"><a href="https://www.amazon.com/dp/B09KPNFJW1?tag=eloabder-20&linkCode=osi&th=1&psc=1"><img src="https://m.media-amazon.com/images/I/41abn5fELmL._SL500_.jpg" alt="Product Image"></a><p>UniPleased Disposable Aprons (50 Count), Plastic apron for Painting Party, Cooking, Housework, Picnic etc.</p><p>$5.69</p><a href="https://www.amazon.com/dp/B09KPNFJW1?tag=eloabder-20&linkCode=osi&th=1&psc=1">View Product</a></div>
<div class="product"><a href="https://www.amazon.com/dp/B087M21MM2?tag=eloabder-20&linkCode=osi&th=1&psc=1"><img src="https://m.media-amazon.com/images/I/41Xf-jehhLL._SL500_.jpg" alt="Product Image"></a><p>GOTIDEAL Stretched Canvas, Multi Pack 4x4, 5x7, 8x10,9x12, 11x14 Set of 10, Primed White - 100% Cotton Artist Canvas Boards for Painting, Acrylic Pouring, Oil Paint Dry & Wet Art Media</p><p>$24.99</p><a href="https://www.amazon.com/dp/B087M21MM2?tag=eloabder-20&linkCode=osi&th=1&psc=1">View Product</a></div><div class="product"><a href="https://www.amazon.com/dp/B00OQJYISG?tag=eloabder-20&linkCode=osi&th=1&psc=1"><img src="https://m.media-amazon.com/images/I/31fEDLPkkcL._SL500_.jpg" alt="Product Image"></a><p>6 Count 12” x 16” Super Value Canvas by Artist's Loft Necessities - Acid Free Cotton Canvas for Paint, Acrylic, & Oils - 1 Pack</p><p>$19.99</p><a href="https://www.amazon.com/dp/B00OQJYISG?tag=eloabder-20&linkCode=osi&th=1&psc=1">View Product</a></div><div class="product"><a href="https://www.amazon.com/dp/B09CDKB9HY?tag=eloabder-20&linkCode=osi&th=1&psc=1"><img src="https://m.media-amazon.com/images/I/51+p5xnClGL._SL500_.jpg" alt="Product Image"></a><p>DPDIAN Canvas Boards for Painting 40 Pack, 8 inch x 10 inch Super Value Pack, Artist Canvas Panels for Oil & Acrylic Painting</p><p>$29.99</p><a href="https://www.amazon.com/dp/B09CDKB9HY?tag=eloabder-20&linkCode=osi&th=1&psc=1">View Product</a></div><div class="product"><a href="https://www.amazon.com/dp/B0CFBGP29G?tag=eloabder-20&linkCode=osi&th=1&psc=1"><img src="https://m.media-amazon.com/images/I/3147Az5plbL._SL500_.jpg" alt="Product Image"></a><p>ArtSkills Stretched Canvases for Painting, 12x16 Canvas Painting Supplies for Artists, Blank Canvas Pack, 2-Pack</p><p>$16.99</p><a href="https://www.amazon.com/dp/B0CFBGP29G?tag=eloabder-20&linkCode=osi&th=1&psc=1">View Product</a></div><div class="product"><a href="https://www.amazon.com/dp/B07BNGQ1SS?tag=eloabder-20&linkCode=osi&th=1&psc=1"><img src="https://m.media-amazon.com/images/I/410ZVtygUwS._SL500_.jpg" alt="Product Image"></a><p>PHOENIX Stretched Canvas for Painting 8x10 Inch/10 Value Pack, 8 Oz Triple Primed 5/8 Inch Profile 100% Cotton White Blank Canvas, Artist Framed Canvas for Oil Acrylic & Pouring Art</p><p>$22.99</p><a href="https://www.amazon.com/dp/B07BNGQ1SS?tag=eloabder-20&linkCode=osi&th=1&psc=1">View Product</a></div><div class="product"><a href="https://www.amazon.com/dp/B0922JP1H4?tag=eloabder-20&linkCode=osi&th=1&psc=1"><img src="https://m.media-amazon.com/images/I/41BmiEND1KL._SL500_.jpg" alt="Product Image"></a><p>GOTIDEAL Canvases for Painting, 18 Pack Canvas Boards Multipack 4x4, 5x7, 8x10, 9x12,11x14,Primed White Blank Artist Canvas Variety Pack for Acrylic Paint, Oil Paint, Watercolor, Gouache</p><p>$19.99</p><a href="https://www.amazon.com/dp/B0922JP1H4?tag=eloabder-20&linkCode=osi&th=1&psc=1">View Product</a></div>


<div class="product"><a href="https://www.amazon.com/dp/B0872VFHBH?tag=eloabder-20&linkCode=osi&th=1&psc=1"><img src="https://m.media-amazon.com/images/I/51k3bekQheS._SL500_.jpg" alt="Product Image"></a><p>Bachmore Drawing Pad 9X12 Inch (110lb/180g), 60 Sheets, Top Spiral Bound Multi-Media for Artist Pro & Amateurs | Acrylic Art, Ink, Paint, Oil Pastels,Watercolor Mixed Media Sketch</p><p>$11.99</p><a href="https://www.amazon.com/dp/B0872VFHBH?tag=eloabder-20&linkCode=osi&th=1&psc=1">View Product</a></div><div class="product"><a href="https://www.amazon.com/dp/B0027A75A4?tag=eloabder-20&linkCode=osi&th=1&psc=1"><img src="https://m.media-amazon.com/images/I/51dyOxxcgYL._SL500_.jpg" alt="Product Image"></a><p>Strathmore 200 Series Sketch Pad, 9x12 inch, 100 Sheets, Tape Bound - Artist Sketchbook for Drawing, Illustration, Art Class Students</p><p>$6.99 ($0.07 / Count)</p><a href="https://www.amazon.com/dp/B0027A75A4?tag=eloabder-20&linkCode=osi&th=1&psc=1">View Product</a></div><div class="product"><a href="https://www.amazon.com/dp/B0BV13YQKX?tag=eloabder-20&linkCode=osi&th=1&psc=1"><img src="https://m.media-amazon.com/images/I/41VYfMpvXUL._SL500_.jpg" alt="Product Image"></a><p>Canson Graduate Watercolor Pad, Foldover, 9x12 inch, 20 Sheets | Artist Paper for Adults and Students - Painting, Gouache, Mixed Media and Ink</p><p>$4.97 ($0.41 / Count)</p><a href="https://www.amazon.com/dp/B0BV13YQKX?tag=eloabder-20&linkCode=osi&th=1&psc=1">View Product</a></div><div class="product"><a href="https://www.amazon.com/dp/B0024KMQ6K?tag=eloabder-20&linkCode=osi&th=1&psc=1"><img src="https://m.media-amazon.com/images/I/51sYdvPPUCL._SL500_.jpg" alt="Product Image"></a><p>Strathmore 400 Series Pastel Pad, Assorted Colors, 9"x12" Glue Bound, 24 Sheets</p><p>$9.11</p><a href="https://www.amazon.com/dp/B0024KMQ6K?tag=eloabder-20&linkCode=osi&th=1&psc=1">View Product</a></div><div class="product"><a href="https://www.amazon.com/dp/B00246O6PI?tag=eloabder-20&linkCode=osi&th=1&psc=1"><img src="https://m.media-amazon.com/images/I/517TUmckOIL._SL500_.jpg" alt="Product Image"></a><p>Strathmore 300 Series Drawing Paper Pad, Top Wire Bound, 11x14 inches, 50 Sheets (70lb/114g) - Artist Paper for Adults and Students - Charcoal, Colored Pencil, Ink, Pastel, Marker</p><p>$13.33</p><a href="https://www.amazon.com/dp/B00246O6PI?tag=eloabder-20&linkCode=osi&th=1&psc=1">View Product</a></div>
<div class="product"><a href="https://www.amazon.com/dp/B08ZMH7LJY?tag=eloabder-20&linkCode=osi&th=1&psc=1"><img src="https://m.media-amazon.com/images/I/51mJIsLJA-S._SL500_.jpg" alt="Product Image"></a><p>PANDAFLY Professional Drawing Sketching Pencil Set - 12 Pieces Graphite Pencils(14B - 2H), Ideal for Drawing Art, Sketching, Shading, Artist Pencils for Beginners & Pro Artists</p><p>$5.11</p><a href="https://www.amazon.com/dp/B08ZMH7LJY?tag=eloabder-20&linkCode=osi&th=1&psc=1">View Product</a></div><div class="product"><a href="https://www.amazon.com/dp/B088K1G5NL?tag=eloabder-20&linkCode=osi&th=1&psc=1"><img src="https://m.media-amazon.com/images/I/51F2bOMZWnL._SL500_.jpg" alt="Product Image"></a><p>MARKART Professional Drawing Sketching Pencil Set - 14 Pieces,Graphite,(12B - 4H), Ideal for Drawing Art, Sketching, Shading, Artist Pencils for Beginners & Pro Artists</p><p>$5.24</p><a href="https://www.amazon.com/dp/B088K1G5NL?tag=eloabder-20&linkCode=osi&th=1&psc=1">View Product</a></div><div class="product"><a href="https://www.amazon.com/dp/B08FHMRW4L?tag=eloabder-20&linkCode=osi&th=1&psc=1"><img src="https://m.media-amazon.com/images/I/51Pmn5gjyzL._SL500_.jpg" alt="Product Image"></a><p>Mr. Pen- Sketch Pencils for Drawing, 14 Pack, Drawing Pencils, Art Pencils, Graphite Pencils, Graphite Pencils for Drawing, Art Pencils for Drawing and Shading</p><p>$5.95</p><a href="https://www.amazon.com/dp/B08FHMRW4L?tag=eloabder-20&linkCode=osi&th=1&psc=1">View Product</a></div><div class="product"><a href="https://www.amazon.com/dp/B0BNQ58DC4?tag=eloabder-20&linkCode=osi&th=1&psc=1"><img src="https://m.media-amazon.com/images/I/51e-gQtCcCL._SL500_.jpg" alt="Product Image"></a><p>MARTCOLOR Drawing Sketching Pencils Set, 12 Pack Graphite Pencils(14B - 2H), Ideal for Drawing Art, Sketching, Shading, Artist Pencils for Beginners & Pro Artists</p><p>$5.99</p><a href="https://www.amazon.com/dp/B0BNQ58DC4?tag=eloabder-20&linkCode=osi&th=1&psc=1">View Product</a></div>

<div class="product"><a href="https://www.amazon.com/dp/B0851M3749?tag=eloabder-20&linkCode=osi&th=1&psc=1"><img src="https://m.media-amazon.com/images/I/41KKSGSDl5L._SL500_.jpg" alt="Product Image"></a><p>N NOROCME 12 PCS Blending Stumps and Tortillions Paper Art Blenders with Sandpaper Pencil Sharpener Pointer for Student Artist Charcoal Sketch Drawing Tools</p><p>$4.99</p><a href="https://www.amazon.com/dp/B0851M3749?tag=eloabder-20&linkCode=osi&th=1&psc=1">View Product</a></div><div class="product"><a href="https://www.amazon.com/dp/B09J3HKN8F?tag=eloabder-20&linkCode=osi&th=1&psc=1"><img src="https://m.media-amazon.com/images/I/51Qvx81eQLL._SL500_.jpg" alt="Product Image"></a><p>Eraser Pencils Set for Artists, Wooden Sketch Eraser Pen for Charcoal Drawings, Professional Highlight Painting Eraser for Sketching, Revise Erasing Details for Students Limner</p><p>$6.99</p><a href="https://www.amazon.com/dp/B09J3HKN8F?tag=eloabder-20&linkCode=osi&th=1&psc=1">View Product</a></div>
<div class="product"><a href="https://www.amazon.com/dp/B09WCQ89T8?tag=eloabder-20&linkCode=osi&th=1&psc=1"><img src="https://m.media-amazon.com/images/I/41gZz0qgBFL._SL500_.jpg" alt="Product Image"></a><p>Bernat BABY BLANKET BB Blue Dreams Yarn - 1 Pack of 10.5oz/300g - Polyester - #6 Super Bulky - 220 Yards - Knitting/Crochet</p><p>$6.97</p><a href="https://www.amazon.com/dp/B09WCQ89T8?tag=eloabder-20&linkCode=osi&th=1&psc=1">View Product</a></div><div class="product"><a href="https://www.amazon.com/dp/B07V5JVNFD?tag=eloabder-20&linkCode=osi&th=1&psc=1"><img src="https://m.media-amazon.com/images/I/41IS+HdtiOL._SL500_.jpg" alt="Product Image"></a><p>Lion Brand Yarn Basic Stitch Anti-Pilling Knitting Yarn, Yarn for Crocheting, 1-Pack, Baby Blue</p><p>$8.40 ($0.02 / Foot)</p><a href="https://www.amazon.com/dp/B07V5JVNFD?tag=eloabder-20&linkCode=osi&th=1&psc=1">View Product</a></div><div class="product"><a href="https://www.amazon.com/dp/B01M0AJID2?tag=eloabder-20&linkCode=osi&th=1&psc=1"><img src="https://m.media-amazon.com/images/I/41yVau0AUpL._SL500_.jpg" alt="Product Image"></a><p>Lion Brand Yarn (1 Skein) Lion Brand Yarn Babysoft Baby Yarn Yarn, Little Boy Blue Multicolor</p><p>$7.19 ($0.01 / Foot)</p><a href="https://www.amazon.com/dp/B01M0AJID2?tag=eloabder-20&linkCode=osi&th=1&psc=1">View Product</a></div><div class="product"><a href="https://www.amazon.com/dp/B09W1KHF42?tag=eloabder-20&linkCode=osi&th=1&psc=1"><img src="https://m.media-amazon.com/images/I/41maDlrio5L._SL500_.jpg" alt="Product Image"></a><p>Red Heart Super Saver Light Blue Yarn - 3 Pack of 198g/7oz - Acrylic - 4 Medium (Worsted) - 364 Yards - Knitting/Crochet</p><p>$13.29 ($4.43 / Count)</p><a href="https://www.amazon.com/dp/B09W1KHF42?tag=eloabder-20&linkCode=osi&th=1&psc=1">View Product</a></div><div class="product"><a href="https://www.amazon.com/dp/B08LKVZ3CX?tag=eloabder-20&linkCode=osi&th=1&psc=1"><img src="https://m.media-amazon.com/images/I/41GLizNx8UL._SL500_.jpg" alt="Product Image"></a><p>Bernat Baby Blanket Baby Blue Yarn - 3 Pack of 100g/3.5oz - Polyester - 6 Super Bulky - 72 Yards - Knitting/Crochet</p><p>$21.81</p><a href="https://www.amazon.com/dp/B08LKVZ3CX?tag=eloabder-20&linkCode=osi&th=1&psc=1">View Product</a></div><div class="product"><a href="https://www.amazon.com/dp/B0CHJ95WHJ?tag=eloabder-20&linkCode=osi&th=1&psc=1"><img src="https://m.media-amazon.com/images/I/314E1EQdihL._SL500_.jpg" alt="Product Image"></a><p>NORCIA Soft Velvet Yarn Chenille Yarn for Crocheting Baby Blanket Yarn for Knitting Amigurumi Yarn Fancy Yarn for Crochet Weaving Craft (Baby Blue, 1 Skein)</p><p>$9.99</p><a href="https://www.amazon.com/dp/B0CHJ95WHJ?tag=eloabder-20&linkCode=osi&th=1&psc=1">View Product</a></div>
<div class="product"><a href="https://www.amazon.com/dp/B0779F2TXJ?tag=eloabder-20&linkCode=osi&th=1&psc=1"><img src="https://m.media-amazon.com/images/I/31kqZr8DJzL._SL500_.jpg" alt="Product Image"></a><p>OPENDGO Feather Ballpoint Pen ，Black Ink Vintage Feather Quill Refined Plated Rod Quill Ballpoint Pen For School Writing ▏Wedding Gift Signature Pen (Black)</p><p>$6.97</p><a href="https://www.amazon.com/dp/B0779F2TXJ?tag=eloabder-20&linkCode=osi&th=1&psc=1">View Product</a></div><div class="product"><a href="https://www.amazon.com/dp/B0CQF3BJ3S?tag=eloabder-20&linkCode=osi&th=1&psc=1"><img src="https://m.media-amazon.com/images/I/41gs6AOiP6L._SL500_.jpg" alt="Product Image"></a><p>3 in 1 Retractable Ballpoint Pen with Light and Stylus, Nice Pens for Journaling Writing in The Dark - White/Red Light Tip- 0.7mm Black Ink</p><p>$12.99</p><a href="https://www.amazon.com/dp/B0CQF3BJ3S?tag=eloabder-20&linkCode=osi&th=1&psc=1">View Product</a></div><div class="product"><a href="https://www.amazon.com/dp/B08BBZ3B8G?tag=eloabder-20&linkCode=osi&th=1&psc=1"><img src="https://m.media-amazon.com/images/I/41cMHyw60wL._SL500_.jpg" alt="Product Image"></a><p>Mr. Pen- Pens, Black Pens, 12 Pack, Fast Dry, No Smear Pens, Bible Pens, Pens for Journaling, Pens No Bleed Through, Pens Fine Point, Journal Pens, Fine Tip, Planner Pens, Ball Point Journal Pens</p><p>$9.99</p><a href="https://www.amazon.com/dp/B08BBZ3B8G?tag=eloabder-20&linkCode=osi&th=1&psc=1">View Product</a></div><div class="product"><a href="https://www.amazon.com/dp/B0D4YWWGX6?tag=eloabder-20&linkCode=osi&th=1&psc=1"><img src="https://m.media-amazon.com/images/I/31xHBCCzJqL._SL500_.jpg" alt="Product Image"></a><p>PATIKIL 21cm/8" Feather Ballpoint Pen, 1Pcs Ink Vintage Quill Pen Refined Plated Dip Pen for Calligraphy Writing Signature Wedding Gift, Yellow</p><p>$7.49</p><a href="https://www.amazon.com/dp/B0D4YWWGX6?tag=eloabder-20&linkCode=osi&th=1&psc=1">View Product</a></div>

<div class="product"><a href="https://www.amazon.com/dp/B001TLDEVQ?tag=eloabder-20&linkCode=osi&th=1&psc=1"><img src="https://m.media-amazon.com/images/I/41jYF39F6lL._SL500_.jpg" alt="Product Image"></a><p>Beadalon SuppleMax Illusion Beading Cord, 0.40 mm / 0.016 in, Clear Monofilament, 50 m / 164 ft</p><p>$4.74</p><a href="https://www.amazon.com/dp/B001TLDEVQ?tag=eloabder-20&linkCode=osi&th=1&psc=1">View Product</a></div><div class="product"><a href="https://www.amazon.com/dp/B0D2HVFZ7Q?tag=eloabder-20&linkCode=osi&th=1&psc=1"><img src="https://m.media-amazon.com/images/I/41R66LMYz7L._SL500_.jpg" alt="Product Image"></a><p>Zxiixz 116Yards 0.5mm Bracelet String, Waxed String Cord for Bracelet Making, Beading Thread for Bracelet Beads, Friendship Bracelet String for Bracelet Making, Waxed Polyester Cord for Jewelry Making</p><p>$6.99</p><a href="https://www.amazon.com/dp/B0D2HVFZ7Q?tag=eloabder-20&linkCode=osi&th=1&psc=1">View Product</a></div><div class="product"><a href="https://www.amazon.com/dp/B07BNF8KH5?tag=eloabder-20&linkCode=osi&th=1&psc=1"><img src="https://m.media-amazon.com/images/I/51jVByheyVL._SL500_.jpg" alt="Product Image"></a><p>PH PandaHall 100 Yards 1mm Waxed Cotton Cord Thread Beading String for Bracelet Necklace Making Crafting Beading Macrame Vase Decor, Burlywood</p><p>$7.19 ($0.02 / Foot)</p><a href="https://www.amazon.com/dp/B07BNF8KH5?tag=eloabder-20&linkCode=osi&th=1&psc=1">View Product</a></div><div class="product"><a href="https://www.amazon.com/dp/B07HBPGXJG?tag=eloabder-20&linkCode=osi&th=1&psc=1"><img src="https://m.media-amazon.com/images/I/41xi8gO6kDL._SL500_.jpg" alt="Product Image"></a><p>Paxcoo 0.8mm Elastic String, Stretchy Bracelet String Crystal String Bead Cord for Bracelet, Beading and Jewelry Making (120m)</p><p>$6.99 ($0.02 / Foot)</p><a href="https://www.amazon.com/dp/B07HBPGXJG?tag=eloabder-20&linkCode=osi&th=1&psc=1">View Product</a></div><div class="product"><a href="https://www.amazon.com/dp/B0CNPST7D9?tag=eloabder-20&linkCode=osi&th=1&psc=1"><img src="https://m.media-amazon.com/images/I/41A9VISFC4L._SL500_.jpg" alt="Product Image"></a><p>Kblick Black Nylon String Cord - 1MM 100 Yards Black Twine, Bracelet String for Bracelet Making, Braided Ornament Lanyard Sting, Jewelry Thread Clay Bead String for Crafts, Macrame Satin Cord</p><p>$5.99 ($0.02 / Foot)</p><a href="https://www.amazon.com/dp/B0CNPST7D9?tag=eloabder-20&linkCode=osi&th=1&psc=1">View Product</a></div><div class="product"><a href="https://www.amazon.com/dp/B08GC3JF9X?tag=eloabder-20&linkCode=osi&th=1&psc=1"><img src="https://m.media-amazon.com/images/I/41FQZYhvQpL._SL500_.jpg" alt="Product Image"></a><p>Cheriswelry 100M 0.8mm Nylon Beading Cord Black Chinese Knotting Rattail Macrame Thread String Roll for Jewelry Making Kumihimo Wrapping Supplies DIY Crafts</p><p>$6.99 ($0.02 / Fl Oz)</p><a href="https://www.amazon.com/dp/B08GC3JF9X?tag=eloabder-20&linkCode=osi&th=1&psc=1">View Product</a></div><div class="product"><a href="https://www.amazon.com/dp/B0B3V9RWQC?tag=eloabder-20&linkCode=osi&th=1&psc=1"><img src="https://m.media-amazon.com/images/I/41F-OP+yCxL._SL500_.jpg" alt="Product Image"></a><p>Griffin Silk Bead Cord Perlseide – Black Color – Size 3 (0.50mm) – 2 Meters per Card – Stainless Steel Needle Attached – for Knotting Pearls, Gemstones, Crystals and Beads</p><p>$4.99 ($0.76 / Foot)</p><a href="https://www.amazon.com/dp/B0B3V9RWQC?tag=eloabder-20&linkCode=osi&th=1&psc=1">View Product</a></div><div class="product"><a href="https://www.amazon.com/dp/B08F49YVQP?tag=eloabder-20&linkCode=osi&th=1&psc=1"><img src="https://m.media-amazon.com/images/I/41yCMIpj0rS._SL500_.jpg" alt="Product Image"></a><p>1mm Stretchy Bracelet String, Sturdy Rainbow Elastic String Elastic Cord for Jewelry Making, Necklaces, Beading and Crafts</p><p>$6.99 ($0.04 / Foot)</p><a href="https://www.amazon.com/dp/B08F49YVQP?tag=eloabder-20&linkCode=osi&th=1&psc=1">View Product</a></div>

<div class="product"><a href="https://www.amazon.com/dp/B001GMUBJ6?tag=eloabder-20&linkCode=osi&th=1&psc=1"><img src="https://m.media-amazon.com/images/I/41V5qzn3H5L._SL500_.jpg" alt="Product Image"></a><p>The Beadsmith Fireline by Berkley – Micro-Fused Braided Thread – 6lb. Test, 006”/.15mm Diameter, 50 Yard Spool, Crystal Color – Super Strong Stringing Material for Jewelry Making and Bead Weaving</p><p>$12.59</p><a href="https://www.amazon.com/dp/B001GMUBJ6?tag=eloabder-20&linkCode=osi&th=1&psc=1">View Product</a></div><div class="product"><a href="https://www.amazon.com/dp/B001UAKK0Y?tag=eloabder-20&linkCode=osi&th=1&psc=1"><img src="https://m.media-amazon.com/images/I/41rY1D0wfuL._SL500_.jpg" alt="Product Image"></a><p>Beadalon Wildfire, 0.006 in, 0.15 mm, Break Strength 10 lb / 4.5 kg, Frost, 50 yd / 45 m</p><p>$8.85 ($0.06 / Foot)</p><a href="https://www.amazon.com/dp/B001UAKK0Y?tag=eloabder-20&linkCode=osi&th=1&psc=1">View Product</a></div><div class="product"><a href="https://www.amazon.com/dp/B095WY58F4?tag=eloabder-20&linkCode=osi&th=1&psc=1"><img src="https://m.media-amazon.com/images/I/41mXRfJqcjL._SL500_.jpg" alt="Product Image"></a><p>PH PandaHall 0.1mm Nylon Seed Bead Thread 100 Yards Black White Bracelet Cord Beading Thread Invisible Sewing Thread Nylon Braided Thread String for Leather Stitching Beading Jewelry Bracelets Making</p><p>$9.99 ($0.03 / Foot)</p><a href="https://www.amazon.com/dp/B095WY58F4?tag=eloabder-20&linkCode=osi&th=1&psc=1">View Product</a></div><div class="product"><a href="https://www.amazon.com/dp/B08RN2R2SZ?tag=eloabder-20&linkCode=osi&th=1&psc=1"><img src="https://m.media-amazon.com/images/I/41Tg2MMC++L._SL500_.jpg" alt="Product Image"></a><p>KO Nylon Beading Thread, White Color, Japanese Pre-Waxed 100% Nylon, 330TEX, Tangle Resistant Knotting Cords, 50m /55 yds Spool, Use for Seed Bead Projects, Loom Work & Bead Weaving</p><p>$7.06 ($0.04 / Foot)</p><a href="https://www.amazon.com/dp/B08RN2R2SZ?tag=eloabder-20&linkCode=osi&th=1&psc=1">View Product</a></div><div class="product"><a href="https://www.amazon.com/dp/B09J89ST79?tag=eloabder-20&linkCode=osi&th=1&psc=1"><img src="https://m.media-amazon.com/images/I/41hLuuOZeXL._SL500_.jpg" alt="Product Image"></a><p>2 Roll Polyester Thread, Heavy Duty Thread, 1500Yard/Reel 210D/3 nylon thread for sewing, Sewing Thread for Upholstery, Outdoor Market, Drapery, Leather, Beading, Crafts</p><p>$7.99 ($0.00 / Foot)</p><a href="https://www.amazon.com/dp/B09J89ST79?tag=eloabder-20&linkCode=osi&th=1&psc=1">View Product</a></div><div class="product"><a href="https://www.amazon.com/dp/B0C6MSY7QQ?tag=eloabder-20&linkCode=osi&th=1&psc=1"><img src="https://m.media-amazon.com/images/I/31Bn-MyA62L._SL500_.jpg" alt="Product Image"></a><p>PH PandaHall 0.1mm Nylon String 100 Yards Beading Thread White Nylon Seed Bead Thread Bracelet Beading Thread Sewing String for Leather Stitching Beading Jewelry Bracelets Making</p><p>$7.99 ($0.03 / Foot)</p><a href="https://www.amazon.com/dp/B0C6MSY7QQ?tag=eloabder-20&linkCode=osi&th=1&psc=1">View Product</a></div>

<div class="product"><a href="https://www.amazon.com/dp/B07NMNDT1W?tag=eloabder-20&linkCode=osi&th=1&psc=1"><img src="https://m.media-amazon.com/images/I/41-zwQIcVcL._SL500_.jpg" alt="Product Image"></a><p>Howemon White Beeswax Pellets 2LB 100% Pure and Natural Triple Filtered for Skin, Face, Body and Hair Care DIY Creams, Lotions, Lip Balm and Soap Making Supplies</p><p>$13.99 ($0.44 / Fl Oz)</p><a href="https://www.amazon.com/dp/B07NMNDT1W?tag=eloabder-20&linkCode=osi&th=1&psc=1">View Product</a></div><div class="product"><a href="https://www.amazon.com/dp/B00B3U0FW4?tag=eloabder-20&linkCode=osi&th=1&psc=1"><img src="https://m.media-amazon.com/images/I/51rWFCST+TL._SL500_.jpg" alt="Product Image"></a><p>Beesworks Yellow Beeswax Pellets (1 lb) | 100% Pure, Cosmetic Grade, Triple-Filtered Beeswax for DIY Skin care, Lip Balm, Lotion, and Candle Making</p><p>$13.99 ($0.87 / Ounce)</p><a href="https://www.amazon.com/dp/B00B3U0FW4?tag=eloabder-20&linkCode=osi&th=1&psc=1">View Product</a></div><div class="product"><a href="https://www.amazon.com/dp/B01LWX2IO1?tag=eloabder-20&linkCode=osi&th=1&psc=1"><img src="https://m.media-amazon.com/images/I/41MlNqhDyCL._SL500_.jpg" alt="Product Image"></a><p>Beesworks Yellow Beeswax Bars (6 oz) | 100% Pure, Cosmetic Grade, Triple-Filtered Beeswax for DIY Skin Care, Lip Balm, Lotion and Candle Making (1 oz Bars - Pack of 6)</p><p>$6.99</p><a href="https://www.amazon.com/dp/B01LWX2IO1?tag=eloabder-20&linkCode=osi&th=1&psc=1">View Product</a></div><div class="product"><a href="https://www.amazon.com/dp/B0BV77F19N?tag=eloabder-20&linkCode=osi&th=1&psc=1"><img src="https://m.media-amazon.com/images/I/41xzHaO1-EL._SL500_.jpg" alt="Product Image"></a><p>Beeswax Pellets 10LB Cosmetic Beeswax Triple Filtered Beeswax Pastilles for Candle Making Great for DIY Projects Creams Lotions Lip Balm and Soap Making Supplies(10LB)</p><p>$32.99</p><a href="https://www.amazon.com/dp/B0BV77F19N?tag=eloabder-20&linkCode=osi&th=1&psc=1">View Product</a></div><div class="product"><a href="https://www.amazon.com/dp/B0C9QSG3CY?tag=eloabder-20&linkCode=osi&th=1&psc=1"><img src="https://m.media-amazon.com/images/I/414XQcU6SRL._SL500_.jpg" alt="Product Image"></a><p>YASNAY White Beeswax Pellets 2LB, 100% Organic Beeswax, Beeswax for Candle Making, Body, Skin Care DIY, Lip Balm and Soap Making Supplies</p><p>$11.99</p><a href="https://www.amazon.com/dp/B0C9QSG3CY?tag=eloabder-20&linkCode=osi&th=1&psc=1">View Product</a></div><div class="product"><a href="https://www.amazon.com/dp/B097HTC4WN?tag=eloabder-20&linkCode=osi&th=1&psc=1"><img src="https://m.media-amazon.com/images/I/51pwMM7C6-L._SL500_.jpg" alt="Product Image"></a><p>Eco Lux 8 Yellow Beeswax Blocks 100% Pure Natural Organic Bees Wax 6.5oz</p><p>$8.49 ($1.35 / Ounce)</p><a href="https://www.amazon.com/dp/B097HTC4WN?tag=eloabder-20&linkCode=osi&th=1&psc=1">View Product</a></div><div class="product"><a href="https://www.amazon.com/dp/B00HDHQQCE?tag=eloabder-20&linkCode=osi&th=1&psc=1"><img src="https://m.media-amazon.com/images/I/41vF-7MwNhL._SL500_.jpg" alt="Product Image"></a><p>Murray's 100% Pure Beeswax 4 oz</p><p>$5.98 ($1.50 / Ounce)</p><a href="https://www.amazon.com/dp/B00HDHQQCE?tag=eloabder-20&linkCode=osi&th=1&psc=1">View Product</a></div><div class="product"><a href="https://www.amazon.com/dp/B09YM8JTLM?tag=eloabder-20&linkCode=osi&th=1&psc=1"><img src="https://m.media-amazon.com/images/I/41cjNuBnFEL._SL500_.jpg" alt="Product Image"></a><p>TRINIDa Beeswax Pellets 2LB(32 oz), 100% Organic Yellow Bees Wax for DIY Candles, Beeswax for Candle Making, Skin, Body, Face, and Hair Care, Lotions, DIY Creams, Lip Balm and Soap Making Supplies</p><p>$11.99</p><a href="https://www.amazon.com/dp/B09YM8JTLM?tag=eloabder-20&linkCode=osi&th=1&psc=1">View Product</a></div><div class="product"><a href="https://www.amazon.com/dp/B00F3CNMV4?tag=eloabder-20&linkCode=osi&th=1&psc=1"><img src="https://m.media-amazon.com/images/I/31pjrRAEa4L._SL500_.jpg" alt="Product Image"></a><p>Stakich Yellow Beeswax Block - Natural, Triple Filtered - 1 Pound, Honey Scent</p><p>$13.95 ($0.87 / Ounce)</p><a href="https://www.amazon.com/dp/B00F3CNMV4?tag=eloabder-20&linkCode=osi&th=1&psc=1">View Product</a></div><div class="product"><a href="https://www.amazon.com/dp/B0BXFZBZS9?tag=eloabder-20&linkCode=osi&th=1&psc=1"><img src="https://m.media-amazon.com/images/I/4178i9IB9KL._SL500_.jpg" alt="Product Image"></a><p>5LB Beeswax Pellets Beeswax for Candle Making Organic Beeswax Pellets for Skin Beeswax Beads Beeswax Bulk Beeswax for Lotion Making Organic for DIY and Craft Project</p><p>$22.99</p><a href="https://www.amazon.com/dp/B0BXFZBZS9?tag=eloabder-20&linkCode=osi&th=1&psc=1">View Product</a></div>
<div class="product"><a href="https://www.amazon.com/dp/B0052F1BVK?tag=eloabder-20&linkCode=osi&th=1&psc=1"><img src="https://m.media-amazon.com/images/I/41zE9eiGoLL._SL500_.jpg" alt="Product Image"></a><p>ACC Staples Large Binder Clips, 2" Width, 1" Capacity, Black, 12/Pk</p><p>$6.30</p><a href="https://www.amazon.com/dp/B0052F1BVK?tag=eloabder-20&linkCode=osi&th=1&psc=1">View Product</a></div><div class="product"><a href="https://www.amazon.com/dp/B07MLFR771?tag=eloabder-20&linkCode=osi&th=1&psc=1"><img src="https://m.media-amazon.com/images/I/51N2wxA7N0L._SL500_.jpg" alt="Product Image"></a><p>CooBigo 50 Pack Binder Ring, Metal Book Ring Paper Ring Holder 5/8-Inch Loose Leaf Binder Ring Clip for Index Card, Flash Card Ring, Card Calendar, Keychain Key Ring - Bronze</p><p>$6.99</p><a href="https://www.amazon.com/dp/B07MLFR771?tag=eloabder-20&linkCode=osi&th=1&psc=1">View Product</a></div><div class="product"><a href="https://www.amazon.com/dp/B01563NHGY?tag=eloabder-20&linkCode=osi&th=1&psc=1"><img src="https://m.media-amazon.com/images/I/41gj+0ZftqL._SL500_.jpg" alt="Product Image"></a><p>vanki Pack of 40 Cute Lovely Smiling Face Spring-Loaded File Organizer Paper Holder Metal Binder Clips, Assorted Color</p><p>$8.99</p><a href="https://www.amazon.com/dp/B01563NHGY?tag=eloabder-20&linkCode=osi&th=1&psc=1">View Product</a></div><div class="product"><a href="https://www.amazon.com/dp/B000GOUDSO?tag=eloabder-20&linkCode=osi&th=1&psc=1"><img src="https://m.media-amazon.com/images/I/41ZANISHgML._SL500_.jpg" alt="Product Image"></a><p>Small Binder Clips .75" 8/Pkg-Assorted Colors</p><p>$4.46</p><a href="https://www.amazon.com/dp/B000GOUDSO?tag=eloabder-20&linkCode=osi&th=1&psc=1">View Product</a></div>
<div class="product"><a href="https://www.amazon.com/dp/B07PRPX4VR?tag=eloabder-20&linkCode=osi&th=1&psc=1"><img src="https://m.media-amazon.com/images/I/41IMH12fdPL._SL500_.jpg" alt="Product Image"></a><p>Durable Sheet Lifters, Durable Easy Flow, 11" x 3", Lifts Sheets Over Rings and Protects Sheets from Tearing, Fit Standard 3-Ring Binders, Black (20 Pack)</p><p>$14.99</p><a href="https://www.amazon.com/dp/B07PRPX4VR?tag=eloabder-20&linkCode=osi&th=1&psc=1">View Product</a></div><div class="product"><a href="https://www.amazon.com/dp/B0CM8QJHFW?tag=eloabder-20&linkCode=osi&th=1&psc=1"><img src="https://m.media-amazon.com/images/I/31cJGS74oCL._SL500_.jpg" alt="Product Image"></a><p>Wantane D-Shaped Tape Storage Ring Tape Storage Ring 4" D-Shaped Washi Tape Storage Ring for DIY Decoration and Storage（Nickel）-2PCS</p><p>$7.99</p><a href="https://www.amazon.com/dp/B0CM8QJHFW?tag=eloabder-20&linkCode=osi&th=1&psc=1">View Product</a></div>
<div class="product"><a href="https://www.amazon.com/dp/B00006IAS3?tag=eloabder-20&linkCode=osi&th=1&psc=1"><img src="https://m.media-amazon.com/images/I/317DvSXhT1L._SL500_.jpg" alt="Product Image"></a><p>GBC Binding System, Manual, Desktop Binding Punch, 6 Sheet Punch Capacity, ProClick P50 (2515650)</p><p>$123.89</p><a href="https://www.amazon.com/dp/B00006IAS3?tag=eloabder-20&linkCode=osi&th=1&psc=1">View Product</a></div><div class="product"><a href="https://www.amazon.com/dp/B004BP81KQ?tag=eloabder-20&linkCode=osi&th=1&psc=1"><img src="https://m.media-amazon.com/images/I/51SqfeZ12KL._SL500_.jpg" alt="Product Image"></a><p>We R Memory Keepers Cinch Book Binding Wire (1-Inch, Silver (2 Pack))</p><p>$5.99</p><a href="https://www.amazon.com/dp/B004BP81KQ?tag=eloabder-20&linkCode=osi&th=1&psc=1">View Product</a></div>

<div class="product"><a href="https://www.amazon.com/dp/B0007ZJ8TM?tag=eloabder-20&linkCode=osi&th=1&psc=1"><img src="https://m.media-amazon.com/images/I/41i49sz3UAL._SL500_.jpg" alt="Product Image"></a><p>Speedball Super Black India Ink, 2-Ounce</p><p>$9.99 ($9.99 / Count)</p><a href="https://www.amazon.com/dp/B0007ZJ8TM?tag=eloabder-20&linkCode=osi&th=1&psc=1">View Product</a></div><div class="product"><a href="https://www.amazon.com/dp/B0026I10AI?tag=eloabder-20&linkCode=osi&th=1&psc=1"><img src="https://m.media-amazon.com/images/I/31vklP4uBsL._SL500_.jpg" alt="Product Image"></a><p>Dr. Ph. Martin's Bombay India (7BY) Ink Bottle, 1.0 oz, Black</p><p>$6.99</p><a href="https://www.amazon.com/dp/B0026I10AI?tag=eloabder-20&linkCode=osi&th=1&psc=1">View Product</a></div><div class="product"><a href="https://www.amazon.com/dp/B000KNP96C?tag=eloabder-20&linkCode=osi&th=1&psc=1"><img src="https://m.media-amazon.com/images/I/51e9srYtG0L._SL500_.jpg" alt="Product Image"></a><p>Winsor & Newton Drawing Ink, 14ml Bottle, Black Indian</p><p>$10.99</p><a href="https://www.amazon.com/dp/B000KNP96C?tag=eloabder-20&linkCode=osi&th=1&psc=1">View Product</a></div><div class="product"><a href="https://www.amazon.com/dp/B07BQG5QF4?tag=eloabder-20&linkCode=osi&th=1&psc=1"><img src="https://m.media-amazon.com/images/I/41nEMDYZaiL._SL500_.jpg" alt="Product Image"></a><p>Speedball Super Black India Ink, 16-Ounce</p><p>$19.99</p><a href="https://www.amazon.com/dp/B07BQG5QF4?tag=eloabder-20&linkCode=osi&th=1&psc=1">View Product</a></div><div class="product"><a href="https://www.amazon.com/dp/B001038NLY?tag=eloabder-20&linkCode=osi&th=1&psc=1"><img src="https://m.media-amazon.com/images/I/418i4sxJJ0L._SL500_.jpg" alt="Product Image"></a><p>Speedball Fabric Screen Printing Ink, 8-Ounce, Black for T-Shirt and Silkscreen Printmaking</p><p>$12.99 ($1.62 / Fl Oz)</p><a href="https://www.amazon.com/dp/B001038NLY?tag=eloabder-20&linkCode=osi&th=1&psc=1">View Product</a></div><div class="product"><a href="https://www.amazon.com/dp/B00161OPSA?tag=eloabder-20&linkCode=osi&th=1&psc=1"><img src="https://m.media-amazon.com/images/I/41C32y3CJAL._SL500_.jpg" alt="Product Image"></a><p>Tsukineko VersaFine inkpad, Full-Size, Onyx Black</p><p>$4.99 ($4.99 / Count)</p><a href="https://www.amazon.com/dp/B00161OPSA?tag=eloabder-20&linkCode=osi&th=1&psc=1">View Product</a></div>
<div class="product"><a href="https://www.amazon.com/dp/B07Q4TJCDJ?tag=eloabder-20&linkCode=osi&th=1&psc=1"><img src="https://m.media-amazon.com/images/I/315HYvYg-BL._SL500_.jpg" alt="Product Image"></a><p>Primbeeks 300pcs Blank Business Cards, Premium Blank White Cards, 3.5" x 2.2" Small Blank Cards, Blank Cardstock Cards, Small Note Cards, white blank cards, white business cards, kraft paper cards</p><p>$7.99</p><a href="https://www.amazon.com/dp/B07Q4TJCDJ?tag=eloabder-20&linkCode=osi&th=1&psc=1">View Product</a></div><div class="product"><a href="https://www.amazon.com/dp/B0CRGHFLT8?tag=eloabder-20&linkCode=osi&th=1&psc=1"><img src="https://m.media-amazon.com/images/I/41S1NLpb8hL._SL500_.jpg" alt="Product Image"></a><p>Watercolor Cards and Envelopes Set - 50 Folded 5x7 Inch Blank Heavyweight Paper Cards (140lb/300gsm) with Matching Envelopes for DIY Greeting Cards, Festivals, and Events</p><p>$17.99 ($0.36 / Count)</p><a href="https://www.amazon.com/dp/B0CRGHFLT8?tag=eloabder-20&linkCode=osi&th=1&psc=1">View Product</a></div><div class="product"><a href="https://www.amazon.com/dp/B08MX4TZ3H?tag=eloabder-20&linkCode=osi&th=1&psc=1"><img src="https://m.media-amazon.com/images/I/41D2u4vdLQL._SL500_.jpg" alt="Product Image"></a><p>50 Pack Blank Kraft Cards Cardstock Thick Paper Brown Greeting Cards for DIY Gift Card Menus, Baby Shower and Wedding Invitations (Multicolored, 5x7IN)</p><p>$8.99</p><a href="https://www.amazon.com/dp/B08MX4TZ3H?tag=eloabder-20&linkCode=osi&th=1&psc=1">View Product</a></div><div class="product"><a href="https://www.amazon.com/dp/B08BDGGVMK?tag=eloabder-20&linkCode=osi&th=1&psc=1"><img src="https://m.media-amazon.com/images/I/41W-dTUoBqL._SL500_.jpg" alt="Product Image"></a><p>100pcs 3.54"x2" Blank Kraft Paper Business Card, Words Message Notes paper Tags, Mini Craft Cardboard Festival gifts - 6 colors</p><p>$5.98</p><a href="https://www.amazon.com/dp/B08BDGGVMK?tag=eloabder-20&linkCode=osi&th=1&psc=1">View Product</a></div><div class="product"><a href="https://www.amazon.com/dp/B08BFDJJ78?tag=eloabder-20&linkCode=osi&th=1&psc=1"><img src="https://m.media-amazon.com/images/I/61LZ1Csb+dL._SL500_.jpg" alt="Product Image"></a><p>Nettbe 100pcs 3.54"x2" Blank Kraft Paper Business Card, Words Message Notes paper Tags, Mini Craft Cardboard Festival gifts</p><p>$5.99</p><a href="https://www.amazon.com/dp/B08BFDJJ78?tag=eloabder-20&linkCode=osi&th=1&psc=1">View Product</a></div><div class="product"><a href="https://www.amazon.com/dp/B07Q8YBJM3?tag=eloabder-20&linkCode=osi&th=1&psc=1"><img src="https://m.media-amazon.com/images/I/31w6U4cCqEL._SL500_.jpg" alt="Product Image"></a><p>Primbeeks 228pcs Blank Business Cards, Premium Blank White Cards, 3.5" x 2.2" Small Blank Cards, Blank Cardstock Cards, Small Note Cards, white blank cards, white business cards, kraft paper cards</p><p>$5.99</p><a href="https://www.amazon.com/dp/B07Q8YBJM3?tag=eloabder-20&linkCode=osi&th=1&psc=1">View Product</a></div><div class="product"><a href="https://www.amazon.com/dp/B08X4Z9TGN?tag=eloabder-20&linkCode=osi&th=1&psc=1"><img src="https://m.media-amazon.com/images/I/41Jqhe35tDL._SL500_.jpg" alt="Product Image"></a><p>321Done Blank Rustic Cards, Made in USA - 4x6 Thick, Heavy Cardstock - Make Invites, Greeting, Note, Thank You Cards - Plain Kraft for Writing, Stamping, Printing, Art - No Envelopes - Set of 50</p><p>$14.99</p><a href="https://www.amazon.com/dp/B08X4Z9TGN?tag=eloabder-20&linkCode=osi&th=1&psc=1">View Product</a></div><div class="product"><a href="https://www.amazon.com/dp/B0D2KDWBNM?tag=eloabder-20&linkCode=osi&th=1&psc=1"><img src="https://m.media-amazon.com/images/I/31dAhnBJ7aL._SL500_.jpg" alt="Product Image"></a><p>4x6 Blank White Cardstock (Set of 100) - Card Stock for Printer Postcards, Photo Paper Invitations, Greeting, Note, Thank You, DIY Making, Index Cards - Plain for Writing, Stamping, Printing, Art</p><p>$8.99</p><a href="https://www.amazon.com/dp/B0D2KDWBNM?tag=eloabder-20&linkCode=osi&th=1&psc=1">View Product</a></div><div class="product"><a href="https://www.amazon.com/dp/B0BB858RYN?tag=eloabder-20&linkCode=osi&th=1&psc=1"><img src="https://m.media-amazon.com/images/I/317zmriPKNL._SL500_.jpg" alt="Product Image"></a><p>WANDERINGS Handmade White Deckle Edge Blank Greeting Cards- Folded to 5x7” - Pack of 25 - Writers, Artists, Crafters - Thank Yous, Invitations, Menus, Greeting Cards, Notes - Thick 150 GSM</p><p>$21.99 ($0.88 / Count)</p><a href="https://www.amazon.com/dp/B0BB858RYN?tag=eloabder-20&linkCode=osi&th=1&psc=1">View Product</a></div><div class="product"><a href="https://www.amazon.com/dp/B0BZPPXRZW?tag=eloabder-20&linkCode=osi&th=1&psc=1"><img src="https://m.media-amazon.com/images/I/21Da-WQhrpL._SL500_.jpg" alt="Product Image"></a><p>100 Pack Thick Paper Cardstock Blank Heavy Cards Stock for Invitations, Greeting Cards Making, Postcards, Photos, 250GSM Thick Paper (White, 2x3.5 inches)</p><p>$5.99</p><a href="https://www.amazon.com/dp/B0BZPPXRZW?tag=eloabder-20&linkCode=osi&th=1&psc=1">View Product</a></div>

<div class="product"><a href="https://www.amazon.com/dp/B0D3HPD7WP?tag=eloabder-20&linkCode=osi&th=1&psc=1"><img src="https://m.media-amazon.com/images/I/31KSmmAWUWL._SL500_.jpg" alt="Product Image"></a><p>50 Sheets Grey Cardstock Paper, Colored Printer Paper 8.5 x 11, Thick Construction Paper for Cards Making, Scrapbook，Office Printing, Invitations, Certificates，DIY Crafting 92 lb/250gsm</p><p>$9.99</p><a href="https://www.amazon.com/dp/B0D3HPD7WP?tag=eloabder-20&linkCode=osi&th=1&psc=1">View Product</a></div>
<div class="product"><a href="https://www.amazon.com/dp/B076CP6F36?tag=eloabder-20&linkCode=osi&th=1&psc=1"><img src="https://m.media-amazon.com/images/I/51rfEIvgI+L._SL500_.jpg" alt="Product Image"></a><p>Apple Barrel, Vibrant Spectrum Collection Acrylic Craft Paint, PROMOABIII, 2 fl oz each, 16 assorted matte colors, 16 count</p><p>$15.97 ($0.50 / Fl Oz)</p><a href="https://www.amazon.com/dp/B076CP6F36?tag=eloabder-20&linkCode=osi&th=1&psc=1">View Product</a></div><div class="product"><a href="https://www.amazon.com/dp/B0BKFLSYQF?tag=eloabder-20&linkCode=osi&th=1&psc=1"><img src="https://m.media-amazon.com/images/I/51a0PmPRknL._SL500_.jpg" alt="Product Image"></a><p>72 Pack Acrylic Paint Set, Shuttle Art 60 Colors Acrylic Paint Including Extra White Black & 12 Brushes, 2oz/60ml, Rich Pigmented, Water Proof, Ideal for Artists, Beginners on Canvas Rock Wood Ceramic</p><p>$45.99 ($23.00 / Fl Oz)</p><a href="https://www.amazon.com/dp/B0BKFLSYQF?tag=eloabder-20&linkCode=osi&th=1&psc=1">View Product</a></div><div class="product"><a href="https://www.amazon.com/dp/B08CB3JH79?tag=eloabder-20&linkCode=osi&th=1&psc=1"><img src="https://m.media-amazon.com/images/I/51OUZsFdnTL._SL500_.jpg" alt="Product Image"></a><p>Acrylic Paint Set of 36 Colors 2fl oz 60ml Bottles,Non Toxic 36 Colors Acrylic Paint No Fading Rich Pigment for Kids Adults Artists Canvas Crafts Wood Painting</p><p>$32.99 ($0.46 / Fl Oz)</p><a href="https://www.amazon.com/dp/B08CB3JH79?tag=eloabder-20&linkCode=osi&th=1&psc=1">View Product</a></div><div class="product"><a href="https://www.amazon.com/dp/B0018NBVKQ?tag=eloabder-20&linkCode=osi&th=1&psc=1"><img src="https://m.media-amazon.com/images/I/31YlSvZMTCL._SL500_.jpg" alt="Product Image"></a><p>Apple Barrel Acrylic Paint in Assorted Colors (8 Ounce), 20403 White</p><p>$2.67 ($0.33 / Fl Oz)</p><a href="https://www.amazon.com/dp/B0018NBVKQ?tag=eloabder-20&linkCode=osi&th=1&psc=1">View Product</a></div><div class="product"><a href="https://www.amazon.com/dp/B077WSBLZ1?tag=eloabder-20&linkCode=osi&th=1&psc=1"><img src="https://m.media-amazon.com/images/I/51KPkXpLn1L._SL500_.jpg" alt="Product Image"></a><p>Shuttle Art Acrylic Paint Set, 30 x12ml Tubes Artist Quality Non Toxic Rich Pigments Colors Great for Kids Adults Professional Painting on Rocks Canvas Wood Clay Fabric Ceramic Crafts</p><p>$12.99 ($1.08 / Fl Oz)</p><a href="https://www.amazon.com/dp/B077WSBLZ1?tag=eloabder-20&linkCode=osi&th=1&psc=1">View Product</a></div><div class="product"><a href="https://www.amazon.com/dp/B00889Z5Y6?tag=eloabder-20&linkCode=osi&th=1&psc=1"><img src="https://m.media-amazon.com/images/I/41MQjsyDbSL._SL500_.jpg" alt="Product Image"></a><p>Apple Barrel Acrylic Paint in Assorted Colors (2 oz), 20764, Apricot</p><p>$0.58 ($0.29 / Fl Oz)</p><a href="https://www.amazon.com/dp/B00889Z5Y6?tag=eloabder-20&linkCode=osi&th=1&psc=1">View Product</a></div><div class="product"><a href="https://www.amazon.com/dp/B09TWQD5ZL?tag=eloabder-20&linkCode=osi&th=1&psc=1"><img src="https://m.media-amazon.com/images/I/41B0L003QXL._SL500_.jpg" alt="Product Image"></a><p>Artkey Acrylic Paint Set - 24 colors 2 oz/59 ml Acrylic Paints Professional Artists Painting Kit for Canvases Fabric Rock Leather Easter Egg Wood Ceramic Glass Art Craft Painting</p><p>$19.99 ($0.42 / Fl Oz)</p><a href="https://www.amazon.com/dp/B09TWQD5ZL?tag=eloabder-20&linkCode=osi&th=1&psc=1">View Product</a></div><div class="product"><a href="https://www.amazon.com/dp/B07Z93LQDB?tag=eloabder-20&linkCode=osi&th=1&psc=1"><img src="https://m.media-amazon.com/images/I/51veoN6zK0L._SL500_.jpg" alt="Product Image"></a><p>Shuttle Art Acrylic Paint Set, 36 Colors Acrylic Paint with Brushes & Palette, 2oz Bottles, Rich Pigments Non-toxic Paint for Artists Kids & Adults, Art Supplies for Canvas Rock Ceramic Wood Painting</p><p>$27.99</p><a href="https://www.amazon.com/dp/B07Z93LQDB?tag=eloabder-20&linkCode=osi&th=1&psc=1">View Product</a></div><div class="product"><a href="https://www.amazon.com/dp/B002665SYY?tag=eloabder-20&linkCode=osi&th=1&psc=1"><img src="https://m.media-amazon.com/images/I/31sJJeWK6OS._SL500_.jpg" alt="Product Image"></a><p>Liquitex BASICS Acrylic Paint, 250ml (8.5-oz) Tube, Titanium White</p><p>$9.99 ($1.18 / Fl Oz)</p><a href="https://www.amazon.com/dp/B002665SYY?tag=eloabder-20&linkCode=osi&th=1&psc=1">View Product</a></div>
<div class="product"><a href="https://www.amazon.com/dp/B0CC98XLGL?tag=eloabder-20&linkCode=osi&th=1&psc=1"><img src="https://m.media-amazon.com/images/I/51ZLw+nThiL._SL500_.jpg" alt="Product Image"></a><p>HUIRUSO 4 Pack Double Sided Tape Roller, Scrapbook Supplies, Glue Tape Roller for Crafts, Double-Sided Adhesive Tape Runner for Scrapbooking, School Office Journaling Supplies (0.31 in X 26.25 ft)</p><p>$6.99 ($1.75 / Count)</p><a href="https://www.amazon.com/dp/B0CC98XLGL?tag=eloabder-20&linkCode=osi&th=1&psc=1">View Product</a></div><div class="product"><a href="https://www.amazon.com/dp/B007XAAE6K?tag=eloabder-20&linkCode=osi&th=1&psc=1"><img src="https://m.media-amazon.com/images/I/414qxYVR0wL._SL500_.jpg" alt="Product Image"></a><p>Scotch Double Sided Tape Runner, 1-Pack, 0.27 in x 26 ft., Perfect for Holiday Crafts, Gifts, and More</p><p>$4.47</p><a href="https://www.amazon.com/dp/B007XAAE6K?tag=eloabder-20&linkCode=osi&th=1&psc=1">View Product</a></div><div class="product"><a href="https://www.amazon.com/dp/B0BZVGPFSK?tag=eloabder-20&linkCode=osi&th=1&psc=1"><img src="https://m.media-amazon.com/images/I/51-ue9+7JkL._SL500_.jpg" alt="Product Image"></a><p>Birllaid Double Sided Tape for Walls, Picture Hanging Strips Removable Mounting Dots Adhesive Heavy Duty, Removable for Art Craft, Decoration, Party Supplies, Multipurpose</p><p>$11.99</p><a href="https://www.amazon.com/dp/B0BZVGPFSK?tag=eloabder-20&linkCode=osi&th=1&psc=1">View Product</a></div><div class="product"><a href="https://www.amazon.com/dp/B0CGVN9SL1?tag=eloabder-20&linkCode=osi&th=1&psc=1"><img src="https://m.media-amazon.com/images/I/41Hy+i4CnoL._SL500_.jpg" alt="Product Image"></a><p>30Ft x 1 Inch Hook and Loop Strips with Adhesive,Double Rolls of Heavy Duty Self Adhesive Tape with Backing, Nylon Self Adhesive Tape for Home Office School and Crafting,White</p><p>$9.99</p><a href="https://www.amazon.com/dp/B0CGVN9SL1?tag=eloabder-20&linkCode=osi&th=1&psc=1">View Product</a></div><div class="product"><a href="https://www.amazon.com/dp/B07Y3VDPLF?tag=eloabder-20&linkCode=osi&th=1&psc=1"><img src="https://m.media-amazon.com/images/I/41cyKQ2OMuL._SL500_.jpg" alt="Product Image"></a><p>Melsan 1x4 inch Hook and Loop Strips with Adhesive - 15 Sets, Strong Back Adhesive Fasten Mounting Tape for Home or Office Use - Instead of Holes and Screws, Black</p><p>$7.82</p><a href="https://www.amazon.com/dp/B07Y3VDPLF?tag=eloabder-20&linkCode=osi&th=1&psc=1">View Product</a></div><div class="product"><a href="https://www.amazon.com/dp/B07V57VJT5?tag=eloabder-20&linkCode=osi&th=1&psc=1"><img src="https://m.media-amazon.com/images/I/514JO3bvl3L._SL500_.jpg" alt="Product Image"></a><p>XFasten Adhesive Roller for Scrapbooking, 8mm x 30ft 4-Pack Double Sided Glue Tape Roller, Scrapbook Supplies for Adults, Photo Tape for Scrapbooking</p><p>$9.99 ($2.50 / Count)</p><a href="https://www.amazon.com/dp/B07V57VJT5?tag=eloabder-20&linkCode=osi&th=1&psc=1">View Product</a></div><div class="product"><a href="https://www.amazon.com/dp/B07JLTGQHX?tag=eloabder-20&linkCode=osi&th=1&psc=1"><img src="https://m.media-amazon.com/images/I/51Eqfo7kUZL._SL500_.jpg" alt="Product Image"></a><p>UPINS 120 Pack Double Sided Foam Tape Square Self-Adhesive Foam Tape Black Strong Tape Pads for DIY Art Crafts Supplies</p><p>$9.99 ($0.08 / Count)</p><a href="https://www.amazon.com/dp/B07JLTGQHX?tag=eloabder-20&linkCode=osi&th=1&psc=1">View Product</a></div><div class="product"><a href="https://www.amazon.com/dp/B005FM6XF4?tag=eloabder-20&linkCode=osi&th=1&psc=1"><img src="https://m.media-amazon.com/images/I/51-vp1WJ89L._SL500_.jpg" alt="Product Image"></a><p>AdTech 5603 Permanent Crafter's Tape, 0.31" x 315", Pack of 4</p><p>$7.84 ($0.07 / Foot)</p><a href="https://www.amazon.com/dp/B005FM6XF4?tag=eloabder-20&linkCode=osi&th=1&psc=1">View Product</a></div><div class="product"><a href="https://www.amazon.com/dp/B0CJF1FLFJ?tag=eloabder-20&linkCode=osi&th=1&psc=1"><img src="https://m.media-amazon.com/images/I/51dig1RqzdL._SL500_.jpg" alt="Product Image"></a><p>UPINS 150Pack Double Sided Foam Tape Strong Sticky Double Sided Foam Pads for Crafts Self-Adhesive Mounting Foam Tape Heavy Duty for Home Wall Decor 40 * 40 * 2mm</p><p>$8.99 ($0.06 / Count)</p><a href="https://www.amazon.com/dp/B0CJF1FLFJ?tag=eloabder-20&linkCode=osi&th=1&psc=1">View Product</a></div><div class="product"><a href="https://www.amazon.com/dp/B0D4YWRGCL?tag=eloabder-20&linkCode=osi&th=1&psc=1"><img src="https://m.media-amazon.com/images/I/41EqJ553-KL._SL500_.jpg" alt="Product Image"></a><p>Amanbo Glue Tape for Scrapbooking, 6 Pack Scrapbook Tape, Double Sided Tape Roller for Crafts, Total 120 Ft x 0.24 in Tape Runner, Craft Supplies for Scrapbooking, Gift Wrapping and Photo Tape</p><p>$6.99</p><a href="https://www.amazon.com/dp/B0D4YWRGCL?tag=eloabder-20&linkCode=osi&th=1&psc=1">View Product</a></div>
<div class="product"><a href="https://www.amazon.com/dp/B0CC5HPPTN?tag=eloabder-20&linkCode=osi&th=1&psc=1"><img src="https://m.media-amazon.com/images/I/519M81S201L._SL500_.jpg" alt="Product Image"></a><p>Airbrush Paint - 30 Colors with 3 Thinner, Ready to Spray Airbrush Paint Set, Water-Based Acrylic Air brush Paints for Metal, Plastic Models, Canvas, Wood, 20ml/Bottle</p><p>$32.99 ($1.48 / Fl Oz)</p><a href="https://www.amazon.com/dp/B0CC5HPPTN?tag=eloabder-20&linkCode=osi&th=1&psc=1">View Product</a></div>
<div class="product"><a href="https://www.amazon.com/dp/B0CXPSGK36?tag=eloabder-20&linkCode=osi&th=1&psc=1"><img src="https://m.media-amazon.com/images/I/51dd2dYOtrL._SL500_.jpg" alt="Product Image"></a><p>Letter Stickers 30 Sheets 1500 PCS Large Alphabet Sticker 2 Inch Vinyl Self Adhesive Stick on Stickers for Water Bottles Cup Mailbox Number Address Craft Scrapbooking Bulletin Board Decor Multicolor</p><p>$9.99</p><a href="https://www.amazon.com/dp/B0CXPSGK36?tag=eloabder-20&linkCode=osi&th=1&psc=1">View Product</a></div><div class="product"><a href="https://www.amazon.com/dp/B07NNYFMGY?tag=eloabder-20&linkCode=osi&th=1&psc=1"><img src="https://m.media-amazon.com/images/I/51yDnU+gEXL._SL500_.jpg" alt="Product Image"></a><p>20 Sheets Alphabet Letter Stickers 10 Colors Self Adhesive Sticker Colorful PU Material Convex Feeling (Colored Letter Stickers 1)</p><p>$6.99 ($0.35 / Count)</p><a href="https://www.amazon.com/dp/B07NNYFMGY?tag=eloabder-20&linkCode=osi&th=1&psc=1">View Product</a></div>

<div class="product"><a href="https://www.amazon.com/dp/B01DDN8854?tag=eloabder-20&linkCode=osi&th=1&psc=1"><img src="https://m.media-amazon.com/images/I/61dPubDZBSL._SL500_.jpg" alt="Product Image"></a><p>Hugs 'n Kisses HNKHABY13 Applique Paper (20 Pack)</p><p>$19.72 ($0.99 / Count)</p><a href="https://www.amazon.com/dp/B01DDN8854?tag=eloabder-20&linkCode=osi&th=1&psc=1">View Product</a></div>
<div class="product"><a href="https://www.amazon.com/dp/B09KPNFJW1?tag=eloabder-20&linkCode=osi&th=1&psc=1"><img src="https://m.media-amazon.com/images/I/41abn5fELmL._SL500_.jpg" alt="Product Image"></a><p>UniPleased Disposable Aprons (50 Count), Plastic apron for Painting Party, Cooking, Housework, Picnic etc.</p><p>$5.69</p><a href="https://www.amazon.com/dp/B09KPNFJW1?tag=eloabder-20&linkCode=osi&th=1&psc=1">View Product</a></div>
<div class="product"><a href="https://www.amazon.com/dp/B087M21MM2?tag=eloabder-20&linkCode=osi&th=1&psc=1"><img src="https://m.media-amazon.com/images/I/41Xf-jehhLL._SL500_.jpg" alt="Product Image"></a><p>GOTIDEAL Stretched Canvas, Multi Pack 4x4, 5x7, 8x10,9x12, 11x14 Set of 10, Primed White - 100% Cotton Artist Canvas Boards for Painting, Acrylic Pouring, Oil Paint Dry & Wet Art Media</p><p>$24.99</p><a href="https://www.amazon.com/dp/B087M21MM2?tag=eloabder-20&linkCode=osi&th=1&psc=1">View Product</a></div><div class="product"><a href="https://www.amazon.com/dp/B00OQJYISG?tag=eloabder-20&linkCode=osi&th=1&psc=1"><img src="https://m.media-amazon.com/images/I/31fEDLPkkcL._SL500_.jpg" alt="Product Image"></a><p>6 Count 12” x 16” Super Value Canvas by Artist's Loft Necessities - Acid Free Cotton Canvas for Paint, Acrylic, & Oils - 1 Pack</p><p>$19.99</p><a href="https://www.amazon.com/dp/B00OQJYISG?tag=eloabder-20&linkCode=osi&th=1&psc=1">View Product</a></div><div class="product"><a href="https://www.amazon.com/dp/B09CDKB9HY?tag=eloabder-20&linkCode=osi&th=1&psc=1"><img src="https://m.media-amazon.com/images/I/51+p5xnClGL._SL500_.jpg" alt="Product Image"></a><p>DPDIAN Canvas Boards for Painting 40 Pack, 8 inch x 10 inch Super Value Pack, Artist Canvas Panels for Oil & Acrylic Painting</p><p>$29.99</p><a href="https://www.amazon.com/dp/B09CDKB9HY?tag=eloabder-20&linkCode=osi&th=1&psc=1">View Product</a></div><div class="product"><a href="https://www.amazon.com/dp/B0CFBGP29G?tag=eloabder-20&linkCode=osi&th=1&psc=1"><img src="https://m.media-amazon.com/images/I/3147Az5plbL._SL500_.jpg" alt="Product Image"></a><p>ArtSkills Stretched Canvases for Painting, 12x16 Canvas Painting Supplies for Artists, Blank Canvas Pack, 2-Pack</p><p>$16.99</p><a href="https://www.amazon.com/dp/B0CFBGP29G?tag=eloabder-20&linkCode=osi&th=1&psc=1">View Product</a></div><div class="product"><a href="https://www.amazon.com/dp/B07BNGQ1SS?tag=eloabder-20&linkCode=osi&th=1&psc=1"><img src="https://m.media-amazon.com/images/I/410ZVtygUwS._SL500_.jpg" alt="Product Image"></a><p>PHOENIX Stretched Canvas for Painting 8x10 Inch/10 Value Pack, 8 Oz Triple Primed 5/8 Inch Profile 100% Cotton White Blank Canvas, Artist Framed Canvas for Oil Acrylic & Pouring Art</p><p>$22.99</p><a href="https://www.amazon.com/dp/B07BNGQ1SS?tag=eloabder-20&linkCode=osi&th=1&psc=1">View Product</a></div><div class="product"><a href="https://www.amazon.com/dp/B0922JP1H4?tag=eloabder-20&linkCode=osi&th=1&psc=1"><img src="https://m.media-amazon.com/images/I/41BmiEND1KL._SL500_.jpg" alt="Product Image"></a><p>GOTIDEAL Canvases for Painting, 18 Pack Canvas Boards Multipack 4x4, 5x7, 8x10, 9x12,11x14,Primed White Blank Artist Canvas Variety Pack for Acrylic Paint, Oil Paint, Watercolor, Gouache</p><p>$19.99</p><a href="https://www.amazon.com/dp/B0922JP1H4?tag=eloabder-20&linkCode=osi&th=1&psc=1">View Product</a></div>


<div class="product"><a href="https://www.amazon.com/dp/B0872VFHBH?tag=eloabder-20&linkCode=osi&th=1&psc=1"><img src="https://m.media-amazon.com/images/I/51k3bekQheS._SL500_.jpg" alt="Product Image"></a><p>Bachmore Drawing Pad 9X12 Inch (110lb/180g), 60 Sheets, Top Spiral Bound Multi-Media for Artist Pro & Amateurs | Acrylic Art, Ink, Paint, Oil Pastels,Watercolor Mixed Media Sketch</p><p>$11.99</p><a href="https://www.amazon.com/dp/B0872VFHBH?tag=eloabder-20&linkCode=osi&th=1&psc=1">View Product</a></div><div class="product"><a href="https://www.amazon.com/dp/B0027A75A4?tag=eloabder-20&linkCode=osi&th=1&psc=1"><img src="https://m.media-amazon.com/images/I/51dyOxxcgYL._SL500_.jpg" alt="Product Image"></a><p>Strathmore 200 Series Sketch Pad, 9x12 inch, 100 Sheets, Tape Bound - Artist Sketchbook for Drawing, Illustration, Art Class Students</p><p>$6.99 ($0.07 / Count)</p><a href="https://www.amazon.com/dp/B0027A75A4?tag=eloabder-20&linkCode=osi&th=1&psc=1">View Product</a></div><div class="product"><a href="https://www.amazon.com/dp/B0BV13YQKX?tag=eloabder-20&linkCode=osi&th=1&psc=1"><img src="https://m.media-amazon.com/images/I/41VYfMpvXUL._SL500_.jpg" alt="Product Image"></a><p>Canson Graduate Watercolor Pad, Foldover, 9x12 inch, 20 Sheets | Artist Paper for Adults and Students - Painting, Gouache, Mixed Media and Ink</p><p>$4.97 ($0.41 / Count)</p><a href="https://www.amazon.com/dp/B0BV13YQKX?tag=eloabder-20&linkCode=osi&th=1&psc=1">View Product</a></div><div class="product"><a href="https://www.amazon.com/dp/B0024KMQ6K?tag=eloabder-20&linkCode=osi&th=1&psc=1"><img src="https://m.media-amazon.com/images/I/51sYdvPPUCL._SL500_.jpg" alt="Product Image"></a><p>Strathmore 400 Series Pastel Pad, Assorted Colors, 9"x12" Glue Bound, 24 Sheets</p><p>$9.11</p><a href="https://www.amazon.com/dp/B0024KMQ6K?tag=eloabder-20&linkCode=osi&th=1&psc=1">View Product</a></div><div class="product"><a href="https://www.amazon.com/dp/B00246O6PI?tag=eloabder-20&linkCode=osi&th=1&psc=1"><img src="https://m.media-amazon.com/images/I/517TUmckOIL._SL500_.jpg" alt="Product Image"></a><p>Strathmore 300 Series Drawing Paper Pad, Top Wire Bound, 11x14 inches, 50 Sheets (70lb/114g) - Artist Paper for Adults and Students - Charcoal, Colored Pencil, Ink, Pastel, Marker</p><p>$13.33</p><a href="https://www.amazon.com/dp/B00246O6PI?tag=eloabder-20&linkCode=osi&th=1&psc=1">View Product</a></div>
<div class="product"><a href="https://www.amazon.com/dp/B08ZMH7LJY?tag=eloabder-20&linkCode=osi&th=1&psc=1"><img src="https://m.media-amazon.com/images/I/51mJIsLJA-S._SL500_.jpg" alt="Product Image"></a><p>PANDAFLY Professional Drawing Sketching Pencil Set - 12 Pieces Graphite Pencils(14B - 2H), Ideal for Drawing Art, Sketching, Shading, Artist Pencils for Beginners & Pro Artists</p><p>$5.11</p><a href="https://www.amazon.com/dp/B08ZMH7LJY?tag=eloabder-20&linkCode=osi&th=1&psc=1">View Product</a></div><div class="product"><a href="https://www.amazon.com/dp/B088K1G5NL?tag=eloabder-20&linkCode=osi&th=1&psc=1"><img src="https://m.media-amazon.com/images/I/51F2bOMZWnL._SL500_.jpg" alt="Product Image"></a><p>MARKART Professional Drawing Sketching Pencil Set - 14 Pieces,Graphite,(12B - 4H), Ideal for Drawing Art, Sketching, Shading, Artist Pencils for Beginners & Pro Artists</p><p>$5.24</p><a href="https://www.amazon.com/dp/B088K1G5NL?tag=eloabder-20&linkCode=osi&th=1&psc=1">View Product</a></div><div class="product"><a href="https://www.amazon.com/dp/B08FHMRW4L?tag=eloabder-20&linkCode=osi&th=1&psc=1"><img src="https://m.media-amazon.com/images/I/51Pmn5gjyzL._SL500_.jpg" alt="Product Image"></a><p>Mr. Pen- Sketch Pencils for Drawing, 14 Pack, Drawing Pencils, Art Pencils, Graphite Pencils, Graphite Pencils for Drawing, Art Pencils for Drawing and Shading</p><p>$5.95</p><a href="https://www.amazon.com/dp/B08FHMRW4L?tag=eloabder-20&linkCode=osi&th=1&psc=1">View Product</a></div><div class="product"><a href="https://www.amazon.com/dp/B0BNQ58DC4?tag=eloabder-20&linkCode=osi&th=1&psc=1"><img src="https://m.media-amazon.com/images/I/51e-gQtCcCL._SL500_.jpg" alt="Product Image"></a><p>MARTCOLOR Drawing Sketching Pencils Set, 12 Pack Graphite Pencils(14B - 2H), Ideal for Drawing Art, Sketching, Shading, Artist Pencils for Beginners & Pro Artists</p><p>$5.99</p><a href="https://www.amazon.com/dp/B0BNQ58DC4?tag=eloabder-20&linkCode=osi&th=1&psc=1">View Product</a></div>

<div class="product"><a href="https://www.amazon.com/dp/B0851M3749?tag=eloabder-20&linkCode=osi&th=1&psc=1"><img src="https://m.media-amazon.com/images/I/41KKSGSDl5L._SL500_.jpg" alt="Product Image"></a><p>N NOROCME 12 PCS Blending Stumps and Tortillions Paper Art Blenders with Sandpaper Pencil Sharpener Pointer for Student Artist Charcoal Sketch Drawing Tools</p><p>$4.99</p><a href="https://www.amazon.com/dp/B0851M3749?tag=eloabder-20&linkCode=osi&th=1&psc=1">View Product</a></div><div class="product"><a href="https://www.amazon.com/dp/B09J3HKN8F?tag=eloabder-20&linkCode=osi&th=1&psc=1"><img src="https://m.media-amazon.com/images/I/51Qvx81eQLL._SL500_.jpg" alt="Product Image"></a><p>Eraser Pencils Set for Artists, Wooden Sketch Eraser Pen for Charcoal Drawings, Professional Highlight Painting Eraser for Sketching, Revise Erasing Details for Students Limner</p><p>$6.99</p><a href="https://www.amazon.com/dp/B09J3HKN8F?tag=eloabder-20&linkCode=osi&th=1&psc=1">View Product</a></div>
<div class="product"><a href="https://www.amazon.com/dp/B09WCQ89T8?tag=eloabder-20&linkCode=osi&th=1&psc=1"><img src="https://m.media-amazon.com/images/I/41gZz0qgBFL._SL500_.jpg" alt="Product Image"></a><p>Bernat BABY BLANKET BB Blue Dreams Yarn - 1 Pack of 10.5oz/300g - Polyester - #6 Super Bulky - 220 Yards - Knitting/Crochet</p><p>$6.97</p><a href="https://www.amazon.com/dp/B09WCQ89T8?tag=eloabder-20&linkCode=osi&th=1&psc=1">View Product</a></div><div class="product"><a href="https://www.amazon.com/dp/B07V5JVNFD?tag=eloabder-20&linkCode=osi&th=1&psc=1"><img src="https://m.media-amazon.com/images/I/41IS+HdtiOL._SL500_.jpg" alt="Product Image"></a><p>Lion Brand Yarn Basic Stitch Anti-Pilling Knitting Yarn, Yarn for Crocheting, 1-Pack, Baby Blue</p><p>$8.40 ($0.02 / Foot)</p><a href="https://www.amazon.com/dp/B07V5JVNFD?tag=eloabder-20&linkCode=osi&th=1&psc=1">View Product</a></div><div class="product"><a href="https://www.amazon.com/dp/B01M0AJID2?tag=eloabder-20&linkCode=osi&th=1&psc=1"><img src="https://m.media-amazon.com/images/I/41yVau0AUpL._SL500_.jpg" alt="Product Image"></a><p>Lion Brand Yarn (1 Skein) Lion Brand Yarn Babysoft Baby Yarn Yarn, Little Boy Blue Multicolor</p><p>$7.19 ($0.01 / Foot)</p><a href="https://www.amazon.com/dp/B01M0AJID2?tag=eloabder-20&linkCode=osi&th=1&psc=1">View Product</a></div><div class="product"><a href="https://www.amazon.com/dp/B09W1KHF42?tag=eloabder-20&linkCode=osi&th=1&psc=1"><img src="https://m.media-amazon.com/images/I/41maDlrio5L._SL500_.jpg" alt="Product Image"></a><p>Red Heart Super Saver Light Blue Yarn - 3 Pack of 198g/7oz - Acrylic - 4 Medium (Worsted) - 364 Yards - Knitting/Crochet</p><p>$13.29 ($4.43 / Count)</p><a href="https://www.amazon.com/dp/B09W1KHF42?tag=eloabder-20&linkCode=osi&th=1&psc=1">View Product</a></div><div class="product"><a href="https://www.amazon.com/dp/B08LKVZ3CX?tag=eloabder-20&linkCode=osi&th=1&psc=1"><img src="https://m.media-amazon.com/images/I/41GLizNx8UL._SL500_.jpg" alt="Product Image"></a><p>Bernat Baby Blanket Baby Blue Yarn - 3 Pack of 100g/3.5oz - Polyester - 6 Super Bulky - 72 Yards - Knitting/Crochet</p><p>$21.81</p><a href="https://www.amazon.com/dp/B08LKVZ3CX?tag=eloabder-20&linkCode=osi&th=1&psc=1">View Product</a></div><div class="product"><a href="https://www.amazon.com/dp/B0CHJ95WHJ?tag=eloabder-20&linkCode=osi&th=1&psc=1"><img src="https://m.media-amazon.com/images/I/314E1EQdihL._SL500_.jpg" alt="Product Image"></a><p>NORCIA Soft Velvet Yarn Chenille Yarn for Crocheting Baby Blanket Yarn for Knitting Amigurumi Yarn Fancy Yarn for Crochet Weaving Craft (Baby Blue, 1 Skein)</p><p>$9.99</p><a href="https://www.amazon.com/dp/B0CHJ95WHJ?tag=eloabder-20&linkCode=osi&th=1&psc=1">View Product</a></div>
<div class="product"><a href="https://www.amazon.com/dp/B0779F2TXJ?tag=eloabder-20&linkCode=osi&th=1&psc=1"><img src="https://m.media-amazon.com/images/I/31kqZr8DJzL._SL500_.jpg" alt="Product Image"></a><p>OPENDGO Feather Ballpoint Pen ，Black Ink Vintage Feather Quill Refined Plated Rod Quill Ballpoint Pen For School Writing ▏Wedding Gift Signature Pen (Black)</p><p>$6.97</p><a href="https://www.amazon.com/dp/B0779F2TXJ?tag=eloabder-20&linkCode=osi&th=1&psc=1">View Product</a></div><div class="product"><a href="https://www.amazon.com/dp/B0CQF3BJ3S?tag=eloabder-20&linkCode=osi&th=1&psc=1"><img src="https://m.media-amazon.com/images/I/41gs6AOiP6L._SL500_.jpg" alt="Product Image"></a><p>3 in 1 Retractable Ballpoint Pen with Light and Stylus, Nice Pens for Journaling Writing in The Dark - White/Red Light Tip- 0.7mm Black Ink</p><p>$12.99</p><a href="https://www.amazon.com/dp/B0CQF3BJ3S?tag=eloabder-20&linkCode=osi&th=1&psc=1">View Product</a></div><div class="product"><a href="https://www.amazon.com/dp/B08BBZ3B8G?tag=eloabder-20&linkCode=osi&th=1&psc=1"><img src="https://m.media-amazon.com/images/I/41cMHyw60wL._SL500_.jpg" alt="Product Image"></a><p>Mr. Pen- Pens, Black Pens, 12 Pack, Fast Dry, No Smear Pens, Bible Pens, Pens for Journaling, Pens No Bleed Through, Pens Fine Point, Journal Pens, Fine Tip, Planner Pens, Ball Point Journal Pens</p><p>$9.99</p><a href="https://www.amazon.com/dp/B08BBZ3B8G?tag=eloabder-20&linkCode=osi&th=1&psc=1">View Product</a></div><div class="product"><a href="https://www.amazon.com/dp/B0D4YWWGX6?tag=eloabder-20&linkCode=osi&th=1&psc=1"><img src="https://m.media-amazon.com/images/I/31xHBCCzJqL._SL500_.jpg" alt="Product Image"></a><p>PATIKIL 21cm/8" Feather Ballpoint Pen, 1Pcs Ink Vintage Quill Pen Refined Plated Dip Pen for Calligraphy Writing Signature Wedding Gift, Yellow</p><p>$7.49</p><a href="https://www.amazon.com/dp/B0D4YWWGX6?tag=eloabder-20&linkCode=osi&th=1&psc=1">View Product</a></div>

<div class="product"><a href="https://www.amazon.com/dp/B001TLDEVQ?tag=eloabder-20&linkCode=osi&th=1&psc=1"><img src="https://m.media-amazon.com/images/I/41jYF39F6lL._SL500_.jpg" alt="Product Image"></a><p>Beadalon SuppleMax Illusion Beading Cord, 0.40 mm / 0.016 in, Clear Monofilament, 50 m / 164 ft</p><p>$4.74</p><a href="https://www.amazon.com/dp/B001TLDEVQ?tag=eloabder-20&linkCode=osi&th=1&psc=1">View Product</a></div><div class="product"><a href="https://www.amazon.com/dp/B0D2HVFZ7Q?tag=eloabder-20&linkCode=osi&th=1&psc=1"><img src="https://m.media-amazon.com/images/I/41R66LMYz7L._SL500_.jpg" alt="Product Image"></a><p>Zxiixz 116Yards 0.5mm Bracelet String, Waxed String Cord for Bracelet Making, Beading Thread for Bracelet Beads, Friendship Bracelet String for Bracelet Making, Waxed Polyester Cord for Jewelry Making</p><p>$6.99</p><a href="https://www.amazon.com/dp/B0D2HVFZ7Q?tag=eloabder-20&linkCode=osi&th=1&psc=1">View Product</a></div><div class="product"><a href="https://www.amazon.com/dp/B07BNF8KH5?tag=eloabder-20&linkCode=osi&th=1&psc=1"><img src="https://m.media-amazon.com/images/I/51jVByheyVL._SL500_.jpg" alt="Product Image"></a><p>PH PandaHall 100 Yards 1mm Waxed Cotton Cord Thread Beading String for Bracelet Necklace Making Crafting Beading Macrame Vase Decor, Burlywood</p><p>$7.19 ($0.02 / Foot)</p><a href="https://www.amazon.com/dp/B07BNF8KH5?tag=eloabder-20&linkCode=osi&th=1&psc=1">View Product</a></div><div class="product"><a href="https://www.amazon.com/dp/B07HBPGXJG?tag=eloabder-20&linkCode=osi&th=1&psc=1"><img src="https://m.media-amazon.com/images/I/41xi8gO6kDL._SL500_.jpg" alt="Product Image"></a><p>Paxcoo 0.8mm Elastic String, Stretchy Bracelet String Crystal String Bead Cord for Bracelet, Beading and Jewelry Making (120m)</p><p>$6.99 ($0.02 / Foot)</p><a href="https://www.amazon.com/dp/B07HBPGXJG?tag=eloabder-20&linkCode=osi&th=1&psc=1">View Product</a></div><div class="product"><a href="https://www.amazon.com/dp/B0CNPST7D9?tag=eloabder-20&linkCode=osi&th=1&psc=1"><img src="https://m.media-amazon.com/images/I/41A9VISFC4L._SL500_.jpg" alt="Product Image"></a><p>Kblick Black Nylon String Cord - 1MM 100 Yards Black Twine, Bracelet String for Bracelet Making, Braided Ornament Lanyard Sting, Jewelry Thread Clay Bead String for Crafts, Macrame Satin Cord</p><p>$5.99 ($0.02 / Foot)</p><a href="https://www.amazon.com/dp/B0CNPST7D9?tag=eloabder-20&linkCode=osi&th=1&psc=1">View Product</a></div><div class="product"><a href="https://www.amazon.com/dp/B08GC3JF9X?tag=eloabder-20&linkCode=osi&th=1&psc=1"><img src="https://m.media-amazon.com/images/I/41FQZYhvQpL._SL500_.jpg" alt="Product Image"></a><p>Cheriswelry 100M 0.8mm Nylon Beading Cord Black Chinese Knotting Rattail Macrame Thread String Roll for Jewelry Making Kumihimo Wrapping Supplies DIY Crafts</p><p>$6.99 ($0.02 / Fl Oz)</p><a href="https://www.amazon.com/dp/B08GC3JF9X?tag=eloabder-20&linkCode=osi&th=1&psc=1">View Product</a></div><div class="product"><a href="https://www.amazon.com/dp/B0B3V9RWQC?tag=eloabder-20&linkCode=osi&th=1&psc=1"><img src="https://m.media-amazon.com/images/I/41F-OP+yCxL._SL500_.jpg" alt="Product Image"></a><p>Griffin Silk Bead Cord Perlseide – Black Color – Size 3 (0.50mm) – 2 Meters per Card – Stainless Steel Needle Attached – for Knotting Pearls, Gemstones, Crystals and Beads</p><p>$4.99 ($0.76 / Foot)</p><a href="https://www.amazon.com/dp/B0B3V9RWQC?tag=eloabder-20&linkCode=osi&th=1&psc=1">View Product</a></div><div class="product"><a href="https://www.amazon.com/dp/B08F49YVQP?tag=eloabder-20&linkCode=osi&th=1&psc=1"><img src="https://m.media-amazon.com/images/I/41yCMIpj0rS._SL500_.jpg" alt="Product Image"></a><p>1mm Stretchy Bracelet String, Sturdy Rainbow Elastic String Elastic Cord for Jewelry Making, Necklaces, Beading and Crafts</p><p>$6.99 ($0.04 / Foot)</p><a href="https://www.amazon.com/dp/B08F49YVQP?tag=eloabder-20&linkCode=osi&th=1&psc=1">View Product</a></div>

<div class="product"><a href="https://www.amazon.com/dp/B001GMUBJ6?tag=eloabder-20&linkCode=osi&th=1&psc=1"><img src="https://m.media-amazon.com/images/I/41V5qzn3H5L._SL500_.jpg" alt="Product Image"></a><p>The Beadsmith Fireline by Berkley – Micro-Fused Braided Thread – 6lb. Test, 006”/.15mm Diameter, 50 Yard Spool, Crystal Color – Super Strong Stringing Material for Jewelry Making and Bead Weaving</p><p>$12.59</p><a href="https://www.amazon.com/dp/B001GMUBJ6?tag=eloabder-20&linkCode=osi&th=1&psc=1">View Product</a></div><div class="product"><a href="https://www.amazon.com/dp/B001UAKK0Y?tag=eloabder-20&linkCode=osi&th=1&psc=1"><img src="https://m.media-amazon.com/images/I/41rY1D0wfuL._SL500_.jpg" alt="Product Image"></a><p>Beadalon Wildfire, 0.006 in, 0.15 mm, Break Strength 10 lb / 4.5 kg, Frost, 50 yd / 45 m</p><p>$8.85 ($0.06 / Foot)</p><a href="https://www.amazon.com/dp/B001UAKK0Y?tag=eloabder-20&linkCode=osi&th=1&psc=1">View Product</a></div><div class="product"><a href="https://www.amazon.com/dp/B095WY58F4?tag=eloabder-20&linkCode=osi&th=1&psc=1"><img src="https://m.media-amazon.com/images/I/41mXRfJqcjL._SL500_.jpg" alt="Product Image"></a><p>PH PandaHall 0.1mm Nylon Seed Bead Thread 100 Yards Black White Bracelet Cord Beading Thread Invisible Sewing Thread Nylon Braided Thread String for Leather Stitching Beading Jewelry Bracelets Making</p><p>$9.99 ($0.03 / Foot)</p><a href="https://www.amazon.com/dp/B095WY58F4?tag=eloabder-20&linkCode=osi&th=1&psc=1">View Product</a></div><div class="product"><a href="https://www.amazon.com/dp/B08RN2R2SZ?tag=eloabder-20&linkCode=osi&th=1&psc=1"><img src="https://m.media-amazon.com/images/I/41Tg2MMC++L._SL500_.jpg" alt="Product Image"></a><p>KO Nylon Beading Thread, White Color, Japanese Pre-Waxed 100% Nylon, 330TEX, Tangle Resistant Knotting Cords, 50m /55 yds Spool, Use for Seed Bead Projects, Loom Work & Bead Weaving</p><p>$7.06 ($0.04 / Foot)</p><a href="https://www.amazon.com/dp/B08RN2R2SZ?tag=eloabder-20&linkCode=osi&th=1&psc=1">View Product</a></div><div class="product"><a href="https://www.amazon.com/dp/B09J89ST79?tag=eloabder-20&linkCode=osi&th=1&psc=1"><img src="https://m.media-amazon.com/images/I/41hLuuOZeXL._SL500_.jpg" alt="Product Image"></a><p>2 Roll Polyester Thread, Heavy Duty Thread, 1500Yard/Reel 210D/3 nylon thread for sewing, Sewing Thread for Upholstery, Outdoor Market, Drapery, Leather, Beading, Crafts</p><p>$7.99 ($0.00 / Foot)</p><a href="https://www.amazon.com/dp/B09J89ST79?tag=eloabder-20&linkCode=osi&th=1&psc=1">View Product</a></div><div class="product"><a href="https://www.amazon.com/dp/B0C6MSY7QQ?tag=eloabder-20&linkCode=osi&th=1&psc=1"><img src="https://m.media-amazon.com/images/I/31Bn-MyA62L._SL500_.jpg" alt="Product Image"></a><p>PH PandaHall 0.1mm Nylon String 100 Yards Beading Thread White Nylon Seed Bead Thread Bracelet Beading Thread Sewing String for Leather Stitching Beading Jewelry Bracelets Making</p><p>$7.99 ($0.03 / Foot)</p><a href="https://www.amazon.com/dp/B0C6MSY7QQ?tag=eloabder-20&linkCode=osi&th=1&psc=1">View Product</a></div>

<div class="product"><a href="https://www.amazon.com/dp/B07NMNDT1W?tag=eloabder-20&linkCode=osi&th=1&psc=1"><img src="https://m.media-amazon.com/images/I/41-zwQIcVcL._SL500_.jpg" alt="Product Image"></a><p>Howemon White Beeswax Pellets 2LB 100% Pure and Natural Triple Filtered for Skin, Face, Body and Hair Care DIY Creams, Lotions, Lip Balm and Soap Making Supplies</p><p>$13.99 ($0.44 / Fl Oz)</p><a href="https://www.amazon.com/dp/B07NMNDT1W?tag=eloabder-20&linkCode=osi&th=1&psc=1">View Product</a></div><div class="product"><a href="https://www.amazon.com/dp/B00B3U0FW4?tag=eloabder-20&linkCode=osi&th=1&psc=1"><img src="https://m.media-amazon.com/images/I/51rWFCST+TL._SL500_.jpg" alt="Product Image"></a><p>Beesworks Yellow Beeswax Pellets (1 lb) | 100% Pure, Cosmetic Grade, Triple-Filtered Beeswax for DIY Skin care, Lip Balm, Lotion, and Candle Making</p><p>$13.99 ($0.87 / Ounce)</p><a href="https://www.amazon.com/dp/B00B3U0FW4?tag=eloabder-20&linkCode=osi&th=1&psc=1">View Product</a></div><div class="product"><a href="https://www.amazon.com/dp/B01LWX2IO1?tag=eloabder-20&linkCode=osi&th=1&psc=1"><img src="https://m.media-amazon.com/images/I/41MlNqhDyCL._SL500_.jpg" alt="Product Image"></a><p>Beesworks Yellow Beeswax Bars (6 oz) | 100% Pure, Cosmetic Grade, Triple-Filtered Beeswax for DIY Skin Care, Lip Balm, Lotion and Candle Making (1 oz Bars - Pack of 6)</p><p>$6.99</p><a href="https://www.amazon.com/dp/B01LWX2IO1?tag=eloabder-20&linkCode=osi&th=1&psc=1">View Product</a></div><div class="product"><a href="https://www.amazon.com/dp/B0BV77F19N?tag=eloabder-20&linkCode=osi&th=1&psc=1"><img src="https://m.media-amazon.com/images/I/41xzHaO1-EL._SL500_.jpg" alt="Product Image"></a><p>Beeswax Pellets 10LB Cosmetic Beeswax Triple Filtered Beeswax Pastilles for Candle Making Great for DIY Projects Creams Lotions Lip Balm and Soap Making Supplies(10LB)</p><p>$32.99</p><a href="https://www.amazon.com/dp/B0BV77F19N?tag=eloabder-20&linkCode=osi&th=1&psc=1">View Product</a></div><div class="product"><a href="https://www.amazon.com/dp/B0C9QSG3CY?tag=eloabder-20&linkCode=osi&th=1&psc=1"><img src="https://m.media-amazon.com/images/I/414XQcU6SRL._SL500_.jpg" alt="Product Image"></a><p>YASNAY White Beeswax Pellets 2LB, 100% Organic Beeswax, Beeswax for Candle Making, Body, Skin Care DIY, Lip Balm and Soap Making Supplies</p><p>$11.99</p><a href="https://www.amazon.com/dp/B0C9QSG3CY?tag=eloabder-20&linkCode=osi&th=1&psc=1">View Product</a></div><div class="product"><a href="https://www.amazon.com/dp/B097HTC4WN?tag=eloabder-20&linkCode=osi&th=1&psc=1"><img src="https://m.media-amazon.com/images/I/51pwMM7C6-L._SL500_.jpg" alt="Product Image"></a><p>Eco Lux 8 Yellow Beeswax Blocks 100% Pure Natural Organic Bees Wax 6.5oz</p><p>$8.49 ($1.35 / Ounce)</p><a href="https://www.amazon.com/dp/B097HTC4WN?tag=eloabder-20&linkCode=osi&th=1&psc=1">View Product</a></div><div class="product"><a href="https://www.amazon.com/dp/B00HDHQQCE?tag=eloabder-20&linkCode=osi&th=1&psc=1"><img src="https://m.media-amazon.com/images/I/41vF-7MwNhL._SL500_.jpg" alt="Product Image"></a><p>Murray's 100% Pure Beeswax 4 oz</p><p>$5.98 ($1.50 / Ounce)</p><a href="https://www.amazon.com/dp/B00HDHQQCE?tag=eloabder-20&linkCode=osi&th=1&psc=1">View Product</a></div><div class="product"><a href="https://www.amazon.com/dp/B09YM8JTLM?tag=eloabder-20&linkCode=osi&th=1&psc=1"><img src="https://m.media-amazon.com/images/I/41cjNuBnFEL._SL500_.jpg" alt="Product Image"></a><p>TRINIDa Beeswax Pellets 2LB(32 oz), 100% Organic Yellow Bees Wax for DIY Candles, Beeswax for Candle Making, Skin, Body, Face, and Hair Care, Lotions, DIY Creams, Lip Balm and Soap Making Supplies</p><p>$11.99</p><a href="https://www.amazon.com/dp/B09YM8JTLM?tag=eloabder-20&linkCode=osi&th=1&psc=1">View Product</a></div><div class="product"><a href="https://www.amazon.com/dp/B00F3CNMV4?tag=eloabder-20&linkCode=osi&th=1&psc=1"><img src="https://m.media-amazon.com/images/I/31pjrRAEa4L._SL500_.jpg" alt="Product Image"></a><p>Stakich Yellow Beeswax Block - Natural, Triple Filtered - 1 Pound, Honey Scent</p><p>$13.95 ($0.87 / Ounce)</p><a href="https://www.amazon.com/dp/B00F3CNMV4?tag=eloabder-20&linkCode=osi&th=1&psc=1">View Product</a></div><div class="product"><a href="https://www.amazon.com/dp/B0BXFZBZS9?tag=eloabder-20&linkCode=osi&th=1&psc=1"><img src="https://m.media-amazon.com/images/I/4178i9IB9KL._SL500_.jpg" alt="Product Image"></a><p>5LB Beeswax Pellets Beeswax for Candle Making Organic Beeswax Pellets for Skin Beeswax Beads Beeswax Bulk Beeswax for Lotion Making Organic for DIY and Craft Project</p><p>$22.99</p><a href="https://www.amazon.com/dp/B0BXFZBZS9?tag=eloabder-20&linkCode=osi&th=1&psc=1">View Product</a></div>
<div class="product"><a href="https://www.amazon.com/dp/B0052F1BVK?tag=eloabder-20&linkCode=osi&th=1&psc=1"><img src="https://m.media-amazon.com/images/I/41zE9eiGoLL._SL500_.jpg" alt="Product Image"></a><p>ACC Staples Large Binder Clips, 2" Width, 1" Capacity, Black, 12/Pk</p><p>$6.30</p><a href="https://www.amazon.com/dp/B0052F1BVK?tag=eloabder-20&linkCode=osi&th=1&psc=1">View Product</a></div><div class="product"><a href="https://www.amazon.com/dp/B07MLFR771?tag=eloabder-20&linkCode=osi&th=1&psc=1"><img src="https://m.media-amazon.com/images/I/51N2wxA7N0L._SL500_.jpg" alt="Product Image"></a><p>CooBigo 50 Pack Binder Ring, Metal Book Ring Paper Ring Holder 5/8-Inch Loose Leaf Binder Ring Clip for Index Card, Flash Card Ring, Card Calendar, Keychain Key Ring - Bronze</p><p>$6.99</p><a href="https://www.amazon.com/dp/B07MLFR771?tag=eloabder-20&linkCode=osi&th=1&psc=1">View Product</a></div><div class="product"><a href="https://www.amazon.com/dp/B01563NHGY?tag=eloabder-20&linkCode=osi&th=1&psc=1"><img src="https://m.media-amazon.com/images/I/41gj+0ZftqL._SL500_.jpg" alt="Product Image"></a><p>vanki Pack of 40 Cute Lovely Smiling Face Spring-Loaded File Organizer Paper Holder Metal Binder Clips, Assorted Color</p><p>$8.99</p><a href="https://www.amazon.com/dp/B01563NHGY?tag=eloabder-20&linkCode=osi&th=1&psc=1">View Product</a></div><div class="product"><a href="https://www.amazon.com/dp/B000GOUDSO?tag=eloabder-20&linkCode=osi&th=1&psc=1"><img src="https://m.media-amazon.com/images/I/41ZANISHgML._SL500_.jpg" alt="Product Image"></a><p>Small Binder Clips .75" 8/Pkg-Assorted Colors</p><p>$4.46</p><a href="https://www.amazon.com/dp/B000GOUDSO?tag=eloabder-20&linkCode=osi&th=1&psc=1">View Product</a></div>
<div class="product"><a href="https://www.amazon.com/dp/B07PRPX4VR?tag=eloabder-20&linkCode=osi&th=1&psc=1"><img src="https://m.media-amazon.com/images/I/41IMH12fdPL._SL500_.jpg" alt="Product Image"></a><p>Durable Sheet Lifters, Durable Easy Flow, 11" x 3", Lifts Sheets Over Rings and Protects Sheets from Tearing, Fit Standard 3-Ring Binders, Black (20 Pack)</p><p>$14.99</p><a href="https://www.amazon.com/dp/B07PRPX4VR?tag=eloabder-20&linkCode=osi&th=1&psc=1">View Product</a></div><div class="product"><a href="https://www.amazon.com/dp/B0CM8QJHFW?tag=eloabder-20&linkCode=osi&th=1&psc=1"><img src="https://m.media-amazon.com/images/I/31cJGS74oCL._SL500_.jpg" alt="Product Image"></a><p>Wantane D-Shaped Tape Storage Ring Tape Storage Ring 4" D-Shaped Washi Tape Storage Ring for DIY Decoration and Storage（Nickel）-2PCS</p><p>$7.99</p><a href="https://www.amazon.com/dp/B0CM8QJHFW?tag=eloabder-20&linkCode=osi&th=1&psc=1">View Product</a></div>
<div class="product"><a href="https://www.amazon.com/dp/B00006IAS3?tag=eloabder-20&linkCode=osi&th=1&psc=1"><img src="https://m.media-amazon.com/images/I/317DvSXhT1L._SL500_.jpg" alt="Product Image"></a><p>GBC Binding System, Manual, Desktop Binding Punch, 6 Sheet Punch Capacity, ProClick P50 (2515650)</p><p>$123.89</p><a href="https://www.amazon.com/dp/B00006IAS3?tag=eloabder-20&linkCode=osi&th=1&psc=1">View Product</a></div><div class="product"><a href="https://www.amazon.com/dp/B004BP81KQ?tag=eloabder-20&linkCode=osi&th=1&psc=1"><img src="https://m.media-amazon.com/images/I/51SqfeZ12KL._SL500_.jpg" alt="Product Image"></a><p>We R Memory Keepers Cinch Book Binding Wire (1-Inch, Silver (2 Pack))</p><p>$5.99</p><a href="https://www.amazon.com/dp/B004BP81KQ?tag=eloabder-20&linkCode=osi&th=1&psc=1">View Product</a></div>

<div class="product"><a href="https://www.amazon.com/dp/B0007ZJ8TM?tag=eloabder-20&linkCode=osi&th=1&psc=1"><img src="https://m.media-amazon.com/images/I/41i49sz3UAL._SL500_.jpg" alt="Product Image"></a><p>Speedball Super Black India Ink, 2-Ounce</p><p>$9.99 ($9.99 / Count)</p><a href="https://www.amazon.com/dp/B0007ZJ8TM?tag=eloabder-20&linkCode=osi&th=1&psc=1">View Product</a></div><div class="product"><a href="https://www.amazon.com/dp/B0026I10AI?tag=eloabder-20&linkCode=osi&th=1&psc=1"><img src="https://m.media-amazon.com/images/I/31vklP4uBsL._SL500_.jpg" alt="Product Image"></a><p>Dr. Ph. Martin's Bombay India (7BY) Ink Bottle, 1.0 oz, Black</p><p>$6.99</p><a href="https://www.amazon.com/dp/B0026I10AI?tag=eloabder-20&linkCode=osi&th=1&psc=1">View Product</a></div><div class="product"><a href="https://www.amazon.com/dp/B000KNP96C?tag=eloabder-20&linkCode=osi&th=1&psc=1"><img src="https://m.media-amazon.com/images/I/51e9srYtG0L._SL500_.jpg" alt="Product Image"></a><p>Winsor & Newton Drawing Ink, 14ml Bottle, Black Indian</p><p>$10.99</p><a href="https://www.amazon.com/dp/B000KNP96C?tag=eloabder-20&linkCode=osi&th=1&psc=1">View Product</a></div><div class="product"><a href="https://www.amazon.com/dp/B07BQG5QF4?tag=eloabder-20&linkCode=osi&th=1&psc=1"><img src="https://m.media-amazon.com/images/I/41nEMDYZaiL._SL500_.jpg" alt="Product Image"></a><p>Speedball Super Black India Ink, 16-Ounce</p><p>$19.99</p><a href="https://www.amazon.com/dp/B07BQG5QF4?tag=eloabder-20&linkCode=osi&th=1&psc=1">View Product</a></div><div class="product"><a href="https://www.amazon.com/dp/B001038NLY?tag=eloabder-20&linkCode=osi&th=1&psc=1"><img src="https://m.media-amazon.com/images/I/418i4sxJJ0L._SL500_.jpg" alt="Product Image"></a><p>Speedball Fabric Screen Printing Ink, 8-Ounce, Black for T-Shirt and Silkscreen Printmaking</p><p>$12.99 ($1.62 / Fl Oz)</p><a href="https://www.amazon.com/dp/B001038NLY?tag=eloabder-20&linkCode=osi&th=1&psc=1">View Product</a></div><div class="product"><a href="https://www.amazon.com/dp/B00161OPSA?tag=eloabder-20&linkCode=osi&th=1&psc=1"><img src="https://m.media-amazon.com/images/I/41C32y3CJAL._SL500_.jpg" alt="Product Image"></a><p>Tsukineko VersaFine inkpad, Full-Size, Onyx Black</p><p>$4.99 ($4.99 / Count)</p><a href="https://www.amazon.com/dp/B00161OPSA?tag=eloabder-20&linkCode=osi&th=1&psc=1">View Product</a></div>
<div class="product"><a href="https://www.amazon.com/dp/B07Q4TJCDJ?tag=eloabder-20&linkCode=osi&th=1&psc=1"><img src="https://m.media-amazon.com/images/I/315HYvYg-BL._SL500_.jpg" alt="Product Image"></a><p>Primbeeks 300pcs Blank Business Cards, Premium Blank White Cards, 3.5" x 2.2" Small Blank Cards, Blank Cardstock Cards, Small Note Cards, white blank cards, white business cards, kraft paper cards</p><p>$7.99</p><a href="https://www.amazon.com/dp/B07Q4TJCDJ?tag=eloabder-20&linkCode=osi&th=1&psc=1">View Product</a></div><div class="product"><a href="https://www.amazon.com/dp/B0CRGHFLT8?tag=eloabder-20&linkCode=osi&th=1&psc=1"><img src="https://m.media-amazon.com/images/I/41S1NLpb8hL._SL500_.jpg" alt="Product Image"></a><p>Watercolor Cards and Envelopes Set - 50 Folded 5x7 Inch Blank Heavyweight Paper Cards (140lb/300gsm) with Matching Envelopes for DIY Greeting Cards, Festivals, and Events</p><p>$17.99 ($0.36 / Count)</p><a href="https://www.amazon.com/dp/B0CRGHFLT8?tag=eloabder-20&linkCode=osi&th=1&psc=1">View Product</a></div><div class="product"><a href="https://www.amazon.com/dp/B08MX4TZ3H?tag=eloabder-20&linkCode=osi&th=1&psc=1"><img src="https://m.media-amazon.com/images/I/41D2u4vdLQL._SL500_.jpg" alt="Product Image"></a><p>50 Pack Blank Kraft Cards Cardstock Thick Paper Brown Greeting Cards for DIY Gift Card Menus, Baby Shower and Wedding Invitations (Multicolored, 5x7IN)</p><p>$8.99</p><a href="https://www.amazon.com/dp/B08MX4TZ3H?tag=eloabder-20&linkCode=osi&th=1&psc=1">View Product</a></div><div class="product"><a href="https://www.amazon.com/dp/B08BDGGVMK?tag=eloabder-20&linkCode=osi&th=1&psc=1"><img src="https://m.media-amazon.com/images/I/41W-dTUoBqL._SL500_.jpg" alt="Product Image"></a><p>100pcs 3.54"x2" Blank Kraft Paper Business Card, Words Message Notes paper Tags, Mini Craft Cardboard Festival gifts - 6 colors</p><p>$5.98</p><a href="https://www.amazon.com/dp/B08BDGGVMK?tag=eloabder-20&linkCode=osi&th=1&psc=1">View Product</a></div><div class="product"><a href="https://www.amazon.com/dp/B08BFDJJ78?tag=eloabder-20&linkCode=osi&th=1&psc=1"><img src="https://m.media-amazon.com/images/I/61LZ1Csb+dL._SL500_.jpg" alt="Product Image"></a><p>Nettbe 100pcs 3.54"x2" Blank Kraft Paper Business Card, Words Message Notes paper Tags, Mini Craft Cardboard Festival gifts</p><p>$5.99</p><a href="https://www.amazon.com/dp/B08BFDJJ78?tag=eloabder-20&linkCode=osi&th=1&psc=1">View Product</a></div><div class="product"><a href="https://www.amazon.com/dp/B07Q8YBJM3?tag=eloabder-20&linkCode=osi&th=1&psc=1"><img src="https://m.media-amazon.com/images/I/31w6U4cCqEL._SL500_.jpg" alt="Product Image"></a><p>Primbeeks 228pcs Blank Business Cards, Premium Blank White Cards, 3.5" x 2.2" Small Blank Cards, Blank Cardstock Cards, Small Note Cards, white blank cards, white business cards, kraft paper cards</p><p>$5.99</p><a href="https://www.amazon.com/dp/B07Q8YBJM3?tag=eloabder-20&linkCode=osi&th=1&psc=1">View Product</a></div><div class="product"><a href="https://www.amazon.com/dp/B08X4Z9TGN?tag=eloabder-20&linkCode=osi&th=1&psc=1"><img src="https://m.media-amazon.com/images/I/41Jqhe35tDL._SL500_.jpg" alt="Product Image"></a><p>321Done Blank Rustic Cards, Made in USA - 4x6 Thick, Heavy Cardstock - Make Invites, Greeting, Note, Thank You Cards - Plain Kraft for Writing, Stamping, Printing, Art - No Envelopes - Set of 50</p><p>$14.99</p><a href="https://www.amazon.com/dp/B08X4Z9TGN?tag=eloabder-20&linkCode=osi&th=1&psc=1">View Product</a></div><div class="product"><a href="https://www.amazon.com/dp/B0D2KDWBNM?tag=eloabder-20&linkCode=osi&th=1&psc=1"><img src="https://m.media-amazon.com/images/I/31dAhnBJ7aL._SL500_.jpg" alt="Product Image"></a><p>4x6 Blank White Cardstock (Set of 100) - Card Stock for Printer Postcards, Photo Paper Invitations, Greeting, Note, Thank You, DIY Making, Index Cards - Plain for Writing, Stamping, Printing, Art</p><p>$8.99</p><a href="https://www.amazon.com/dp/B0D2KDWBNM?tag=eloabder-20&linkCode=osi&th=1&psc=1">View Product</a></div><div class="product"><a href="https://www.amazon.com/dp/B0BB858RYN?tag=eloabder-20&linkCode=osi&th=1&psc=1"><img src="https://m.media-amazon.com/images/I/317zmriPKNL._SL500_.jpg" alt="Product Image"></a><p>WANDERINGS Handmade White Deckle Edge Blank Greeting Cards- Folded to 5x7” - Pack of 25 - Writers, Artists, Crafters - Thank Yous, Invitations, Menus, Greeting Cards, Notes - Thick 150 GSM</p><p>$21.99 ($0.88 / Count)</p><a href="https://www.amazon.com/dp/B0BB858RYN?tag=eloabder-20&linkCode=osi&th=1&psc=1">View Product</a></div><div class="product"><a href="https://www.amazon.com/dp/B0BZPPXRZW?tag=eloabder-20&linkCode=osi&th=1&psc=1"><img src="https://m.media-amazon.com/images/I/21Da-WQhrpL._SL500_.jpg" alt="Product Image"></a><p>100 Pack Thick Paper Cardstock Blank Heavy Cards Stock for Invitations, Greeting Cards Making, Postcards, Photos, 250GSM Thick Paper (White, 2x3.5 inches)</p><p>$5.99</p><a href="https://www.amazon.com/dp/B0BZPPXRZW?tag=eloabder-20&linkCode=osi&th=1&psc=1">View Product</a></div>
<div class="product"><a href="https://www.amazon.com/dp/B0BZRDQKH6?tag=eloabder-20&linkCode=osi&th=1&psc=1"><img src="https://m.media-amazon.com/images/I/41GYYRiusgL._SL500_.jpg" alt="Product Image"></a><p>feela 8 Pack Unlined Kraft Paper Notebooks, Blank Journal Note Pad for Drawing Writing, Small Sketchbook Travel Journal Bulk for Women Kids Students Office School Supplies, A5, 60 Pages, 8.3” X 5.5”</p><p>$9.99</p><a href="https://www.amazon.com/dp/B0BZRDQKH6?tag=eloabder-20&linkCode=osi&th=1&psc=1">View Product</a></div><div class="product"><a href="https://www.amazon.com/dp/B0BXLB74KK?tag=eloabder-20&linkCode=osi&th=1&psc=1"><img src="https://m.media-amazon.com/images/I/313vYzg7HpL._SL500_.jpg" alt="Product Image"></a><p>ZZTX 4 Pack Blank Kraft Notebooks, Blank Paper Sketchbooks for Drawing Doodling Writing,Travel Journal Set, A5, 36 Pages, 8.3” X 5.5”</p><p>$5.99</p><a href="https://www.amazon.com/dp/B0BXLB74KK?tag=eloabder-20&linkCode=osi&th=1&psc=1">View Product</a></div><div class="product"><a href="https://www.amazon.com/dp/B0BW5TNPXJ?tag=eloabder-20&linkCode=osi&th=1&psc=1"><img src="https://m.media-amazon.com/images/I/31Wu8UP78iL._SL500_.jpg" alt="Product Image"></a><p>EOOUT Kraft Notebooks, Blank Page Journals in Bulk, 16pcs A5, 8.3 X 5.5 Inches, 60 Pages, 80gsm, Travel Journal Set, for Art Camp, Travelers, Students and Office Supplies Sketchbooks Bulk for Kids</p><p>$15.99</p><a href="https://www.amazon.com/dp/B0BW5TNPXJ?tag=eloabder-20&linkCode=osi&th=1&psc=1">View Product</a></div><div class="product"><a href="https://www.amazon.com/dp/B08P3F46SD?tag=eloabder-20&linkCode=osi&th=1&psc=1"><img src="https://m.media-amazon.com/images/I/41jeBDcZJ1L._SL500_.jpg" alt="Product Image"></a><p>Krafty Soft Cover Blank Notebook Journal, Spiral Sketchbook Pad, Drawing Book, 60 Sheets/140gsm (A4)/120 Pages</p><p>$7.99</p><a href="https://www.amazon.com/dp/B08P3F46SD?tag=eloabder-20&linkCode=osi&th=1&psc=1">View Product</a></div><div class="product"><a href="https://www.amazon.com/dp/B0CWNPMC4T?tag=eloabder-20&linkCode=osi&th=1&psc=1"><img src="https://m.media-amazon.com/images/I/31BZeVGe6TL._SL500_.jpg" alt="Product Image"></a><p>zmybcpack 5 Pack Blank Journal Notebooks, Blank Paper Sketchbook for Drawing Writing, Travel Journal Notebook Kraft Paper Notebook for Travelers, Students, Office, A5, 8.26” x 5.5”, 60 Pages/30 Sheets</p><p>$8.99</p><a href="https://www.amazon.com/dp/B0CWNPMC4T?tag=eloabder-20&linkCode=osi&th=1&psc=1">View Product</a></div><div class="product"><a href="https://www.amazon.com/dp/B07WHYP9WN?tag=eloabder-20&linkCode=osi&th=1&psc=1"><img src="https://m.media-amazon.com/images/I/41ZhyCux1yL._SL500_.jpg" alt="Product Image"></a><p>Thick Blank Journal Notebook with Unlined / Unruled / Plain Pages | Deluxe 120gsm Ink Resistant Paper for Writing, Sketch Book, 160 Pages | Hardcover Sketchbook with Pen Holder, Pocket, Ribbon (Black)</p><p>$14.99</p><a href="https://www.amazon.com/dp/B07WHYP9WN?tag=eloabder-20&linkCode=osi&th=1&psc=1">View Product</a></div>

<div class="product"><a href="https://www.amazon.com/dp/B0D3HPD7WP?tag=eloabder-20&linkCode=osi&th=1&psc=1"><img src="https://m.media-amazon.com/images/I/31KSmmAWUWL._SL500_.jpg" alt="Product Image"></a><p>50 Sheets Grey Cardstock Paper, Colored Printer Paper 8.5 x 11, Thick Construction Paper for Cards Making, Scrapbook，Office Printing, Invitations, Certificates，DIY Crafting 92 lb/250gsm</p><p>$9.99</p><a href="https://www.amazon.com/dp/B0D3HPD7WP?tag=eloabder-20&linkCode=osi&th=1&psc=1">View Product</a></div>
<div class="product"><a href="https://www.amazon.com/dp/B076CP6F36?tag=eloabder-20&linkCode=osi&th=1&psc=1"><img src="https://m.media-amazon.com/images/I/51rfEIvgI+L._SL500_.jpg" alt="Product Image"></a><p>Apple Barrel, Vibrant Spectrum Collection Acrylic Craft Paint, PROMOABIII, 2 fl oz each, 16 assorted matte colors, 16 count</p><p>$15.97 ($0.50 / Fl Oz)</p><a href="https://www.amazon.com/dp/B076CP6F36?tag=eloabder-20&linkCode=osi&th=1&psc=1">View Product</a></div><div class="product"><a href="https://www.amazon.com/dp/B0BKFLSYQF?tag=eloabder-20&linkCode=osi&th=1&psc=1"><img src="https://m.media-amazon.com/images/I/51a0PmPRknL._SL500_.jpg" alt="Product Image"></a><p>72 Pack Acrylic Paint Set, Shuttle Art 60 Colors Acrylic Paint Including Extra White Black & 12 Brushes, 2oz/60ml, Rich Pigmented, Water Proof, Ideal for Artists, Beginners on Canvas Rock Wood Ceramic</p><p>$45.99 ($23.00 / Fl Oz)</p><a href="https://www.amazon.com/dp/B0BKFLSYQF?tag=eloabder-20&linkCode=osi&th=1&psc=1">View Product</a></div><div class="product"><a href="https://www.amazon.com/dp/B08CB3JH79?tag=eloabder-20&linkCode=osi&th=1&psc=1"><img src="https://m.media-amazon.com/images/I/51OUZsFdnTL._SL500_.jpg" alt="Product Image"></a><p>Acrylic Paint Set of 36 Colors 2fl oz 60ml Bottles,Non Toxic 36 Colors Acrylic Paint No Fading Rich Pigment for Kids Adults Artists Canvas Crafts Wood Painting</p><p>$32.99 ($0.46 / Fl Oz)</p><a href="https://www.amazon.com/dp/B08CB3JH79?tag=eloabder-20&linkCode=osi&th=1&psc=1">View Product</a></div><div class="product"><a href="https://www.amazon.com/dp/B0018NBVKQ?tag=eloabder-20&linkCode=osi&th=1&psc=1"><img src="https://m.media-amazon.com/images/I/31YlSvZMTCL._SL500_.jpg" alt="Product Image"></a><p>Apple Barrel Acrylic Paint in Assorted Colors (8 Ounce), 20403 White</p><p>$2.67 ($0.33 / Fl Oz)</p><a href="https://www.amazon.com/dp/B0018NBVKQ?tag=eloabder-20&linkCode=osi&th=1&psc=1">View Product</a></div><div class="product"><a href="https://www.amazon.com/dp/B077WSBLZ1?tag=eloabder-20&linkCode=osi&th=1&psc=1"><img src="https://m.media-amazon.com/images/I/51KPkXpLn1L._SL500_.jpg" alt="Product Image"></a><p>Shuttle Art Acrylic Paint Set, 30 x12ml Tubes Artist Quality Non Toxic Rich Pigments Colors Great for Kids Adults Professional Painting on Rocks Canvas Wood Clay Fabric Ceramic Crafts</p><p>$12.99 ($1.08 / Fl Oz)</p><a href="https://www.amazon.com/dp/B077WSBLZ1?tag=eloabder-20&linkCode=osi&th=1&psc=1">View Product</a></div><div class="product"><a href="https://www.amazon.com/dp/B00889Z5Y6?tag=eloabder-20&linkCode=osi&th=1&psc=1"><img src="https://m.media-amazon.com/images/I/41MQjsyDbSL._SL500_.jpg" alt="Product Image"></a><p>Apple Barrel Acrylic Paint in Assorted Colors (2 oz), 20764, Apricot</p><p>$0.58 ($0.29 / Fl Oz)</p><a href="https://www.amazon.com/dp/B00889Z5Y6?tag=eloabder-20&linkCode=osi&th=1&psc=1">View Product</a></div><div class="product"><a href="https://www.amazon.com/dp/B09TWQD5ZL?tag=eloabder-20&linkCode=osi&th=1&psc=1"><img src="https://m.media-amazon.com/images/I/41B0L003QXL._SL500_.jpg" alt="Product Image"></a><p>Artkey Acrylic Paint Set - 24 colors 2 oz/59 ml Acrylic Paints Professional Artists Painting Kit for Canvases Fabric Rock Leather Easter Egg Wood Ceramic Glass Art Craft Painting</p><p>$19.99 ($0.42 / Fl Oz)</p><a href="https://www.amazon.com/dp/B09TWQD5ZL?tag=eloabder-20&linkCode=osi&th=1&psc=1">View Product</a></div><div class="product"><a href="https://www.amazon.com/dp/B07Z93LQDB?tag=eloabder-20&linkCode=osi&th=1&psc=1"><img src="https://m.media-amazon.com/images/I/51veoN6zK0L._SL500_.jpg" alt="Product Image"></a><p>Shuttle Art Acrylic Paint Set, 36 Colors Acrylic Paint with Brushes & Palette, 2oz Bottles, Rich Pigments Non-toxic Paint for Artists Kids & Adults, Art Supplies for Canvas Rock Ceramic Wood Painting</p><p>$27.99</p><a href="https://www.amazon.com/dp/B07Z93LQDB?tag=eloabder-20&linkCode=osi&th=1&psc=1">View Product</a></div><div class="product"><a href="https://www.amazon.com/dp/B002665SYY?tag=eloabder-20&linkCode=osi&th=1&psc=1"><img src="https://m.media-amazon.com/images/I/31sJJeWK6OS._SL500_.jpg" alt="Product Image"></a><p>Liquitex BASICS Acrylic Paint, 250ml (8.5-oz) Tube, Titanium White</p><p>$9.99 ($1.18 / Fl Oz)</p><a href="https://www.amazon.com/dp/B002665SYY?tag=eloabder-20&linkCode=osi&th=1&psc=1">View Product</a></div>
<div class="product"><a href="https://www.amazon.com/dp/B0CC98XLGL?tag=eloabder-20&linkCode=osi&th=1&psc=1"><img src="https://m.media-amazon.com/images/I/51ZLw+nThiL._SL500_.jpg" alt="Product Image"></a><p>HUIRUSO 4 Pack Double Sided Tape Roller, Scrapbook Supplies, Glue Tape Roller for Crafts, Double-Sided Adhesive Tape Runner for Scrapbooking, School Office Journaling Supplies (0.31 in X 26.25 ft)</p><p>$6.99 ($1.75 / Count)</p><a href="https://www.amazon.com/dp/B0CC98XLGL?tag=eloabder-20&linkCode=osi&th=1&psc=1">View Product</a></div><div class="product"><a href="https://www.amazon.com/dp/B007XAAE6K?tag=eloabder-20&linkCode=osi&th=1&psc=1"><img src="https://m.media-amazon.com/images/I/414qxYVR0wL._SL500_.jpg" alt="Product Image"></a><p>Scotch Double Sided Tape Runner, 1-Pack, 0.27 in x 26 ft., Perfect for Holiday Crafts, Gifts, and More</p><p>$4.47</p><a href="https://www.amazon.com/dp/B007XAAE6K?tag=eloabder-20&linkCode=osi&th=1&psc=1">View Product</a></div><div class="product"><a href="https://www.amazon.com/dp/B0BZVGPFSK?tag=eloabder-20&linkCode=osi&th=1&psc=1"><img src="https://m.media-amazon.com/images/I/51-ue9+7JkL._SL500_.jpg" alt="Product Image"></a><p>Birllaid Double Sided Tape for Walls, Picture Hanging Strips Removable Mounting Dots Adhesive Heavy Duty, Removable for Art Craft, Decoration, Party Supplies, Multipurpose</p><p>$11.99</p><a href="https://www.amazon.com/dp/B0BZVGPFSK?tag=eloabder-20&linkCode=osi&th=1&psc=1">View Product</a></div><div class="product"><a href="https://www.amazon.com/dp/B0CGVN9SL1?tag=eloabder-20&linkCode=osi&th=1&psc=1"><img src="https://m.media-amazon.com/images/I/41Hy+i4CnoL._SL500_.jpg" alt="Product Image"></a><p>30Ft x 1 Inch Hook and Loop Strips with Adhesive,Double Rolls of Heavy Duty Self Adhesive Tape with Backing, Nylon Self Adhesive Tape for Home Office School and Crafting,White</p><p>$9.99</p><a href="https://www.amazon.com/dp/B0CGVN9SL1?tag=eloabder-20&linkCode=osi&th=1&psc=1">View Product</a></div><div class="product"><a href="https://www.amazon.com/dp/B07Y3VDPLF?tag=eloabder-20&linkCode=osi&th=1&psc=1"><img src="https://m.media-amazon.com/images/I/41cyKQ2OMuL._SL500_.jpg" alt="Product Image"></a><p>Melsan 1x4 inch Hook and Loop Strips with Adhesive - 15 Sets, Strong Back Adhesive Fasten Mounting Tape for Home or Office Use - Instead of Holes and Screws, Black</p><p>$7.82</p><a href="https://www.amazon.com/dp/B07Y3VDPLF?tag=eloabder-20&linkCode=osi&th=1&psc=1">View Product</a></div><div class="product"><a href="https://www.amazon.com/dp/B07V57VJT5?tag=eloabder-20&linkCode=osi&th=1&psc=1"><img src="https://m.media-amazon.com/images/I/514JO3bvl3L._SL500_.jpg" alt="Product Image"></a><p>XFasten Adhesive Roller for Scrapbooking, 8mm x 30ft 4-Pack Double Sided Glue Tape Roller, Scrapbook Supplies for Adults, Photo Tape for Scrapbooking</p><p>$9.99 ($2.50 / Count)</p><a href="https://www.amazon.com/dp/B07V57VJT5?tag=eloabder-20&linkCode=osi&th=1&psc=1">View Product</a></div><div class="product"><a href="https://www.amazon.com/dp/B07JLTGQHX?tag=eloabder-20&linkCode=osi&th=1&psc=1"><img src="https://m.media-amazon.com/images/I/51Eqfo7kUZL._SL500_.jpg" alt="Product Image"></a><p>UPINS 120 Pack Double Sided Foam Tape Square Self-Adhesive Foam Tape Black Strong Tape Pads for DIY Art Crafts Supplies</p><p>$9.99 ($0.08 / Count)</p><a href="https://www.amazon.com/dp/B07JLTGQHX?tag=eloabder-20&linkCode=osi&th=1&psc=1">View Product</a></div><div class="product"><a href="https://www.amazon.com/dp/B005FM6XF4?tag=eloabder-20&linkCode=osi&th=1&psc=1"><img src="https://m.media-amazon.com/images/I/51-vp1WJ89L._SL500_.jpg" alt="Product Image"></a><p>AdTech 5603 Permanent Crafter's Tape, 0.31" x 315", Pack of 4</p><p>$7.84 ($0.07 / Foot)</p><a href="https://www.amazon.com/dp/B005FM6XF4?tag=eloabder-20&linkCode=osi&th=1&psc=1">View Product</a></div><div class="product"><a href="https://www.amazon.com/dp/B0CJF1FLFJ?tag=eloabder-20&linkCode=osi&th=1&psc=1"><img src="https://m.media-amazon.com/images/I/51dig1RqzdL._SL500_.jpg" alt="Product Image"></a><p>UPINS 150Pack Double Sided Foam Tape Strong Sticky Double Sided Foam Pads for Crafts Self-Adhesive Mounting Foam Tape Heavy Duty for Home Wall Decor 40 * 40 * 2mm</p><p>$8.99 ($0.06 / Count)</p><a href="https://www.amazon.com/dp/B0CJF1FLFJ?tag=eloabder-20&linkCode=osi&th=1&psc=1">View Product</a></div><div class="product"><a href="https://www.amazon.com/dp/B0D4YWRGCL?tag=eloabder-20&linkCode=osi&th=1&psc=1"><img src="https://m.media-amazon.com/images/I/41EqJ553-KL._SL500_.jpg" alt="Product Image"></a><p>Amanbo Glue Tape for Scrapbooking, 6 Pack Scrapbook Tape, Double Sided Tape Roller for Crafts, Total 120 Ft x 0.24 in Tape Runner, Craft Supplies for Scrapbooking, Gift Wrapping and Photo Tape</p><p>$6.99</p><a href="https://www.amazon.com/dp/B0D4YWRGCL?tag=eloabder-20&linkCode=osi&th=1&psc=1">View Product</a></div>
<div class="product"><a href="https://www.amazon.com/dp/B0CC5HPPTN?tag=eloabder-20&linkCode=osi&th=1&psc=1"><img src="https://m.media-amazon.com/images/I/519M81S201L._SL500_.jpg" alt="Product Image"></a><p>Airbrush Paint - 30 Colors with 3 Thinner, Ready to Spray Airbrush Paint Set, Water-Based Acrylic Air brush Paints for Metal, Plastic Models, Canvas, Wood, 20ml/Bottle</p><p>$32.99 ($1.48 / Fl Oz)</p><a href="https://www.amazon.com/dp/B0CC5HPPTN?tag=eloabder-20&linkCode=osi&th=1&psc=1">View Product</a></div>
<div class="product"><a href="https://www.amazon.com/dp/B0CXPSGK36?tag=eloabder-20&linkCode=osi&th=1&psc=1"><img src="https://m.media-amazon.com/images/I/51dd2dYOtrL._SL500_.jpg" alt="Product Image"></a><p>Letter Stickers 30 Sheets 1500 PCS Large Alphabet Sticker 2 Inch Vinyl Self Adhesive Stick on Stickers for Water Bottles Cup Mailbox Number Address Craft Scrapbooking Bulletin Board Decor Multicolor</p><p>$9.99</p><a href="https://www.amazon.com/dp/B0CXPSGK36?tag=eloabder-20&linkCode=osi&th=1&psc=1">View Product</a></div><div class="product"><a href="https://www.amazon.com/dp/B07NNYFMGY?tag=eloabder-20&linkCode=osi&th=1&psc=1"><img src="https://m.media-amazon.com/images/I/51yDnU+gEXL._SL500_.jpg" alt="Product Image"></a><p>20 Sheets Alphabet Letter Stickers 10 Colors Self Adhesive Sticker Colorful PU Material Convex Feeling (Colored Letter Stickers 1)</p><p>$6.99 ($0.35 / Count)</p><a href="https://www.amazon.com/dp/B07NNYFMGY?tag=eloabder-20&linkCode=osi&th=1&psc=1">View Product</a></div>

<div class="product"><a href="https://www.amazon.com/dp/B01DDN8854?tag=eloabder-20&linkCode=osi&th=1&psc=1"><img src="https://m.media-amazon.com/images/I/61dPubDZBSL._SL500_.jpg" alt="Product Image"></a><p>Hugs 'n Kisses HNKHABY13 Applique Paper (20 Pack)</p><p>$19.72 ($0.99 / Count)</p><a href="https://www.amazon.com/dp/B01DDN8854?tag=eloabder-20&linkCode=osi&th=1&psc=1">View Product</a></div>
<div class="product"><a href="https://www.amazon.com/dp/B09KPNFJW1?tag=eloabder-20&linkCode=osi&th=1&psc=1"><img src="https://m.media-amazon.com/images/I/41abn5fELmL._SL500_.jpg" alt="Product Image"></a><p>UniPleased Disposable Aprons (50 Count), Plastic apron for Painting Party, Cooking, Housework, Picnic etc.</p><p>$5.69</p><a href="https://www.amazon.com/dp/B09KPNFJW1?tag=eloabder-20&linkCode=osi&th=1&psc=1">View Product</a></div>
<div class="product"><a href="https://www.amazon.com/dp/B087M21MM2?tag=eloabder-20&linkCode=osi&th=1&psc=1"><img src="https://m.media-amazon.com/images/I/41Xf-jehhLL._SL500_.jpg" alt="Product Image"></a><p>GOTIDEAL Stretched Canvas, Multi Pack 4x4, 5x7, 8x10,9x12, 11x14 Set of 10, Primed White - 100% Cotton Artist Canvas Boards for Painting, Acrylic Pouring, Oil Paint Dry & Wet Art Media</p><p>$24.99</p><a href="https://www.amazon.com/dp/B087M21MM2?tag=eloabder-20&linkCode=osi&th=1&psc=1">View Product</a></div><div class="product"><a href="https://www.amazon.com/dp/B00OQJYISG?tag=eloabder-20&linkCode=osi&th=1&psc=1"><img src="https://m.media-amazon.com/images/I/31fEDLPkkcL._SL500_.jpg" alt="Product Image"></a><p>6 Count 12” x 16” Super Value Canvas by Artist's Loft Necessities - Acid Free Cotton Canvas for Paint, Acrylic, & Oils - 1 Pack</p><p>$19.99</p><a href="https://www.amazon.com/dp/B00OQJYISG?tag=eloabder-20&linkCode=osi&th=1&psc=1">View Product</a></div><div class="product"><a href="https://www.amazon.com/dp/B09CDKB9HY?tag=eloabder-20&linkCode=osi&th=1&psc=1"><img src="https://m.media-amazon.com/images/I/51+p5xnClGL._SL500_.jpg" alt="Product Image"></a><p>DPDIAN Canvas Boards for Painting 40 Pack, 8 inch x 10 inch Super Value Pack, Artist Canvas Panels for Oil & Acrylic Painting</p><p>$29.99</p><a href="https://www.amazon.com/dp/B09CDKB9HY?tag=eloabder-20&linkCode=osi&th=1&psc=1">View Product</a></div><div class="product"><a href="https://www.amazon.com/dp/B0CFBGP29G?tag=eloabder-20&linkCode=osi&th=1&psc=1"><img src="https://m.media-amazon.com/images/I/3147Az5plbL._SL500_.jpg" alt="Product Image"></a><p>ArtSkills Stretched Canvases for Painting, 12x16 Canvas Painting Supplies for Artists, Blank Canvas Pack, 2-Pack</p><p>$16.99</p><a href="https://www.amazon.com/dp/B0CFBGP29G?tag=eloabder-20&linkCode=osi&th=1&psc=1">View Product</a></div><div class="product"><a href="https://www.amazon.com/dp/B07BNGQ1SS?tag=eloabder-20&linkCode=osi&th=1&psc=1"><img src="https://m.media-amazon.com/images/I/410ZVtygUwS._SL500_.jpg" alt="Product Image"></a><p>PHOENIX Stretched Canvas for Painting 8x10 Inch/10 Value Pack, 8 Oz Triple Primed 5/8 Inch Profile 100% Cotton White Blank Canvas, Artist Framed Canvas for Oil Acrylic & Pouring Art</p><p>$22.99</p><a href="https://www.amazon.com/dp/B07BNGQ1SS?tag=eloabder-20&linkCode=osi&th=1&psc=1">View Product</a></div><div class="product"><a href="https://www.amazon.com/dp/B0922JP1H4?tag=eloabder-20&linkCode=osi&th=1&psc=1"><img src="https://m.media-amazon.com/images/I/41BmiEND1KL._SL500_.jpg" alt="Product Image"></a><p>GOTIDEAL Canvases for Painting, 18 Pack Canvas Boards Multipack 4x4, 5x7, 8x10, 9x12,11x14,Primed White Blank Artist Canvas Variety Pack for Acrylic Paint, Oil Paint, Watercolor, Gouache</p><p>$19.99</p><a href="https://www.amazon.com/dp/B0922JP1H4?tag=eloabder-20&linkCode=osi&th=1&psc=1">View Product</a></div>


<div class="product"><a href="https://www.amazon.com/dp/B0872VFHBH?tag=eloabder-20&linkCode=osi&th=1&psc=1"><img src="https://m.media-amazon.com/images/I/51k3bekQheS._SL500_.jpg" alt="Product Image"></a><p>Bachmore Drawing Pad 9X12 Inch (110lb/180g), 60 Sheets, Top Spiral Bound Multi-Media for Artist Pro & Amateurs | Acrylic Art, Ink, Paint, Oil Pastels,Watercolor Mixed Media Sketch</p><p>$11.99</p><a href="https://www.amazon.com/dp/B0872VFHBH?tag=eloabder-20&linkCode=osi&th=1&psc=1">View Product</a></div><div class="product"><a href="https://www.amazon.com/dp/B0027A75A4?tag=eloabder-20&linkCode=osi&th=1&psc=1"><img src="https://m.media-amazon.com/images/I/51dyOxxcgYL._SL500_.jpg" alt="Product Image"></a><p>Strathmore 200 Series Sketch Pad, 9x12 inch, 100 Sheets, Tape Bound - Artist Sketchbook for Drawing, Illustration, Art Class Students</p><p>$6.99 ($0.07 / Count)</p><a href="https://www.amazon.com/dp/B0027A75A4?tag=eloabder-20&linkCode=osi&th=1&psc=1">View Product</a></div><div class="product"><a href="https://www.amazon.com/dp/B0BV13YQKX?tag=eloabder-20&linkCode=osi&th=1&psc=1"><img src="https://m.media-amazon.com/images/I/41VYfMpvXUL._SL500_.jpg" alt="Product Image"></a><p>Canson Graduate Watercolor Pad, Foldover, 9x12 inch, 20 Sheets | Artist Paper for Adults and Students - Painting, Gouache, Mixed Media and Ink</p><p>$4.97 ($0.41 / Count)</p><a href="https://www.amazon.com/dp/B0BV13YQKX?tag=eloabder-20&linkCode=osi&th=1&psc=1">View Product</a></div><div class="product"><a href="https://www.amazon.com/dp/B0024KMQ6K?tag=eloabder-20&linkCode=osi&th=1&psc=1"><img src="https://m.media-amazon.com/images/I/51sYdvPPUCL._SL500_.jpg" alt="Product Image"></a><p>Strathmore 400 Series Pastel Pad, Assorted Colors, 9"x12" Glue Bound, 24 Sheets</p><p>$9.11</p><a href="https://www.amazon.com/dp/B0024KMQ6K?tag=eloabder-20&linkCode=osi&th=1&psc=1">View Product</a></div><div class="product"><a href="https://www.amazon.com/dp/B00246O6PI?tag=eloabder-20&linkCode=osi&th=1&psc=1"><img src="https://m.media-amazon.com/images/I/517TUmckOIL._SL500_.jpg" alt="Product Image"></a><p>Strathmore 300 Series Drawing Paper Pad, Top Wire Bound, 11x14 inches, 50 Sheets (70lb/114g) - Artist Paper for Adults and Students - Charcoal, Colored Pencil, Ink, Pastel, Marker</p><p>$13.33</p><a href="https://www.amazon.com/dp/B00246O6PI?tag=eloabder-20&linkCode=osi&th=1&psc=1">View Product</a></div>
<div class="product"><a href="https://www.amazon.com/dp/B08ZMH7LJY?tag=eloabder-20&linkCode=osi&th=1&psc=1"><img src="https://m.media-amazon.com/images/I/51mJIsLJA-S._SL500_.jpg" alt="Product Image"></a><p>PANDAFLY Professional Drawing Sketching Pencil Set - 12 Pieces Graphite Pencils(14B - 2H), Ideal for Drawing Art, Sketching, Shading, Artist Pencils for Beginners & Pro Artists</p><p>$5.11</p><a href="https://www.amazon.com/dp/B08ZMH7LJY?tag=eloabder-20&linkCode=osi&th=1&psc=1">View Product</a></div><div class="product"><a href="https://www.amazon.com/dp/B088K1G5NL?tag=eloabder-20&linkCode=osi&th=1&psc=1"><img src="https://m.media-amazon.com/images/I/51F2bOMZWnL._SL500_.jpg" alt="Product Image"></a><p>MARKART Professional Drawing Sketching Pencil Set - 14 Pieces,Graphite,(12B - 4H), Ideal for Drawing Art, Sketching, Shading, Artist Pencils for Beginners & Pro Artists</p><p>$5.24</p><a href="https://www.amazon.com/dp/B088K1G5NL?tag=eloabder-20&linkCode=osi&th=1&psc=1">View Product</a></div><div class="product"><a href="https://www.amazon.com/dp/B08FHMRW4L?tag=eloabder-20&linkCode=osi&th=1&psc=1"><img src="https://m.media-amazon.com/images/I/51Pmn5gjyzL._SL500_.jpg" alt="Product Image"></a><p>Mr. Pen- Sketch Pencils for Drawing, 14 Pack, Drawing Pencils, Art Pencils, Graphite Pencils, Graphite Pencils for Drawing, Art Pencils for Drawing and Shading</p><p>$5.95</p><a href="https://www.amazon.com/dp/B08FHMRW4L?tag=eloabder-20&linkCode=osi&th=1&psc=1">View Product</a></div><div class="product"><a href="https://www.amazon.com/dp/B0BNQ58DC4?tag=eloabder-20&linkCode=osi&th=1&psc=1"><img src="https://m.media-amazon.com/images/I/51e-gQtCcCL._SL500_.jpg" alt="Product Image"></a><p>MARTCOLOR Drawing Sketching Pencils Set, 12 Pack Graphite Pencils(14B - 2H), Ideal for Drawing Art, Sketching, Shading, Artist Pencils for Beginners & Pro Artists</p><p>$5.99</p><a href="https://www.amazon.com/dp/B0BNQ58DC4?tag=eloabder-20&linkCode=osi&th=1&psc=1">View Product</a></div>

<div class="product"><a href="https://www.amazon.com/dp/B0851M3749?tag=eloabder-20&linkCode=osi&th=1&psc=1"><img src="https://m.media-amazon.com/images/I/41KKSGSDl5L._SL500_.jpg" alt="Product Image"></a><p>N NOROCME 12 PCS Blending Stumps and Tortillions Paper Art Blenders with Sandpaper Pencil Sharpener Pointer for Student Artist Charcoal Sketch Drawing Tools</p><p>$4.99</p><a href="https://www.amazon.com/dp/B0851M3749?tag=eloabder-20&linkCode=osi&th=1&psc=1">View Product</a></div><div class="product"><a href="https://www.amazon.com/dp/B09J3HKN8F?tag=eloabder-20&linkCode=osi&th=1&psc=1"><img src="https://m.media-amazon.com/images/I/51Qvx81eQLL._SL500_.jpg" alt="Product Image"></a><p>Eraser Pencils Set for Artists, Wooden Sketch Eraser Pen for Charcoal Drawings, Professional Highlight Painting Eraser for Sketching, Revise Erasing Details for Students Limner</p><p>$6.99</p><a href="https://www.amazon.com/dp/B09J3HKN8F?tag=eloabder-20&linkCode=osi&th=1&psc=1">View Product</a></div>
<div class="product"><a href="https://www.amazon.com/dp/B09WCQ89T8?tag=eloabder-20&linkCode=osi&th=1&psc=1"><img src="https://m.media-amazon.com/images/I/41gZz0qgBFL._SL500_.jpg" alt="Product Image"></a><p>Bernat BABY BLANKET BB Blue Dreams Yarn - 1 Pack of 10.5oz/300g - Polyester - #6 Super Bulky - 220 Yards - Knitting/Crochet</p><p>$6.97</p><a href="https://www.amazon.com/dp/B09WCQ89T8?tag=eloabder-20&linkCode=osi&th=1&psc=1">View Product</a></div><div class="product"><a href="https://www.amazon.com/dp/B07V5JVNFD?tag=eloabder-20&linkCode=osi&th=1&psc=1"><img src="https://m.media-amazon.com/images/I/41IS+HdtiOL._SL500_.jpg" alt="Product Image"></a><p>Lion Brand Yarn Basic Stitch Anti-Pilling Knitting Yarn, Yarn for Crocheting, 1-Pack, Baby Blue</p><p>$8.40 ($0.02 / Foot)</p><a href="https://www.amazon.com/dp/B07V5JVNFD?tag=eloabder-20&linkCode=osi&th=1&psc=1">View Product</a></div><div class="product"><a href="https://www.amazon.com/dp/B01M0AJID2?tag=eloabder-20&linkCode=osi&th=1&psc=1"><img src="https://m.media-amazon.com/images/I/41yVau0AUpL._SL500_.jpg" alt="Product Image"></a><p>Lion Brand Yarn (1 Skein) Lion Brand Yarn Babysoft Baby Yarn Yarn, Little Boy Blue Multicolor</p><p>$7.19 ($0.01 / Foot)</p><a href="https://www.amazon.com/dp/B01M0AJID2?tag=eloabder-20&linkCode=osi&th=1&psc=1">View Product</a></div><div class="product"><a href="https://www.amazon.com/dp/B09W1KHF42?tag=eloabder-20&linkCode=osi&th=1&psc=1"><img src="https://m.media-amazon.com/images/I/41maDlrio5L._SL500_.jpg" alt="Product Image"></a><p>Red Heart Super Saver Light Blue Yarn - 3 Pack of 198g/7oz - Acrylic - 4 Medium (Worsted) - 364 Yards - Knitting/Crochet</p><p>$13.29 ($4.43 / Count)</p><a href="https://www.amazon.com/dp/B09W1KHF42?tag=eloabder-20&linkCode=osi&th=1&psc=1">View Product</a></div><div class="product"><a href="https://www.amazon.com/dp/B08LKVZ3CX?tag=eloabder-20&linkCode=osi&th=1&psc=1"><img src="https://m.media-amazon.com/images/I/41GLizNx8UL._SL500_.jpg" alt="Product Image"></a><p>Bernat Baby Blanket Baby Blue Yarn - 3 Pack of 100g/3.5oz - Polyester - 6 Super Bulky - 72 Yards - Knitting/Crochet</p><p>$21.81</p><a href="https://www.amazon.com/dp/B08LKVZ3CX?tag=eloabder-20&linkCode=osi&th=1&psc=1">View Product</a></div><div class="product"><a href="https://www.amazon.com/dp/B0CHJ95WHJ?tag=eloabder-20&linkCode=osi&th=1&psc=1"><img src="https://m.media-amazon.com/images/I/314E1EQdihL._SL500_.jpg" alt="Product Image"></a><p>NORCIA Soft Velvet Yarn Chenille Yarn for Crocheting Baby Blanket Yarn for Knitting Amigurumi Yarn Fancy Yarn for Crochet Weaving Craft (Baby Blue, 1 Skein)</p><p>$9.99</p><a href="https://www.amazon.com/dp/B0CHJ95WHJ?tag=eloabder-20&linkCode=osi&th=1&psc=1">View Product</a></div>
<div class="product"><a href="https://www.amazon.com/dp/B0779F2TXJ?tag=eloabder-20&linkCode=osi&th=1&psc=1"><img src="https://m.media-amazon.com/images/I/31kqZr8DJzL._SL500_.jpg" alt="Product Image"></a><p>OPENDGO Feather Ballpoint Pen ，Black Ink Vintage Feather Quill Refined Plated Rod Quill Ballpoint Pen For School Writing ▏Wedding Gift Signature Pen (Black)</p><p>$6.97</p><a href="https://www.amazon.com/dp/B0779F2TXJ?tag=eloabder-20&linkCode=osi&th=1&psc=1">View Product</a></div><div class="product"><a href="https://www.amazon.com/dp/B0CQF3BJ3S?tag=eloabder-20&linkCode=osi&th=1&psc=1"><img src="https://m.media-amazon.com/images/I/41gs6AOiP6L._SL500_.jpg" alt="Product Image"></a><p>3 in 1 Retractable Ballpoint Pen with Light and Stylus, Nice Pens for Journaling Writing in The Dark - White/Red Light Tip- 0.7mm Black Ink</p><p>$12.99</p><a href="https://www.amazon.com/dp/B0CQF3BJ3S?tag=eloabder-20&linkCode=osi&th=1&psc=1">View Product</a></div><div class="product"><a href="https://www.amazon.com/dp/B08BBZ3B8G?tag=eloabder-20&linkCode=osi&th=1&psc=1"><img src="https://m.media-amazon.com/images/I/41cMHyw60wL._SL500_.jpg" alt="Product Image"></a><p>Mr. Pen- Pens, Black Pens, 12 Pack, Fast Dry, No Smear Pens, Bible Pens, Pens for Journaling, Pens No Bleed Through, Pens Fine Point, Journal Pens, Fine Tip, Planner Pens, Ball Point Journal Pens</p><p>$9.99</p><a href="https://www.amazon.com/dp/B08BBZ3B8G?tag=eloabder-20&linkCode=osi&th=1&psc=1">View Product</a></div><div class="product"><a href="https://www.amazon.com/dp/B0D4YWWGX6?tag=eloabder-20&linkCode=osi&th=1&psc=1"><img src="https://m.media-amazon.com/images/I/31xHBCCzJqL._SL500_.jpg" alt="Product Image"></a><p>PATIKIL 21cm/8" Feather Ballpoint Pen, 1Pcs Ink Vintage Quill Pen Refined Plated Dip Pen for Calligraphy Writing Signature Wedding Gift, Yellow</p><p>$7.49</p><a href="https://www.amazon.com/dp/B0D4YWWGX6?tag=eloabder-20&linkCode=osi&th=1&psc=1">View Product</a></div>

<div class="product"><a href="https://www.amazon.com/dp/B001TLDEVQ?tag=eloabder-20&linkCode=osi&th=1&psc=1"><img src="https://m.media-amazon.com/images/I/41jYF39F6lL._SL500_.jpg" alt="Product Image"></a><p>Beadalon SuppleMax Illusion Beading Cord, 0.40 mm / 0.016 in, Clear Monofilament, 50 m / 164 ft</p><p>$4.74</p><a href="https://www.amazon.com/dp/B001TLDEVQ?tag=eloabder-20&linkCode=osi&th=1&psc=1">View Product</a></div><div class="product"><a href="https://www.amazon.com/dp/B0D2HVFZ7Q?tag=eloabder-20&linkCode=osi&th=1&psc=1"><img src="https://m.media-amazon.com/images/I/41R66LMYz7L._SL500_.jpg" alt="Product Image"></a><p>Zxiixz 116Yards 0.5mm Bracelet String, Waxed String Cord for Bracelet Making, Beading Thread for Bracelet Beads, Friendship Bracelet String for Bracelet Making, Waxed Polyester Cord for Jewelry Making</p><p>$6.99</p><a href="https://www.amazon.com/dp/B0D2HVFZ7Q?tag=eloabder-20&linkCode=osi&th=1&psc=1">View Product</a></div><div class="product"><a href="https://www.amazon.com/dp/B07BNF8KH5?tag=eloabder-20&linkCode=osi&th=1&psc=1"><img src="https://m.media-amazon.com/images/I/51jVByheyVL._SL500_.jpg" alt="Product Image"></a><p>PH PandaHall 100 Yards 1mm Waxed Cotton Cord Thread Beading String for Bracelet Necklace Making Crafting Beading Macrame Vase Decor, Burlywood</p><p>$7.19 ($0.02 / Foot)</p><a href="https://www.amazon.com/dp/B07BNF8KH5?tag=eloabder-20&linkCode=osi&th=1&psc=1">View Product</a></div><div class="product"><a href="https://www.amazon.com/dp/B07HBPGXJG?tag=eloabder-20&linkCode=osi&th=1&psc=1"><img src="https://m.media-amazon.com/images/I/41xi8gO6kDL._SL500_.jpg" alt="Product Image"></a><p>Paxcoo 0.8mm Elastic String, Stretchy Bracelet String Crystal String Bead Cord for Bracelet, Beading and Jewelry Making (120m)</p><p>$6.99 ($0.02 / Foot)</p><a href="https://www.amazon.com/dp/B07HBPGXJG?tag=eloabder-20&linkCode=osi&th=1&psc=1">View Product</a></div><div class="product"><a href="https://www.amazon.com/dp/B0CNPST7D9?tag=eloabder-20&linkCode=osi&th=1&psc=1"><img src="https://m.media-amazon.com/images/I/41A9VISFC4L._SL500_.jpg" alt="Product Image"></a><p>Kblick Black Nylon String Cord - 1MM 100 Yards Black Twine, Bracelet String for Bracelet Making, Braided Ornament Lanyard Sting, Jewelry Thread Clay Bead String for Crafts, Macrame Satin Cord</p><p>$5.99 ($0.02 / Foot)</p><a href="https://www.amazon.com/dp/B0CNPST7D9?tag=eloabder-20&linkCode=osi&th=1&psc=1">View Product</a></div><div class="product"><a href="https://www.amazon.com/dp/B08GC3JF9X?tag=eloabder-20&linkCode=osi&th=1&psc=1"><img src="https://m.media-amazon.com/images/I/41FQZYhvQpL._SL500_.jpg" alt="Product Image"></a><p>Cheriswelry 100M 0.8mm Nylon Beading Cord Black Chinese Knotting Rattail Macrame Thread String Roll for Jewelry Making Kumihimo Wrapping Supplies DIY Crafts</p><p>$6.99 ($0.02 / Fl Oz)</p><a href="https://www.amazon.com/dp/B08GC3JF9X?tag=eloabder-20&linkCode=osi&th=1&psc=1">View Product</a></div><div class="product"><a href="https://www.amazon.com/dp/B0B3V9RWQC?tag=eloabder-20&linkCode=osi&th=1&psc=1"><img src="https://m.media-amazon.com/images/I/41F-OP+yCxL._SL500_.jpg" alt="Product Image"></a><p>Griffin Silk Bead Cord Perlseide – Black Color – Size 3 (0.50mm) – 2 Meters per Card – Stainless Steel Needle Attached – for Knotting Pearls, Gemstones, Crystals and Beads</p><p>$4.99 ($0.76 / Foot)</p><a href="https://www.amazon.com/dp/B0B3V9RWQC?tag=eloabder-20&linkCode=osi&th=1&psc=1">View Product</a></div><div class="product"><a href="https://www.amazon.com/dp/B08F49YVQP?tag=eloabder-20&linkCode=osi&th=1&psc=1"><img src="https://m.media-amazon.com/images/I/41yCMIpj0rS._SL500_.jpg" alt="Product Image"></a><p>1mm Stretchy Bracelet String, Sturdy Rainbow Elastic String Elastic Cord for Jewelry Making, Necklaces, Beading and Crafts</p><p>$6.99 ($0.04 / Foot)</p><a href="https://www.amazon.com/dp/B08F49YVQP?tag=eloabder-20&linkCode=osi&th=1&psc=1">View Product</a></div>

<div class="product"><a href="https://www.amazon.com/dp/B001GMUBJ6?tag=eloabder-20&linkCode=osi&th=1&psc=1"><img src="https://m.media-amazon.com/images/I/41V5qzn3H5L._SL500_.jpg" alt="Product Image"></a><p>The Beadsmith Fireline by Berkley – Micro-Fused Braided Thread – 6lb. Test, 006”/.15mm Diameter, 50 Yard Spool, Crystal Color – Super Strong Stringing Material for Jewelry Making and Bead Weaving</p><p>$12.59</p><a href="https://www.amazon.com/dp/B001GMUBJ6?tag=eloabder-20&linkCode=osi&th=1&psc=1">View Product</a></div><div class="product"><a href="https://www.amazon.com/dp/B001UAKK0Y?tag=eloabder-20&linkCode=osi&th=1&psc=1"><img src="https://m.media-amazon.com/images/I/41rY1D0wfuL._SL500_.jpg" alt="Product Image"></a><p>Beadalon Wildfire, 0.006 in, 0.15 mm, Break Strength 10 lb / 4.5 kg, Frost, 50 yd / 45 m</p><p>$8.85 ($0.06 / Foot)</p><a href="https://www.amazon.com/dp/B001UAKK0Y?tag=eloabder-20&linkCode=osi&th=1&psc=1">View Product</a></div><div class="product"><a href="https://www.amazon.com/dp/B095WY58F4?tag=eloabder-20&linkCode=osi&th=1&psc=1"><img src="https://m.media-amazon.com/images/I/41mXRfJqcjL._SL500_.jpg" alt="Product Image"></a><p>PH PandaHall 0.1mm Nylon Seed Bead Thread 100 Yards Black White Bracelet Cord Beading Thread Invisible Sewing Thread Nylon Braided Thread String for Leather Stitching Beading Jewelry Bracelets Making</p><p>$9.99 ($0.03 / Foot)</p><a href="https://www.amazon.com/dp/B095WY58F4?tag=eloabder-20&linkCode=osi&th=1&psc=1">View Product</a></div><div class="product"><a href="https://www.amazon.com/dp/B08RN2R2SZ?tag=eloabder-20&linkCode=osi&th=1&psc=1"><img src="https://m.media-amazon.com/images/I/41Tg2MMC++L._SL500_.jpg" alt="Product Image"></a><p>KO Nylon Beading Thread, White Color, Japanese Pre-Waxed 100% Nylon, 330TEX, Tangle Resistant Knotting Cords, 50m /55 yds Spool, Use for Seed Bead Projects, Loom Work & Bead Weaving</p><p>$7.06 ($0.04 / Foot)</p><a href="https://www.amazon.com/dp/B08RN2R2SZ?tag=eloabder-20&linkCode=osi&th=1&psc=1">View Product</a></div><div class="product"><a href="https://www.amazon.com/dp/B09J89ST79?tag=eloabder-20&linkCode=osi&th=1&psc=1"><img src="https://m.media-amazon.com/images/I/41hLuuOZeXL._SL500_.jpg" alt="Product Image"></a><p>2 Roll Polyester Thread, Heavy Duty Thread, 1500Yard/Reel 210D/3 nylon thread for sewing, Sewing Thread for Upholstery, Outdoor Market, Drapery, Leather, Beading, Crafts</p><p>$7.99 ($0.00 / Foot)</p><a href="https://www.amazon.com/dp/B09J89ST79?tag=eloabder-20&linkCode=osi&th=1&psc=1">View Product</a></div><div class="product"><a href="https://www.amazon.com/dp/B0C6MSY7QQ?tag=eloabder-20&linkCode=osi&th=1&psc=1"><img src="https://m.media-amazon.com/images/I/31Bn-MyA62L._SL500_.jpg" alt="Product Image"></a><p>PH PandaHall 0.1mm Nylon String 100 Yards Beading Thread White Nylon Seed Bead Thread Bracelet Beading Thread Sewing String for Leather Stitching Beading Jewelry Bracelets Making</p><p>$7.99 ($0.03 / Foot)</p><a href="https://www.amazon.com/dp/B0C6MSY7QQ?tag=eloabder-20&linkCode=osi&th=1&psc=1">View Product</a></div>

<div class="product"><a href="https://www.amazon.com/dp/B07NMNDT1W?tag=eloabder-20&linkCode=osi&th=1&psc=1"><img src="https://m.media-amazon.com/images/I/41-zwQIcVcL._SL500_.jpg" alt="Product Image"></a><p>Howemon White Beeswax Pellets 2LB 100% Pure and Natural Triple Filtered for Skin, Face, Body and Hair Care DIY Creams, Lotions, Lip Balm and Soap Making Supplies</p><p>$13.99 ($0.44 / Fl Oz)</p><a href="https://www.amazon.com/dp/B07NMNDT1W?tag=eloabder-20&linkCode=osi&th=1&psc=1">View Product</a></div><div class="product"><a href="https://www.amazon.com/dp/B00B3U0FW4?tag=eloabder-20&linkCode=osi&th=1&psc=1"><img src="https://m.media-amazon.com/images/I/51rWFCST+TL._SL500_.jpg" alt="Product Image"></a><p>Beesworks Yellow Beeswax Pellets (1 lb) | 100% Pure, Cosmetic Grade, Triple-Filtered Beeswax for DIY Skin care, Lip Balm, Lotion, and Candle Making</p><p>$13.99 ($0.87 / Ounce)</p><a href="https://www.amazon.com/dp/B00B3U0FW4?tag=eloabder-20&linkCode=osi&th=1&psc=1">View Product</a></div><div class="product"><a href="https://www.amazon.com/dp/B01LWX2IO1?tag=eloabder-20&linkCode=osi&th=1&psc=1"><img src="https://m.media-amazon.com/images/I/41MlNqhDyCL._SL500_.jpg" alt="Product Image"></a><p>Beesworks Yellow Beeswax Bars (6 oz) | 100% Pure, Cosmetic Grade, Triple-Filtered Beeswax for DIY Skin Care, Lip Balm, Lotion and Candle Making (1 oz Bars - Pack of 6)</p><p>$6.99</p><a href="https://www.amazon.com/dp/B01LWX2IO1?tag=eloabder-20&linkCode=osi&th=1&psc=1">View Product</a></div><div class="product"><a href="https://www.amazon.com/dp/B0BV77F19N?tag=eloabder-20&linkCode=osi&th=1&psc=1"><img src="https://m.media-amazon.com/images/I/41xzHaO1-EL._SL500_.jpg" alt="Product Image"></a><p>Beeswax Pellets 10LB Cosmetic Beeswax Triple Filtered Beeswax Pastilles for Candle Making Great for DIY Projects Creams Lotions Lip Balm and Soap Making Supplies(10LB)</p><p>$32.99</p><a href="https://www.amazon.com/dp/B0BV77F19N?tag=eloabder-20&linkCode=osi&th=1&psc=1">View Product</a></div><div class="product"><a href="https://www.amazon.com/dp/B0C9QSG3CY?tag=eloabder-20&linkCode=osi&th=1&psc=1"><img src="https://m.media-amazon.com/images/I/414XQcU6SRL._SL500_.jpg" alt="Product Image"></a><p>YASNAY White Beeswax Pellets 2LB, 100% Organic Beeswax, Beeswax for Candle Making, Body, Skin Care DIY, Lip Balm and Soap Making Supplies</p><p>$11.99</p><a href="https://www.amazon.com/dp/B0C9QSG3CY?tag=eloabder-20&linkCode=osi&th=1&psc=1">View Product</a></div><div class="product"><a href="https://www.amazon.com/dp/B097HTC4WN?tag=eloabder-20&linkCode=osi&th=1&psc=1"><img src="https://m.media-amazon.com/images/I/51pwMM7C6-L._SL500_.jpg" alt="Product Image"></a><p>Eco Lux 8 Yellow Beeswax Blocks 100% Pure Natural Organic Bees Wax 6.5oz</p><p>$8.49 ($1.35 / Ounce)</p><a href="https://www.amazon.com/dp/B097HTC4WN?tag=eloabder-20&linkCode=osi&th=1&psc=1">View Product</a></div><div class="product"><a href="https://www.amazon.com/dp/B00HDHQQCE?tag=eloabder-20&linkCode=osi&th=1&psc=1"><img src="https://m.media-amazon.com/images/I/41vF-7MwNhL._SL500_.jpg" alt="Product Image"></a><p>Murray's 100% Pure Beeswax 4 oz</p><p>$5.98 ($1.50 / Ounce)</p><a href="https://www.amazon.com/dp/B00HDHQQCE?tag=eloabder-20&linkCode=osi&th=1&psc=1">View Product</a></div><div class="product"><a href="https://www.amazon.com/dp/B09YM8JTLM?tag=eloabder-20&linkCode=osi&th=1&psc=1"><img src="https://m.media-amazon.com/images/I/41cjNuBnFEL._SL500_.jpg" alt="Product Image"></a><p>TRINIDa Beeswax Pellets 2LB(32 oz), 100% Organic Yellow Bees Wax for DIY Candles, Beeswax for Candle Making, Skin, Body, Face, and Hair Care, Lotions, DIY Creams, Lip Balm and Soap Making Supplies</p><p>$11.99</p><a href="https://www.amazon.com/dp/B09YM8JTLM?tag=eloabder-20&linkCode=osi&th=1&psc=1">View Product</a></div><div class="product"><a href="https://www.amazon.com/dp/B00F3CNMV4?tag=eloabder-20&linkCode=osi&th=1&psc=1"><img src="https://m.media-amazon.com/images/I/31pjrRAEa4L._SL500_.jpg" alt="Product Image"></a><p>Stakich Yellow Beeswax Block - Natural, Triple Filtered - 1 Pound, Honey Scent</p><p>$13.95 ($0.87 / Ounce)</p><a href="https://www.amazon.com/dp/B00F3CNMV4?tag=eloabder-20&linkCode=osi&th=1&psc=1">View Product</a></div><div class="product"><a href="https://www.amazon.com/dp/B0BXFZBZS9?tag=eloabder-20&linkCode=osi&th=1&psc=1"><img src="https://m.media-amazon.com/images/I/4178i9IB9KL._SL500_.jpg" alt="Product Image"></a><p>5LB Beeswax Pellets Beeswax for Candle Making Organic Beeswax Pellets for Skin Beeswax Beads Beeswax Bulk Beeswax for Lotion Making Organic for DIY and Craft Project</p><p>$22.99</p><a href="https://www.amazon.com/dp/B0BXFZBZS9?tag=eloabder-20&linkCode=osi&th=1&psc=1">View Product</a></div>
<div class="product"><a href="https://www.amazon.com/dp/B0052F1BVK?tag=eloabder-20&linkCode=osi&th=1&psc=1"><img src="https://m.media-amazon.com/images/I/41zE9eiGoLL._SL500_.jpg" alt="Product Image"></a><p>ACC Staples Large Binder Clips, 2" Width, 1" Capacity, Black, 12/Pk</p><p>$6.30</p><a href="https://www.amazon.com/dp/B0052F1BVK?tag=eloabder-20&linkCode=osi&th=1&psc=1">View Product</a></div><div class="product"><a href="https://www.amazon.com/dp/B07MLFR771?tag=eloabder-20&linkCode=osi&th=1&psc=1"><img src="https://m.media-amazon.com/images/I/51N2wxA7N0L._SL500_.jpg" alt="Product Image"></a><p>CooBigo 50 Pack Binder Ring, Metal Book Ring Paper Ring Holder 5/8-Inch Loose Leaf Binder Ring Clip for Index Card, Flash Card Ring, Card Calendar, Keychain Key Ring - Bronze</p><p>$6.99</p><a href="https://www.amazon.com/dp/B07MLFR771?tag=eloabder-20&linkCode=osi&th=1&psc=1">View Product</a></div><div class="product"><a href="https://www.amazon.com/dp/B01563NHGY?tag=eloabder-20&linkCode=osi&th=1&psc=1"><img src="https://m.media-amazon.com/images/I/41gj+0ZftqL._SL500_.jpg" alt="Product Image"></a><p>vanki Pack of 40 Cute Lovely Smiling Face Spring-Loaded File Organizer Paper Holder Metal Binder Clips, Assorted Color</p><p>$8.99</p><a href="https://www.amazon.com/dp/B01563NHGY?tag=eloabder-20&linkCode=osi&th=1&psc=1">View Product</a></div><div class="product"><a href="https://www.amazon.com/dp/B000GOUDSO?tag=eloabder-20&linkCode=osi&th=1&psc=1"><img src="https://m.media-amazon.com/images/I/41ZANISHgML._SL500_.jpg" alt="Product Image"></a><p>Small Binder Clips .75" 8/Pkg-Assorted Colors</p><p>$4.46</p><a href="https://www.amazon.com/dp/B000GOUDSO?tag=eloabder-20&linkCode=osi&th=1&psc=1">View Product</a></div>
<div class="product"><a href="https://www.amazon.com/dp/B07PRPX4VR?tag=eloabder-20&linkCode=osi&th=1&psc=1"><img src="https://m.media-amazon.com/images/I/41IMH12fdPL._SL500_.jpg" alt="Product Image"></a><p>Durable Sheet Lifters, Durable Easy Flow, 11" x 3", Lifts Sheets Over Rings and Protects Sheets from Tearing, Fit Standard 3-Ring Binders, Black (20 Pack)</p><p>$14.99</p><a href="https://www.amazon.com/dp/B07PRPX4VR?tag=eloabder-20&linkCode=osi&th=1&psc=1">View Product</a></div><div class="product"><a href="https://www.amazon.com/dp/B0CM8QJHFW?tag=eloabder-20&linkCode=osi&th=1&psc=1"><img src="https://m.media-amazon.com/images/I/31cJGS74oCL._SL500_.jpg" alt="Product Image"></a><p>Wantane D-Shaped Tape Storage Ring Tape Storage Ring 4" D-Shaped Washi Tape Storage Ring for DIY Decoration and Storage（Nickel）-2PCS</p><p>$7.99</p><a href="https://www.amazon.com/dp/B0CM8QJHFW?tag=eloabder-20&linkCode=osi&th=1&psc=1">View Product</a></div>
<div class="product"><a href="https://www.amazon.com/dp/B00006IAS3?tag=eloabder-20&linkCode=osi&th=1&psc=1"><img src="https://m.media-amazon.com/images/I/317DvSXhT1L._SL500_.jpg" alt="Product Image"></a><p>GBC Binding System, Manual, Desktop Binding Punch, 6 Sheet Punch Capacity, ProClick P50 (2515650)</p><p>$123.89</p><a href="https://www.amazon.com/dp/B00006IAS3?tag=eloabder-20&linkCode=osi&th=1&psc=1">View Product</a></div><div class="product"><a href="https://www.amazon.com/dp/B004BP81KQ?tag=eloabder-20&linkCode=osi&th=1&psc=1"><img src="https://m.media-amazon.com/images/I/51SqfeZ12KL._SL500_.jpg" alt="Product Image"></a><p>We R Memory Keepers Cinch Book Binding Wire (1-Inch, Silver (2 Pack))</p><p>$5.99</p><a href="https://www.amazon.com/dp/B004BP81KQ?tag=eloabder-20&linkCode=osi&th=1&psc=1">View Product</a></div>

<div class="product"><a href="https://www.amazon.com/dp/B0007ZJ8TM?tag=eloabder-20&linkCode=osi&th=1&psc=1"><img src="https://m.media-amazon.com/images/I/41i49sz3UAL._SL500_.jpg" alt="Product Image"></a><p>Speedball Super Black India Ink, 2-Ounce</p><p>$9.99 ($9.99 / Count)</p><a href="https://www.amazon.com/dp/B0007ZJ8TM?tag=eloabder-20&linkCode=osi&th=1&psc=1">View Product</a></div><div class="product"><a href="https://www.amazon.com/dp/B0026I10AI?tag=eloabder-20&linkCode=osi&th=1&psc=1"><img src="https://m.media-amazon.com/images/I/31vklP4uBsL._SL500_.jpg" alt="Product Image"></a><p>Dr. Ph. Martin's Bombay India (7BY) Ink Bottle, 1.0 oz, Black</p><p>$6.99</p><a href="https://www.amazon.com/dp/B0026I10AI?tag=eloabder-20&linkCode=osi&th=1&psc=1">View Product</a></div><div class="product"><a href="https://www.amazon.com/dp/B000KNP96C?tag=eloabder-20&linkCode=osi&th=1&psc=1"><img src="https://m.media-amazon.com/images/I/51e9srYtG0L._SL500_.jpg" alt="Product Image"></a><p>Winsor & Newton Drawing Ink, 14ml Bottle, Black Indian</p><p>$10.99</p><a href="https://www.amazon.com/dp/B000KNP96C?tag=eloabder-20&linkCode=osi&th=1&psc=1">View Product</a></div><div class="product"><a href="https://www.amazon.com/dp/B07BQG5QF4?tag=eloabder-20&linkCode=osi&th=1&psc=1"><img src="https://m.media-amazon.com/images/I/41nEMDYZaiL._SL500_.jpg" alt="Product Image"></a><p>Speedball Super Black India Ink, 16-Ounce</p><p>$19.99</p><a href="https://www.amazon.com/dp/B07BQG5QF4?tag=eloabder-20&linkCode=osi&th=1&psc=1">View Product</a></div><div class="product"><a href="https://www.amazon.com/dp/B001038NLY?tag=eloabder-20&linkCode=osi&th=1&psc=1"><img src="https://m.media-amazon.com/images/I/418i4sxJJ0L._SL500_.jpg" alt="Product Image"></a><p>Speedball Fabric Screen Printing Ink, 8-Ounce, Black for T-Shirt and Silkscreen Printmaking</p><p>$12.99 ($1.62 / Fl Oz)</p><a href="https://www.amazon.com/dp/B001038NLY?tag=eloabder-20&linkCode=osi&th=1&psc=1">View Product</a></div><div class="product"><a href="https://www.amazon.com/dp/B00161OPSA?tag=eloabder-20&linkCode=osi&th=1&psc=1"><img src="https://m.media-amazon.com/images/I/41C32y3CJAL._SL500_.jpg" alt="Product Image"></a><p>Tsukineko VersaFine inkpad, Full-Size, Onyx Black</p><p>$4.99 ($4.99 / Count)</p><a href="https://www.amazon.com/dp/B00161OPSA?tag=eloabder-20&linkCode=osi&th=1&psc=1">View Product</a></div>
<div class="product"><a href="https://www.amazon.com/dp/B07Q4TJCDJ?tag=eloabder-20&linkCode=osi&th=1&psc=1"><img src="https://m.media-amazon.com/images/I/315HYvYg-BL._SL500_.jpg" alt="Product Image"></a><p>Primbeeks 300pcs Blank Business Cards, Premium Blank White Cards, 3.5" x 2.2" Small Blank Cards, Blank Cardstock Cards, Small Note Cards, white blank cards, white business cards, kraft paper cards</p><p>$7.99</p><a href="https://www.amazon.com/dp/B07Q4TJCDJ?tag=eloabder-20&linkCode=osi&th=1&psc=1">View Product</a></div><div class="product"><a href="https://www.amazon.com/dp/B0CRGHFLT8?tag=eloabder-20&linkCode=osi&th=1&psc=1"><img src="https://m.media-amazon.com/images/I/41S1NLpb8hL._SL500_.jpg" alt="Product Image"></a><p>Watercolor Cards and Envelopes Set - 50 Folded 5x7 Inch Blank Heavyweight Paper Cards (140lb/300gsm) with Matching Envelopes for DIY Greeting Cards, Festivals, and Events</p><p>$17.99 ($0.36 / Count)</p><a href="https://www.amazon.com/dp/B0CRGHFLT8?tag=eloabder-20&linkCode=osi&th=1&psc=1">View Product</a></div><div class="product"><a href="https://www.amazon.com/dp/B08MX4TZ3H?tag=eloabder-20&linkCode=osi&th=1&psc=1"><img src="https://m.media-amazon.com/images/I/41D2u4vdLQL._SL500_.jpg" alt="Product Image"></a><p>50 Pack Blank Kraft Cards Cardstock Thick Paper Brown Greeting Cards for DIY Gift Card Menus, Baby Shower and Wedding Invitations (Multicolored, 5x7IN)</p><p>$8.99</p><a href="https://www.amazon.com/dp/B08MX4TZ3H?tag=eloabder-20&linkCode=osi&th=1&psc=1">View Product</a></div><div class="product"><a href="https://www.amazon.com/dp/B08BDGGVMK?tag=eloabder-20&linkCode=osi&th=1&psc=1"><img src="https://m.media-amazon.com/images/I/41W-dTUoBqL._SL500_.jpg" alt="Product Image"></a><p>100pcs 3.54"x2" Blank Kraft Paper Business Card, Words Message Notes paper Tags, Mini Craft Cardboard Festival gifts - 6 colors</p><p>$5.98</p><a href="https://www.amazon.com/dp/B08BDGGVMK?tag=eloabder-20&linkCode=osi&th=1&psc=1">View Product</a></div><div class="product"><a href="https://www.amazon.com/dp/B08BFDJJ78?tag=eloabder-20&linkCode=osi&th=1&psc=1"><img src="https://m.media-amazon.com/images/I/61LZ1Csb+dL._SL500_.jpg" alt="Product Image"></a><p>Nettbe 100pcs 3.54"x2" Blank Kraft Paper Business Card, Words Message Notes paper Tags, Mini Craft Cardboard Festival gifts</p><p>$5.99</p><a href="https://www.amazon.com/dp/B08BFDJJ78?tag=eloabder-20&linkCode=osi&th=1&psc=1">View Product</a></div><div class="product"><a href="https://www.amazon.com/dp/B07Q8YBJM3?tag=eloabder-20&linkCode=osi&th=1&psc=1"><img src="https://m.media-amazon.com/images/I/31w6U4cCqEL._SL500_.jpg" alt="Product Image"></a><p>Primbeeks 228pcs Blank Business Cards, Premium Blank White Cards, 3.5" x 2.2" Small Blank Cards, Blank Cardstock Cards, Small Note Cards, white blank cards, white business cards, kraft paper cards</p><p>$5.99</p><a href="https://www.amazon.com/dp/B07Q8YBJM3?tag=eloabder-20&linkCode=osi&th=1&psc=1">View Product</a></div><div class="product"><a href="https://www.amazon.com/dp/B08X4Z9TGN?tag=eloabder-20&linkCode=osi&th=1&psc=1"><img src="https://m.media-amazon.com/images/I/41Jqhe35tDL._SL500_.jpg" alt="Product Image"></a><p>321Done Blank Rustic Cards, Made in USA - 4x6 Thick, Heavy Cardstock - Make Invites, Greeting, Note, Thank You Cards - Plain Kraft for Writing, Stamping, Printing, Art - No Envelopes - Set of 50</p><p>$14.99</p><a href="https://www.amazon.com/dp/B08X4Z9TGN?tag=eloabder-20&linkCode=osi&th=1&psc=1">View Product</a></div><div class="product"><a href="https://www.amazon.com/dp/B0D2KDWBNM?tag=eloabder-20&linkCode=osi&th=1&psc=1"><img src="https://m.media-amazon.com/images/I/31dAhnBJ7aL._SL500_.jpg" alt="Product Image"></a><p>4x6 Blank White Cardstock (Set of 100) - Card Stock for Printer Postcards, Photo Paper Invitations, Greeting, Note, Thank You, DIY Making, Index Cards - Plain for Writing, Stamping, Printing, Art</p><p>$8.99</p><a href="https://www.amazon.com/dp/B0D2KDWBNM?tag=eloabder-20&linkCode=osi&th=1&psc=1">View Product</a></div><div class="product"><a href="https://www.amazon.com/dp/B0BB858RYN?tag=eloabder-20&linkCode=osi&th=1&psc=1"><img src="https://m.media-amazon.com/images/I/317zmriPKNL._SL500_.jpg" alt="Product Image"></a><p>WANDERINGS Handmade White Deckle Edge Blank Greeting Cards- Folded to 5x7” - Pack of 25 - Writers, Artists, Crafters - Thank Yous, Invitations, Menus, Greeting Cards, Notes - Thick 150 GSM</p><p>$21.99 ($0.88 / Count)</p><a href="https://www.amazon.com/dp/B0BB858RYN?tag=eloabder-20&linkCode=osi&th=1&psc=1">View Product</a></div><div class="product"><a href="https://www.amazon.com/dp/B0BZPPXRZW?tag=eloabder-20&linkCode=osi&th=1&psc=1"><img src="https://m.media-amazon.com/images/I/21Da-WQhrpL._SL500_.jpg" alt="Product Image"></a><p>100 Pack Thick Paper Cardstock Blank Heavy Cards Stock for Invitations, Greeting Cards Making, Postcards, Photos, 250GSM Thick Paper (White, 2x3.5 inches)</p><p>$5.99</p><a href="https://www.amazon.com/dp/B0BZPPXRZW?tag=eloabder-20&linkCode=osi&th=1&psc=1">View Product</a></div>
<div class="product"><a href="https://www.amazon.com/dp/B0BZRDQKH6?tag=eloabder-20&linkCode=osi&th=1&psc=1"><img src="https://m.media-amazon.com/images/I/41GYYRiusgL._SL500_.jpg" alt="Product Image"></a><p>feela 8 Pack Unlined Kraft Paper Notebooks, Blank Journal Note Pad for Drawing Writing, Small Sketchbook Travel Journal Bulk for Women Kids Students Office School Supplies, A5, 60 Pages, 8.3” X 5.5”</p><p>$9.99</p><a href="https://www.amazon.com/dp/B0BZRDQKH6?tag=eloabder-20&linkCode=osi&th=1&psc=1">View Product</a></div><div class="product"><a href="https://www.amazon.com/dp/B0BXLB74KK?tag=eloabder-20&linkCode=osi&th=1&psc=1"><img src="https://m.media-amazon.com/images/I/313vYzg7HpL._SL500_.jpg" alt="Product Image"></a><p>ZZTX 4 Pack Blank Kraft Notebooks, Blank Paper Sketchbooks for Drawing Doodling Writing,Travel Journal Set, A5, 36 Pages, 8.3” X 5.5”</p><p>$5.99</p><a href="https://www.amazon.com/dp/B0BXLB74KK?tag=eloabder-20&linkCode=osi&th=1&psc=1">View Product</a></div><div class="product"><a href="https://www.amazon.com/dp/B0BW5TNPXJ?tag=eloabder-20&linkCode=osi&th=1&psc=1"><img src="https://m.media-amazon.com/images/I/31Wu8UP78iL._SL500_.jpg" alt="Product Image"></a><p>EOOUT Kraft Notebooks, Blank Page Journals in Bulk, 16pcs A5, 8.3 X 5.5 Inches, 60 Pages, 80gsm, Travel Journal Set, for Art Camp, Travelers, Students and Office Supplies Sketchbooks Bulk for Kids</p><p>$15.99</p><a href="https://www.amazon.com/dp/B0BW5TNPXJ?tag=eloabder-20&linkCode=osi&th=1&psc=1">View Product</a></div><div class="product"><a href="https://www.amazon.com/dp/B08P3F46SD?tag=eloabder-20&linkCode=osi&th=1&psc=1"><img src="https://m.media-amazon.com/images/I/41jeBDcZJ1L._SL500_.jpg" alt="Product Image"></a><p>Krafty Soft Cover Blank Notebook Journal, Spiral Sketchbook Pad, Drawing Book, 60 Sheets/140gsm (A4)/120 Pages</p><p>$7.99</p><a href="https://www.amazon.com/dp/B08P3F46SD?tag=eloabder-20&linkCode=osi&th=1&psc=1">View Product</a></div><div class="product"><a href="https://www.amazon.com/dp/B0CWNPMC4T?tag=eloabder-20&linkCode=osi&th=1&psc=1"><img src="https://m.media-amazon.com/images/I/31BZeVGe6TL._SL500_.jpg" alt="Product Image"></a><p>zmybcpack 5 Pack Blank Journal Notebooks, Blank Paper Sketchbook for Drawing Writing, Travel Journal Notebook Kraft Paper Notebook for Travelers, Students, Office, A5, 8.26” x 5.5”, 60 Pages/30 Sheets</p><p>$8.99</p><a href="https://www.amazon.com/dp/B0CWNPMC4T?tag=eloabder-20&linkCode=osi&th=1&psc=1">View Product</a></div><div class="product"><a href="https://www.amazon.com/dp/B07WHYP9WN?tag=eloabder-20&linkCode=osi&th=1&psc=1"><img src="https://m.media-amazon.com/images/I/41ZhyCux1yL._SL500_.jpg" alt="Product Image"></a><p>Thick Blank Journal Notebook with Unlined / Unruled / Plain Pages | Deluxe 120gsm Ink Resistant Paper for Writing, Sketch Book, 160 Pages | Hardcover Sketchbook with Pen Holder, Pocket, Ribbon (Black)</p><p>$14.99</p><a href="https://www.amazon.com/dp/B07WHYP9WN?tag=eloabder-20&linkCode=osi&th=1&psc=1">View Product</a></div>
<div class="product"><a href="https://www.amazon.com/dp/B07MT7HKZW?tag=eloabder-20&linkCode=osi&th=1&psc=1"><img src="https://m.media-amazon.com/images/I/413JwH5JREL._SL500_.jpg" alt="Product Image"></a><p>Spiral Sketch Book Large Notebook（Built-in Drawing Board） Kraft Cover Blank Sketch Pad Wirebound Sketching for Drawing Painting 8.5x11-Inch (2 Pack) 200 Sheets, 100 Sheets, 200Pages Each</p><p>$17.99 ($9.00 / Count)</p><a href="https://www.amazon.com/dp/B07MT7HKZW?tag=eloabder-20&linkCode=osi&th=1&psc=1">View Product</a></div><div class="product"><a href="https://www.amazon.com/dp/B0BDQ82WB9?tag=eloabder-20&linkCode=osi&th=1&psc=1"><img src="https://m.media-amazon.com/images/I/51FoWr3GPwL._SL500_.jpg" alt="Product Image"></a><p>feela 170 Pack Blank Kraft Notebooks, Unlined Sketchbook Mini Cute Note Pad for Drawing Writing, Journal Bulk For Kids Students Office School Supplies, A6, 48 Pages, 4.25” X 5.5”, Black and Brown</p><p>$51.99</p><a href="https://www.amazon.com/dp/B0BDQ82WB9?tag=eloabder-20&linkCode=osi&th=1&psc=1">View Product</a></div><div class="product"><a href="https://www.amazon.com/dp/B0B3WWHWT2?tag=eloabder-20&linkCode=osi&th=1&psc=1"><img src="https://m.media-amazon.com/images/I/31m0FzXtPxL._SL500_.jpg" alt="Product Image"></a><p>Tamaki 6 Pack Colorful Blank Books for kids to Write, Drawing, Cute Sketchbook for Kid, 6 Colors (4.25 x 5.5 Inches)</p><p>$6.99</p><a href="https://www.amazon.com/dp/B0B3WWHWT2?tag=eloabder-20&linkCode=osi&th=1&psc=1">View Product</a></div>

<div class="product"><a href="https://www.amazon.com/dp/B0D3HPD7WP?tag=eloabder-20&linkCode=osi&th=1&psc=1"><img src="https://m.media-amazon.com/images/I/31KSmmAWUWL._SL500_.jpg" alt="Product Image"></a><p>50 Sheets Grey Cardstock Paper, Colored Printer Paper 8.5 x 11, Thick Construction Paper for Cards Making, Scrapbook，Office Printing, Invitations, Certificates，DIY Crafting 92 lb/250gsm</p><p>$9.99</p><a href="https://www.amazon.com/dp/B0D3HPD7WP?tag=eloabder-20&linkCode=osi&th=1&psc=1">View Product</a></div>
<div class="product"><a href="https://www.amazon.com/dp/B076CP6F36?tag=eloabder-20&linkCode=osi&th=1&psc=1"><img src="https://m.media-amazon.com/images/I/51rfEIvgI+L._SL500_.jpg" alt="Product Image"></a><p>Apple Barrel, Vibrant Spectrum Collection Acrylic Craft Paint, PROMOABIII, 2 fl oz each, 16 assorted matte colors, 16 count</p><p>$15.97 ($0.50 / Fl Oz)</p><a href="https://www.amazon.com/dp/B076CP6F36?tag=eloabder-20&linkCode=osi&th=1&psc=1">View Product</a></div><div class="product"><a href="https://www.amazon.com/dp/B0BKFLSYQF?tag=eloabder-20&linkCode=osi&th=1&psc=1"><img src="https://m.media-amazon.com/images/I/51a0PmPRknL._SL500_.jpg" alt="Product Image"></a><p>72 Pack Acrylic Paint Set, Shuttle Art 60 Colors Acrylic Paint Including Extra White Black & 12 Brushes, 2oz/60ml, Rich Pigmented, Water Proof, Ideal for Artists, Beginners on Canvas Rock Wood Ceramic</p><p>$45.99 ($23.00 / Fl Oz)</p><a href="https://www.amazon.com/dp/B0BKFLSYQF?tag=eloabder-20&linkCode=osi&th=1&psc=1">View Product</a></div><div class="product"><a href="https://www.amazon.com/dp/B08CB3JH79?tag=eloabder-20&linkCode=osi&th=1&psc=1"><img src="https://m.media-amazon.com/images/I/51OUZsFdnTL._SL500_.jpg" alt="Product Image"></a><p>Acrylic Paint Set of 36 Colors 2fl oz 60ml Bottles,Non Toxic 36 Colors Acrylic Paint No Fading Rich Pigment for Kids Adults Artists Canvas Crafts Wood Painting</p><p>$32.99 ($0.46 / Fl Oz)</p><a href="https://www.amazon.com/dp/B08CB3JH79?tag=eloabder-20&linkCode=osi&th=1&psc=1">View Product</a></div><div class="product"><a href="https://www.amazon.com/dp/B0018NBVKQ?tag=eloabder-20&linkCode=osi&th=1&psc=1"><img src="https://m.media-amazon.com/images/I/31YlSvZMTCL._SL500_.jpg" alt="Product Image"></a><p>Apple Barrel Acrylic Paint in Assorted Colors (8 Ounce), 20403 White</p><p>$2.67 ($0.33 / Fl Oz)</p><a href="https://www.amazon.com/dp/B0018NBVKQ?tag=eloabder-20&linkCode=osi&th=1&psc=1">View Product</a></div><div class="product"><a href="https://www.amazon.com/dp/B077WSBLZ1?tag=eloabder-20&linkCode=osi&th=1&psc=1"><img src="https://m.media-amazon.com/images/I/51KPkXpLn1L._SL500_.jpg" alt="Product Image"></a><p>Shuttle Art Acrylic Paint Set, 30 x12ml Tubes Artist Quality Non Toxic Rich Pigments Colors Great for Kids Adults Professional Painting on Rocks Canvas Wood Clay Fabric Ceramic Crafts</p><p>$12.99 ($1.08 / Fl Oz)</p><a href="https://www.amazon.com/dp/B077WSBLZ1?tag=eloabder-20&linkCode=osi&th=1&psc=1">View Product</a></div><div class="product"><a href="https://www.amazon.com/dp/B00889Z5Y6?tag=eloabder-20&linkCode=osi&th=1&psc=1"><img src="https://m.media-amazon.com/images/I/41MQjsyDbSL._SL500_.jpg" alt="Product Image"></a><p>Apple Barrel Acrylic Paint in Assorted Colors (2 oz), 20764, Apricot</p><p>$0.58 ($0.29 / Fl Oz)</p><a href="https://www.amazon.com/dp/B00889Z5Y6?tag=eloabder-20&linkCode=osi&th=1&psc=1">View Product</a></div><div class="product"><a href="https://www.amazon.com/dp/B09TWQD5ZL?tag=eloabder-20&linkCode=osi&th=1&psc=1"><img src="https://m.media-amazon.com/images/I/41B0L003QXL._SL500_.jpg" alt="Product Image"></a><p>Artkey Acrylic Paint Set - 24 colors 2 oz/59 ml Acrylic Paints Professional Artists Painting Kit for Canvases Fabric Rock Leather Easter Egg Wood Ceramic Glass Art Craft Painting</p><p>$19.99 ($0.42 / Fl Oz)</p><a href="https://www.amazon.com/dp/B09TWQD5ZL?tag=eloabder-20&linkCode=osi&th=1&psc=1">View Product</a></div><div class="product"><a href="https://www.amazon.com/dp/B07Z93LQDB?tag=eloabder-20&linkCode=osi&th=1&psc=1"><img src="https://m.media-amazon.com/images/I/51veoN6zK0L._SL500_.jpg" alt="Product Image"></a><p>Shuttle Art Acrylic Paint Set, 36 Colors Acrylic Paint with Brushes & Palette, 2oz Bottles, Rich Pigments Non-toxic Paint for Artists Kids & Adults, Art Supplies for Canvas Rock Ceramic Wood Painting</p><p>$27.99</p><a href="https://www.amazon.com/dp/B07Z93LQDB?tag=eloabder-20&linkCode=osi&th=1&psc=1">View Product</a></div><div class="product"><a href="https://www.amazon.com/dp/B002665SYY?tag=eloabder-20&linkCode=osi&th=1&psc=1"><img src="https://m.media-amazon.com/images/I/31sJJeWK6OS._SL500_.jpg" alt="Product Image"></a><p>Liquitex BASICS Acrylic Paint, 250ml (8.5-oz) Tube, Titanium White</p><p>$9.99 ($1.18 / Fl Oz)</p><a href="https://www.amazon.com/dp/B002665SYY?tag=eloabder-20&linkCode=osi&th=1&psc=1">View Product</a></div>
<div class="product"><a href="https://www.amazon.com/dp/B0CC98XLGL?tag=eloabder-20&linkCode=osi&th=1&psc=1"><img src="https://m.media-amazon.com/images/I/51ZLw+nThiL._SL500_.jpg" alt="Product Image"></a><p>HUIRUSO 4 Pack Double Sided Tape Roller, Scrapbook Supplies, Glue Tape Roller for Crafts, Double-Sided Adhesive Tape Runner for Scrapbooking, School Office Journaling Supplies (0.31 in X 26.25 ft)</p><p>$6.99 ($1.75 / Count)</p><a href="https://www.amazon.com/dp/B0CC98XLGL?tag=eloabder-20&linkCode=osi&th=1&psc=1">View Product</a></div><div class="product"><a href="https://www.amazon.com/dp/B007XAAE6K?tag=eloabder-20&linkCode=osi&th=1&psc=1"><img src="https://m.media-amazon.com/images/I/414qxYVR0wL._SL500_.jpg" alt="Product Image"></a><p>Scotch Double Sided Tape Runner, 1-Pack, 0.27 in x 26 ft., Perfect for Holiday Crafts, Gifts, and More</p><p>$4.47</p><a href="https://www.amazon.com/dp/B007XAAE6K?tag=eloabder-20&linkCode=osi&th=1&psc=1">View Product</a></div><div class="product"><a href="https://www.amazon.com/dp/B0BZVGPFSK?tag=eloabder-20&linkCode=osi&th=1&psc=1"><img src="https://m.media-amazon.com/images/I/51-ue9+7JkL._SL500_.jpg" alt="Product Image"></a><p>Birllaid Double Sided Tape for Walls, Picture Hanging Strips Removable Mounting Dots Adhesive Heavy Duty, Removable for Art Craft, Decoration, Party Supplies, Multipurpose</p><p>$11.99</p><a href="https://www.amazon.com/dp/B0BZVGPFSK?tag=eloabder-20&linkCode=osi&th=1&psc=1">View Product</a></div><div class="product"><a href="https://www.amazon.com/dp/B0CGVN9SL1?tag=eloabder-20&linkCode=osi&th=1&psc=1"><img src="https://m.media-amazon.com/images/I/41Hy+i4CnoL._SL500_.jpg" alt="Product Image"></a><p>30Ft x 1 Inch Hook and Loop Strips with Adhesive,Double Rolls of Heavy Duty Self Adhesive Tape with Backing, Nylon Self Adhesive Tape for Home Office School and Crafting,White</p><p>$9.99</p><a href="https://www.amazon.com/dp/B0CGVN9SL1?tag=eloabder-20&linkCode=osi&th=1&psc=1">View Product</a></div><div class="product"><a href="https://www.amazon.com/dp/B07Y3VDPLF?tag=eloabder-20&linkCode=osi&th=1&psc=1"><img src="https://m.media-amazon.com/images/I/41cyKQ2OMuL._SL500_.jpg" alt="Product Image"></a><p>Melsan 1x4 inch Hook and Loop Strips with Adhesive - 15 Sets, Strong Back Adhesive Fasten Mounting Tape for Home or Office Use - Instead of Holes and Screws, Black</p><p>$7.82</p><a href="https://www.amazon.com/dp/B07Y3VDPLF?tag=eloabder-20&linkCode=osi&th=1&psc=1">View Product</a></div><div class="product"><a href="https://www.amazon.com/dp/B07V57VJT5?tag=eloabder-20&linkCode=osi&th=1&psc=1"><img src="https://m.media-amazon.com/images/I/514JO3bvl3L._SL500_.jpg" alt="Product Image"></a><p>XFasten Adhesive Roller for Scrapbooking, 8mm x 30ft 4-Pack Double Sided Glue Tape Roller, Scrapbook Supplies for Adults, Photo Tape for Scrapbooking</p><p>$9.99 ($2.50 / Count)</p><a href="https://www.amazon.com/dp/B07V57VJT5?tag=eloabder-20&linkCode=osi&th=1&psc=1">View Product</a></div><div class="product"><a href="https://www.amazon.com/dp/B07JLTGQHX?tag=eloabder-20&linkCode=osi&th=1&psc=1"><img src="https://m.media-amazon.com/images/I/51Eqfo7kUZL._SL500_.jpg" alt="Product Image"></a><p>UPINS 120 Pack Double Sided Foam Tape Square Self-Adhesive Foam Tape Black Strong Tape Pads for DIY Art Crafts Supplies</p><p>$9.99 ($0.08 / Count)</p><a href="https://www.amazon.com/dp/B07JLTGQHX?tag=eloabder-20&linkCode=osi&th=1&psc=1">View Product</a></div><div class="product"><a href="https://www.amazon.com/dp/B005FM6XF4?tag=eloabder-20&linkCode=osi&th=1&psc=1"><img src="https://m.media-amazon.com/images/I/51-vp1WJ89L._SL500_.jpg" alt="Product Image"></a><p>AdTech 5603 Permanent Crafter's Tape, 0.31" x 315", Pack of 4</p><p>$7.84 ($0.07 / Foot)</p><a href="https://www.amazon.com/dp/B005FM6XF4?tag=eloabder-20&linkCode=osi&th=1&psc=1">View Product</a></div><div class="product"><a href="https://www.amazon.com/dp/B0CJF1FLFJ?tag=eloabder-20&linkCode=osi&th=1&psc=1"><img src="https://m.media-amazon.com/images/I/51dig1RqzdL._SL500_.jpg" alt="Product Image"></a><p>UPINS 150Pack Double Sided Foam Tape Strong Sticky Double Sided Foam Pads for Crafts Self-Adhesive Mounting Foam Tape Heavy Duty for Home Wall Decor 40 * 40 * 2mm</p><p>$8.99 ($0.06 / Count)</p><a href="https://www.amazon.com/dp/B0CJF1FLFJ?tag=eloabder-20&linkCode=osi&th=1&psc=1">View Product</a></div><div class="product"><a href="https://www.amazon.com/dp/B0D4YWRGCL?tag=eloabder-20&linkCode=osi&th=1&psc=1"><img src="https://m.media-amazon.com/images/I/41EqJ553-KL._SL500_.jpg" alt="Product Image"></a><p>Amanbo Glue Tape for Scrapbooking, 6 Pack Scrapbook Tape, Double Sided Tape Roller for Crafts, Total 120 Ft x 0.24 in Tape Runner, Craft Supplies for Scrapbooking, Gift Wrapping and Photo Tape</p><p>$6.99</p><a href="https://www.amazon.com/dp/B0D4YWRGCL?tag=eloabder-20&linkCode=osi&th=1&psc=1">View Product</a></div>
<div class="product"><a href="https://www.amazon.com/dp/B0CC5HPPTN?tag=eloabder-20&linkCode=osi&th=1&psc=1"><img src="https://m.media-amazon.com/images/I/519M81S201L._SL500_.jpg" alt="Product Image"></a><p>Airbrush Paint - 30 Colors with 3 Thinner, Ready to Spray Airbrush Paint Set, Water-Based Acrylic Air brush Paints for Metal, Plastic Models, Canvas, Wood, 20ml/Bottle</p><p>$32.99 ($1.48 / Fl Oz)</p><a href="https://www.amazon.com/dp/B0CC5HPPTN?tag=eloabder-20&linkCode=osi&th=1&psc=1">View Product</a></div>
<div class="product"><a href="https://www.amazon.com/dp/B0CXPSGK36?tag=eloabder-20&linkCode=osi&th=1&psc=1"><img src="https://m.media-amazon.com/images/I/51dd2dYOtrL._SL500_.jpg" alt="Product Image"></a><p>Letter Stickers 30 Sheets 1500 PCS Large Alphabet Sticker 2 Inch Vinyl Self Adhesive Stick on Stickers for Water Bottles Cup Mailbox Number Address Craft Scrapbooking Bulletin Board Decor Multicolor</p><p>$9.99</p><a href="https://www.amazon.com/dp/B0CXPSGK36?tag=eloabder-20&linkCode=osi&th=1&psc=1">View Product</a></div><div class="product"><a href="https://www.amazon.com/dp/B07NNYFMGY?tag=eloabder-20&linkCode=osi&th=1&psc=1"><img src="https://m.media-amazon.com/images/I/51yDnU+gEXL._SL500_.jpg" alt="Product Image"></a><p>20 Sheets Alphabet Letter Stickers 10 Colors Self Adhesive Sticker Colorful PU Material Convex Feeling (Colored Letter Stickers 1)</p><p>$6.99 ($0.35 / Count)</p><a href="https://www.amazon.com/dp/B07NNYFMGY?tag=eloabder-20&linkCode=osi&th=1&psc=1">View Product</a></div>

<div class="product"><a href="https://www.amazon.com/dp/B01DDN8854?tag=eloabder-20&linkCode=osi&th=1&psc=1"><img src="https://m.media-amazon.com/images/I/61dPubDZBSL._SL500_.jpg" alt="Product Image"></a><p>Hugs 'n Kisses HNKHABY13 Applique Paper (20 Pack)</p><p>$19.72 ($0.99 / Count)</p><a href="https://www.amazon.com/dp/B01DDN8854?tag=eloabder-20&linkCode=osi&th=1&psc=1">View Product</a></div>
<div class="product"><a href="https://www.amazon.com/dp/B09KPNFJW1?tag=eloabder-20&linkCode=osi&th=1&psc=1"><img src="https://m.media-amazon.com/images/I/41abn5fELmL._SL500_.jpg" alt="Product Image"></a><p>UniPleased Disposable Aprons (50 Count), Plastic apron for Painting Party, Cooking, Housework, Picnic etc.</p><p>$5.69</p><a href="https://www.amazon.com/dp/B09KPNFJW1?tag=eloabder-20&linkCode=osi&th=1&psc=1">View Product</a></div>
<div class="product"><a href="https://www.amazon.com/dp/B087M21MM2?tag=eloabder-20&linkCode=osi&th=1&psc=1"><img src="https://m.media-amazon.com/images/I/41Xf-jehhLL._SL500_.jpg" alt="Product Image"></a><p>GOTIDEAL Stretched Canvas, Multi Pack 4x4, 5x7, 8x10,9x12, 11x14 Set of 10, Primed White - 100% Cotton Artist Canvas Boards for Painting, Acrylic Pouring, Oil Paint Dry & Wet Art Media</p><p>$24.99</p><a href="https://www.amazon.com/dp/B087M21MM2?tag=eloabder-20&linkCode=osi&th=1&psc=1">View Product</a></div><div class="product"><a href="https://www.amazon.com/dp/B00OQJYISG?tag=eloabder-20&linkCode=osi&th=1&psc=1"><img src="https://m.media-amazon.com/images/I/31fEDLPkkcL._SL500_.jpg" alt="Product Image"></a><p>6 Count 12” x 16” Super Value Canvas by Artist's Loft Necessities - Acid Free Cotton Canvas for Paint, Acrylic, & Oils - 1 Pack</p><p>$19.99</p><a href="https://www.amazon.com/dp/B00OQJYISG?tag=eloabder-20&linkCode=osi&th=1&psc=1">View Product</a></div><div class="product"><a href="https://www.amazon.com/dp/B09CDKB9HY?tag=eloabder-20&linkCode=osi&th=1&psc=1"><img src="https://m.media-amazon.com/images/I/51+p5xnClGL._SL500_.jpg" alt="Product Image"></a><p>DPDIAN Canvas Boards for Painting 40 Pack, 8 inch x 10 inch Super Value Pack, Artist Canvas Panels for Oil & Acrylic Painting</p><p>$29.99</p><a href="https://www.amazon.com/dp/B09CDKB9HY?tag=eloabder-20&linkCode=osi&th=1&psc=1">View Product</a></div><div class="product"><a href="https://www.amazon.com/dp/B0CFBGP29G?tag=eloabder-20&linkCode=osi&th=1&psc=1"><img src="https://m.media-amazon.com/images/I/3147Az5plbL._SL500_.jpg" alt="Product Image"></a><p>ArtSkills Stretched Canvases for Painting, 12x16 Canvas Painting Supplies for Artists, Blank Canvas Pack, 2-Pack</p><p>$16.99</p><a href="https://www.amazon.com/dp/B0CFBGP29G?tag=eloabder-20&linkCode=osi&th=1&psc=1">View Product</a></div><div class="product"><a href="https://www.amazon.com/dp/B07BNGQ1SS?tag=eloabder-20&linkCode=osi&th=1&psc=1"><img src="https://m.media-amazon.com/images/I/410ZVtygUwS._SL500_.jpg" alt="Product Image"></a><p>PHOENIX Stretched Canvas for Painting 8x10 Inch/10 Value Pack, 8 Oz Triple Primed 5/8 Inch Profile 100% Cotton White Blank Canvas, Artist Framed Canvas for Oil Acrylic & Pouring Art</p><p>$22.99</p><a href="https://www.amazon.com/dp/B07BNGQ1SS?tag=eloabder-20&linkCode=osi&th=1&psc=1">View Product</a></div><div class="product"><a href="https://www.amazon.com/dp/B0922JP1H4?tag=eloabder-20&linkCode=osi&th=1&psc=1"><img src="https://m.media-amazon.com/images/I/41BmiEND1KL._SL500_.jpg" alt="Product Image"></a><p>GOTIDEAL Canvases for Painting, 18 Pack Canvas Boards Multipack 4x4, 5x7, 8x10, 9x12,11x14,Primed White Blank Artist Canvas Variety Pack for Acrylic Paint, Oil Paint, Watercolor, Gouache</p><p>$19.99</p><a href="https://www.amazon.com/dp/B0922JP1H4?tag=eloabder-20&linkCode=osi&th=1&psc=1">View Product</a></div>


<div class="product"><a href="https://www.amazon.com/dp/B0872VFHBH?tag=eloabder-20&linkCode=osi&th=1&psc=1"><img src="https://m.media-amazon.com/images/I/51k3bekQheS._SL500_.jpg" alt="Product Image"></a><p>Bachmore Drawing Pad 9X12 Inch (110lb/180g), 60 Sheets, Top Spiral Bound Multi-Media for Artist Pro & Amateurs | Acrylic Art, Ink, Paint, Oil Pastels,Watercolor Mixed Media Sketch</p><p>$11.99</p><a href="https://www.amazon.com/dp/B0872VFHBH?tag=eloabder-20&linkCode=osi&th=1&psc=1">View Product</a></div><div class="product"><a href="https://www.amazon.com/dp/B0027A75A4?tag=eloabder-20&linkCode=osi&th=1&psc=1"><img src="https://m.media-amazon.com/images/I/51dyOxxcgYL._SL500_.jpg" alt="Product Image"></a><p>Strathmore 200 Series Sketch Pad, 9x12 inch, 100 Sheets, Tape Bound - Artist Sketchbook for Drawing, Illustration, Art Class Students</p><p>$6.99 ($0.07 / Count)</p><a href="https://www.amazon.com/dp/B0027A75A4?tag=eloabder-20&linkCode=osi&th=1&psc=1">View Product</a></div><div class="product"><a href="https://www.amazon.com/dp/B0BV13YQKX?tag=eloabder-20&linkCode=osi&th=1&psc=1"><img src="https://m.media-amazon.com/images/I/41VYfMpvXUL._SL500_.jpg" alt="Product Image"></a><p>Canson Graduate Watercolor Pad, Foldover, 9x12 inch, 20 Sheets | Artist Paper for Adults and Students - Painting, Gouache, Mixed Media and Ink</p><p>$4.97 ($0.41 / Count)</p><a href="https://www.amazon.com/dp/B0BV13YQKX?tag=eloabder-20&linkCode=osi&th=1&psc=1">View Product</a></div><div class="product"><a href="https://www.amazon.com/dp/B0024KMQ6K?tag=eloabder-20&linkCode=osi&th=1&psc=1"><img src="https://m.media-amazon.com/images/I/51sYdvPPUCL._SL500_.jpg" alt="Product Image"></a><p>Strathmore 400 Series Pastel Pad, Assorted Colors, 9"x12" Glue Bound, 24 Sheets</p><p>$9.11</p><a href="https://www.amazon.com/dp/B0024KMQ6K?tag=eloabder-20&linkCode=osi&th=1&psc=1">View Product</a></div><div class="product"><a href="https://www.amazon.com/dp/B00246O6PI?tag=eloabder-20&linkCode=osi&th=1&psc=1"><img src="https://m.media-amazon.com/images/I/517TUmckOIL._SL500_.jpg" alt="Product Image"></a><p>Strathmore 300 Series Drawing Paper Pad, Top Wire Bound, 11x14 inches, 50 Sheets (70lb/114g) - Artist Paper for Adults and Students - Charcoal, Colored Pencil, Ink, Pastel, Marker</p><p>$13.33</p><a href="https://www.amazon.com/dp/B00246O6PI?tag=eloabder-20&linkCode=osi&th=1&psc=1">View Product</a></div>
<div class="product"><a href="https://www.amazon.com/dp/B08ZMH7LJY?tag=eloabder-20&linkCode=osi&th=1&psc=1"><img src="https://m.media-amazon.com/images/I/51mJIsLJA-S._SL500_.jpg" alt="Product Image"></a><p>PANDAFLY Professional Drawing Sketching Pencil Set - 12 Pieces Graphite Pencils(14B - 2H), Ideal for Drawing Art, Sketching, Shading, Artist Pencils for Beginners & Pro Artists</p><p>$5.11</p><a href="https://www.amazon.com/dp/B08ZMH7LJY?tag=eloabder-20&linkCode=osi&th=1&psc=1">View Product</a></div><div class="product"><a href="https://www.amazon.com/dp/B088K1G5NL?tag=eloabder-20&linkCode=osi&th=1&psc=1"><img src="https://m.media-amazon.com/images/I/51F2bOMZWnL._SL500_.jpg" alt="Product Image"></a><p>MARKART Professional Drawing Sketching Pencil Set - 14 Pieces,Graphite,(12B - 4H), Ideal for Drawing Art, Sketching, Shading, Artist Pencils for Beginners & Pro Artists</p><p>$5.24</p><a href="https://www.amazon.com/dp/B088K1G5NL?tag=eloabder-20&linkCode=osi&th=1&psc=1">View Product</a></div><div class="product"><a href="https://www.amazon.com/dp/B08FHMRW4L?tag=eloabder-20&linkCode=osi&th=1&psc=1"><img src="https://m.media-amazon.com/images/I/51Pmn5gjyzL._SL500_.jpg" alt="Product Image"></a><p>Mr. Pen- Sketch Pencils for Drawing, 14 Pack, Drawing Pencils, Art Pencils, Graphite Pencils, Graphite Pencils for Drawing, Art Pencils for Drawing and Shading</p><p>$5.95</p><a href="https://www.amazon.com/dp/B08FHMRW4L?tag=eloabder-20&linkCode=osi&th=1&psc=1">View Product</a></div><div class="product"><a href="https://www.amazon.com/dp/B0BNQ58DC4?tag=eloabder-20&linkCode=osi&th=1&psc=1"><img src="https://m.media-amazon.com/images/I/51e-gQtCcCL._SL500_.jpg" alt="Product Image"></a><p>MARTCOLOR Drawing Sketching Pencils Set, 12 Pack Graphite Pencils(14B - 2H), Ideal for Drawing Art, Sketching, Shading, Artist Pencils for Beginners & Pro Artists</p><p>$5.99</p><a href="https://www.amazon.com/dp/B0BNQ58DC4?tag=eloabder-20&linkCode=osi&th=1&psc=1">View Product</a></div>

<div class="product"><a href="https://www.amazon.com/dp/B0851M3749?tag=eloabder-20&linkCode=osi&th=1&psc=1"><img src="https://m.media-amazon.com/images/I/41KKSGSDl5L._SL500_.jpg" alt="Product Image"></a><p>N NOROCME 12 PCS Blending Stumps and Tortillions Paper Art Blenders with Sandpaper Pencil Sharpener Pointer for Student Artist Charcoal Sketch Drawing Tools</p><p>$4.99</p><a href="https://www.amazon.com/dp/B0851M3749?tag=eloabder-20&linkCode=osi&th=1&psc=1">View Product</a></div><div class="product"><a href="https://www.amazon.com/dp/B09J3HKN8F?tag=eloabder-20&linkCode=osi&th=1&psc=1"><img src="https://m.media-amazon.com/images/I/51Qvx81eQLL._SL500_.jpg" alt="Product Image"></a><p>Eraser Pencils Set for Artists, Wooden Sketch Eraser Pen for Charcoal Drawings, Professional Highlight Painting Eraser for Sketching, Revise Erasing Details for Students Limner</p><p>$6.99</p><a href="https://www.amazon.com/dp/B09J3HKN8F?tag=eloabder-20&linkCode=osi&th=1&psc=1">View Product</a></div>
<div class="product"><a href="https://www.amazon.com/dp/B09WCQ89T8?tag=eloabder-20&linkCode=osi&th=1&psc=1"><img src="https://m.media-amazon.com/images/I/41gZz0qgBFL._SL500_.jpg" alt="Product Image"></a><p>Bernat BABY BLANKET BB Blue Dreams Yarn - 1 Pack of 10.5oz/300g - Polyester - #6 Super Bulky - 220 Yards - Knitting/Crochet</p><p>$6.97</p><a href="https://www.amazon.com/dp/B09WCQ89T8?tag=eloabder-20&linkCode=osi&th=1&psc=1">View Product</a></div><div class="product"><a href="https://www.amazon.com/dp/B07V5JVNFD?tag=eloabder-20&linkCode=osi&th=1&psc=1"><img src="https://m.media-amazon.com/images/I/41IS+HdtiOL._SL500_.jpg" alt="Product Image"></a><p>Lion Brand Yarn Basic Stitch Anti-Pilling Knitting Yarn, Yarn for Crocheting, 1-Pack, Baby Blue</p><p>$8.40 ($0.02 / Foot)</p><a href="https://www.amazon.com/dp/B07V5JVNFD?tag=eloabder-20&linkCode=osi&th=1&psc=1">View Product</a></div><div class="product"><a href="https://www.amazon.com/dp/B01M0AJID2?tag=eloabder-20&linkCode=osi&th=1&psc=1"><img src="https://m.media-amazon.com/images/I/41yVau0AUpL._SL500_.jpg" alt="Product Image"></a><p>Lion Brand Yarn (1 Skein) Lion Brand Yarn Babysoft Baby Yarn Yarn, Little Boy Blue Multicolor</p><p>$7.19 ($0.01 / Foot)</p><a href="https://www.amazon.com/dp/B01M0AJID2?tag=eloabder-20&linkCode=osi&th=1&psc=1">View Product</a></div><div class="product"><a href="https://www.amazon.com/dp/B09W1KHF42?tag=eloabder-20&linkCode=osi&th=1&psc=1"><img src="https://m.media-amazon.com/images/I/41maDlrio5L._SL500_.jpg" alt="Product Image"></a><p>Red Heart Super Saver Light Blue Yarn - 3 Pack of 198g/7oz - Acrylic - 4 Medium (Worsted) - 364 Yards - Knitting/Crochet</p><p>$13.29 ($4.43 / Count)</p><a href="https://www.amazon.com/dp/B09W1KHF42?tag=eloabder-20&linkCode=osi&th=1&psc=1">View Product</a></div><div class="product"><a href="https://www.amazon.com/dp/B08LKVZ3CX?tag=eloabder-20&linkCode=osi&th=1&psc=1"><img src="https://m.media-amazon.com/images/I/41GLizNx8UL._SL500_.jpg" alt="Product Image"></a><p>Bernat Baby Blanket Baby Blue Yarn - 3 Pack of 100g/3.5oz - Polyester - 6 Super Bulky - 72 Yards - Knitting/Crochet</p><p>$21.81</p><a href="https://www.amazon.com/dp/B08LKVZ3CX?tag=eloabder-20&linkCode=osi&th=1&psc=1">View Product</a></div><div class="product"><a href="https://www.amazon.com/dp/B0CHJ95WHJ?tag=eloabder-20&linkCode=osi&th=1&psc=1"><img src="https://m.media-amazon.com/images/I/314E1EQdihL._SL500_.jpg" alt="Product Image"></a><p>NORCIA Soft Velvet Yarn Chenille Yarn for Crocheting Baby Blanket Yarn for Knitting Amigurumi Yarn Fancy Yarn for Crochet Weaving Craft (Baby Blue, 1 Skein)</p><p>$9.99</p><a href="https://www.amazon.com/dp/B0CHJ95WHJ?tag=eloabder-20&linkCode=osi&th=1&psc=1">View Product</a></div>
<div class="product"><a href="https://www.amazon.com/dp/B0779F2TXJ?tag=eloabder-20&linkCode=osi&th=1&psc=1"><img src="https://m.media-amazon.com/images/I/31kqZr8DJzL._SL500_.jpg" alt="Product Image"></a><p>OPENDGO Feather Ballpoint Pen ，Black Ink Vintage Feather Quill Refined Plated Rod Quill Ballpoint Pen For School Writing ▏Wedding Gift Signature Pen (Black)</p><p>$6.97</p><a href="https://www.amazon.com/dp/B0779F2TXJ?tag=eloabder-20&linkCode=osi&th=1&psc=1">View Product</a></div><div class="product"><a href="https://www.amazon.com/dp/B0CQF3BJ3S?tag=eloabder-20&linkCode=osi&th=1&psc=1"><img src="https://m.media-amazon.com/images/I/41gs6AOiP6L._SL500_.jpg" alt="Product Image"></a><p>3 in 1 Retractable Ballpoint Pen with Light and Stylus, Nice Pens for Journaling Writing in The Dark - White/Red Light Tip- 0.7mm Black Ink</p><p>$12.99</p><a href="https://www.amazon.com/dp/B0CQF3BJ3S?tag=eloabder-20&linkCode=osi&th=1&psc=1">View Product</a></div><div class="product"><a href="https://www.amazon.com/dp/B08BBZ3B8G?tag=eloabder-20&linkCode=osi&th=1&psc=1"><img src="https://m.media-amazon.com/images/I/41cMHyw60wL._SL500_.jpg" alt="Product Image"></a><p>Mr. Pen- Pens, Black Pens, 12 Pack, Fast Dry, No Smear Pens, Bible Pens, Pens for Journaling, Pens No Bleed Through, Pens Fine Point, Journal Pens, Fine Tip, Planner Pens, Ball Point Journal Pens</p><p>$9.99</p><a href="https://www.amazon.com/dp/B08BBZ3B8G?tag=eloabder-20&linkCode=osi&th=1&psc=1">View Product</a></div><div class="product"><a href="https://www.amazon.com/dp/B0D4YWWGX6?tag=eloabder-20&linkCode=osi&th=1&psc=1"><img src="https://m.media-amazon.com/images/I/31xHBCCzJqL._SL500_.jpg" alt="Product Image"></a><p>PATIKIL 21cm/8" Feather Ballpoint Pen, 1Pcs Ink Vintage Quill Pen Refined Plated Dip Pen for Calligraphy Writing Signature Wedding Gift, Yellow</p><p>$7.49</p><a href="https://www.amazon.com/dp/B0D4YWWGX6?tag=eloabder-20&linkCode=osi&th=1&psc=1">View Product</a></div>

<div class="product"><a href="https://www.amazon.com/dp/B001TLDEVQ?tag=eloabder-20&linkCode=osi&th=1&psc=1"><img src="https://m.media-amazon.com/images/I/41jYF39F6lL._SL500_.jpg" alt="Product Image"></a><p>Beadalon SuppleMax Illusion Beading Cord, 0.40 mm / 0.016 in, Clear Monofilament, 50 m / 164 ft</p><p>$4.74</p><a href="https://www.amazon.com/dp/B001TLDEVQ?tag=eloabder-20&linkCode=osi&th=1&psc=1">View Product</a></div><div class="product"><a href="https://www.amazon.com/dp/B0D2HVFZ7Q?tag=eloabder-20&linkCode=osi&th=1&psc=1"><img src="https://m.media-amazon.com/images/I/41R66LMYz7L._SL500_.jpg" alt="Product Image"></a><p>Zxiixz 116Yards 0.5mm Bracelet String, Waxed String Cord for Bracelet Making, Beading Thread for Bracelet Beads, Friendship Bracelet String for Bracelet Making, Waxed Polyester Cord for Jewelry Making</p><p>$6.99</p><a href="https://www.amazon.com/dp/B0D2HVFZ7Q?tag=eloabder-20&linkCode=osi&th=1&psc=1">View Product</a></div><div class="product"><a href="https://www.amazon.com/dp/B07BNF8KH5?tag=eloabder-20&linkCode=osi&th=1&psc=1"><img src="https://m.media-amazon.com/images/I/51jVByheyVL._SL500_.jpg" alt="Product Image"></a><p>PH PandaHall 100 Yards 1mm Waxed Cotton Cord Thread Beading String for Bracelet Necklace Making Crafting Beading Macrame Vase Decor, Burlywood</p><p>$7.19 ($0.02 / Foot)</p><a href="https://www.amazon.com/dp/B07BNF8KH5?tag=eloabder-20&linkCode=osi&th=1&psc=1">View Product</a></div><div class="product"><a href="https://www.amazon.com/dp/B07HBPGXJG?tag=eloabder-20&linkCode=osi&th=1&psc=1"><img src="https://m.media-amazon.com/images/I/41xi8gO6kDL._SL500_.jpg" alt="Product Image"></a><p>Paxcoo 0.8mm Elastic String, Stretchy Bracelet String Crystal String Bead Cord for Bracelet, Beading and Jewelry Making (120m)</p><p>$6.99 ($0.02 / Foot)</p><a href="https://www.amazon.com/dp/B07HBPGXJG?tag=eloabder-20&linkCode=osi&th=1&psc=1">View Product</a></div><div class="product"><a href="https://www.amazon.com/dp/B0CNPST7D9?tag=eloabder-20&linkCode=osi&th=1&psc=1"><img src="https://m.media-amazon.com/images/I/41A9VISFC4L._SL500_.jpg" alt="Product Image"></a><p>Kblick Black Nylon String Cord - 1MM 100 Yards Black Twine, Bracelet String for Bracelet Making, Braided Ornament Lanyard Sting, Jewelry Thread Clay Bead String for Crafts, Macrame Satin Cord</p><p>$5.99 ($0.02 / Foot)</p><a href="https://www.amazon.com/dp/B0CNPST7D9?tag=eloabder-20&linkCode=osi&th=1&psc=1">View Product</a></div><div class="product"><a href="https://www.amazon.com/dp/B08GC3JF9X?tag=eloabder-20&linkCode=osi&th=1&psc=1"><img src="https://m.media-amazon.com/images/I/41FQZYhvQpL._SL500_.jpg" alt="Product Image"></a><p>Cheriswelry 100M 0.8mm Nylon Beading Cord Black Chinese Knotting Rattail Macrame Thread String Roll for Jewelry Making Kumihimo Wrapping Supplies DIY Crafts</p><p>$6.99 ($0.02 / Fl Oz)</p><a href="https://www.amazon.com/dp/B08GC3JF9X?tag=eloabder-20&linkCode=osi&th=1&psc=1">View Product</a></div><div class="product"><a href="https://www.amazon.com/dp/B0B3V9RWQC?tag=eloabder-20&linkCode=osi&th=1&psc=1"><img src="https://m.media-amazon.com/images/I/41F-OP+yCxL._SL500_.jpg" alt="Product Image"></a><p>Griffin Silk Bead Cord Perlseide – Black Color – Size 3 (0.50mm) – 2 Meters per Card – Stainless Steel Needle Attached – for Knotting Pearls, Gemstones, Crystals and Beads</p><p>$4.99 ($0.76 / Foot)</p><a href="https://www.amazon.com/dp/B0B3V9RWQC?tag=eloabder-20&linkCode=osi&th=1&psc=1">View Product</a></div><div class="product"><a href="https://www.amazon.com/dp/B08F49YVQP?tag=eloabder-20&linkCode=osi&th=1&psc=1"><img src="https://m.media-amazon.com/images/I/41yCMIpj0rS._SL500_.jpg" alt="Product Image"></a><p>1mm Stretchy Bracelet String, Sturdy Rainbow Elastic String Elastic Cord for Jewelry Making, Necklaces, Beading and Crafts</p><p>$6.99 ($0.04 / Foot)</p><a href="https://www.amazon.com/dp/B08F49YVQP?tag=eloabder-20&linkCode=osi&th=1&psc=1">View Product</a></div>

<div class="product"><a href="https://www.amazon.com/dp/B001GMUBJ6?tag=eloabder-20&linkCode=osi&th=1&psc=1"><img src="https://m.media-amazon.com/images/I/41V5qzn3H5L._SL500_.jpg" alt="Product Image"></a><p>The Beadsmith Fireline by Berkley – Micro-Fused Braided Thread – 6lb. Test, 006”/.15mm Diameter, 50 Yard Spool, Crystal Color – Super Strong Stringing Material for Jewelry Making and Bead Weaving</p><p>$12.59</p><a href="https://www.amazon.com/dp/B001GMUBJ6?tag=eloabder-20&linkCode=osi&th=1&psc=1">View Product</a></div><div class="product"><a href="https://www.amazon.com/dp/B001UAKK0Y?tag=eloabder-20&linkCode=osi&th=1&psc=1"><img src="https://m.media-amazon.com/images/I/41rY1D0wfuL._SL500_.jpg" alt="Product Image"></a><p>Beadalon Wildfire, 0.006 in, 0.15 mm, Break Strength 10 lb / 4.5 kg, Frost, 50 yd / 45 m</p><p>$8.85 ($0.06 / Foot)</p><a href="https://www.amazon.com/dp/B001UAKK0Y?tag=eloabder-20&linkCode=osi&th=1&psc=1">View Product</a></div><div class="product"><a href="https://www.amazon.com/dp/B095WY58F4?tag=eloabder-20&linkCode=osi&th=1&psc=1"><img src="https://m.media-amazon.com/images/I/41mXRfJqcjL._SL500_.jpg" alt="Product Image"></a><p>PH PandaHall 0.1mm Nylon Seed Bead Thread 100 Yards Black White Bracelet Cord Beading Thread Invisible Sewing Thread Nylon Braided Thread String for Leather Stitching Beading Jewelry Bracelets Making</p><p>$9.99 ($0.03 / Foot)</p><a href="https://www.amazon.com/dp/B095WY58F4?tag=eloabder-20&linkCode=osi&th=1&psc=1">View Product</a></div><div class="product"><a href="https://www.amazon.com/dp/B08RN2R2SZ?tag=eloabder-20&linkCode=osi&th=1&psc=1"><img src="https://m.media-amazon.com/images/I/41Tg2MMC++L._SL500_.jpg" alt="Product Image"></a><p>KO Nylon Beading Thread, White Color, Japanese Pre-Waxed 100% Nylon, 330TEX, Tangle Resistant Knotting Cords, 50m /55 yds Spool, Use for Seed Bead Projects, Loom Work & Bead Weaving</p><p>$7.06 ($0.04 / Foot)</p><a href="https://www.amazon.com/dp/B08RN2R2SZ?tag=eloabder-20&linkCode=osi&th=1&psc=1">View Product</a></div><div class="product"><a href="https://www.amazon.com/dp/B09J89ST79?tag=eloabder-20&linkCode=osi&th=1&psc=1"><img src="https://m.media-amazon.com/images/I/41hLuuOZeXL._SL500_.jpg" alt="Product Image"></a><p>2 Roll Polyester Thread, Heavy Duty Thread, 1500Yard/Reel 210D/3 nylon thread for sewing, Sewing Thread for Upholstery, Outdoor Market, Drapery, Leather, Beading, Crafts</p><p>$7.99 ($0.00 / Foot)</p><a href="https://www.amazon.com/dp/B09J89ST79?tag=eloabder-20&linkCode=osi&th=1&psc=1">View Product</a></div><div class="product"><a href="https://www.amazon.com/dp/B0C6MSY7QQ?tag=eloabder-20&linkCode=osi&th=1&psc=1"><img src="https://m.media-amazon.com/images/I/31Bn-MyA62L._SL500_.jpg" alt="Product Image"></a><p>PH PandaHall 0.1mm Nylon String 100 Yards Beading Thread White Nylon Seed Bead Thread Bracelet Beading Thread Sewing String for Leather Stitching Beading Jewelry Bracelets Making</p><p>$7.99 ($0.03 / Foot)</p><a href="https://www.amazon.com/dp/B0C6MSY7QQ?tag=eloabder-20&linkCode=osi&th=1&psc=1">View Product</a></div>

<div class="product"><a href="https://www.amazon.com/dp/B07NMNDT1W?tag=eloabder-20&linkCode=osi&th=1&psc=1"><img src="https://m.media-amazon.com/images/I/41-zwQIcVcL._SL500_.jpg" alt="Product Image"></a><p>Howemon White Beeswax Pellets 2LB 100% Pure and Natural Triple Filtered for Skin, Face, Body and Hair Care DIY Creams, Lotions, Lip Balm and Soap Making Supplies</p><p>$13.99 ($0.44 / Fl Oz)</p><a href="https://www.amazon.com/dp/B07NMNDT1W?tag=eloabder-20&linkCode=osi&th=1&psc=1">View Product</a></div><div class="product"><a href="https://www.amazon.com/dp/B00B3U0FW4?tag=eloabder-20&linkCode=osi&th=1&psc=1"><img src="https://m.media-amazon.com/images/I/51rWFCST+TL._SL500_.jpg" alt="Product Image"></a><p>Beesworks Yellow Beeswax Pellets (1 lb) | 100% Pure, Cosmetic Grade, Triple-Filtered Beeswax for DIY Skin care, Lip Balm, Lotion, and Candle Making</p><p>$13.99 ($0.87 / Ounce)</p><a href="https://www.amazon.com/dp/B00B3U0FW4?tag=eloabder-20&linkCode=osi&th=1&psc=1">View Product</a></div><div class="product"><a href="https://www.amazon.com/dp/B01LWX2IO1?tag=eloabder-20&linkCode=osi&th=1&psc=1"><img src="https://m.media-amazon.com/images/I/41MlNqhDyCL._SL500_.jpg" alt="Product Image"></a><p>Beesworks Yellow Beeswax Bars (6 oz) | 100% Pure, Cosmetic Grade, Triple-Filtered Beeswax for DIY Skin Care, Lip Balm, Lotion and Candle Making (1 oz Bars - Pack of 6)</p><p>$6.99</p><a href="https://www.amazon.com/dp/B01LWX2IO1?tag=eloabder-20&linkCode=osi&th=1&psc=1">View Product</a></div><div class="product"><a href="https://www.amazon.com/dp/B0BV77F19N?tag=eloabder-20&linkCode=osi&th=1&psc=1"><img src="https://m.media-amazon.com/images/I/41xzHaO1-EL._SL500_.jpg" alt="Product Image"></a><p>Beeswax Pellets 10LB Cosmetic Beeswax Triple Filtered Beeswax Pastilles for Candle Making Great for DIY Projects Creams Lotions Lip Balm and Soap Making Supplies(10LB)</p><p>$32.99</p><a href="https://www.amazon.com/dp/B0BV77F19N?tag=eloabder-20&linkCode=osi&th=1&psc=1">View Product</a></div><div class="product"><a href="https://www.amazon.com/dp/B0C9QSG3CY?tag=eloabder-20&linkCode=osi&th=1&psc=1"><img src="https://m.media-amazon.com/images/I/414XQcU6SRL._SL500_.jpg" alt="Product Image"></a><p>YASNAY White Beeswax Pellets 2LB, 100% Organic Beeswax, Beeswax for Candle Making, Body, Skin Care DIY, Lip Balm and Soap Making Supplies</p><p>$11.99</p><a href="https://www.amazon.com/dp/B0C9QSG3CY?tag=eloabder-20&linkCode=osi&th=1&psc=1">View Product</a></div><div class="product"><a href="https://www.amazon.com/dp/B097HTC4WN?tag=eloabder-20&linkCode=osi&th=1&psc=1"><img src="https://m.media-amazon.com/images/I/51pwMM7C6-L._SL500_.jpg" alt="Product Image"></a><p>Eco Lux 8 Yellow Beeswax Blocks 100% Pure Natural Organic Bees Wax 6.5oz</p><p>$8.49 ($1.35 / Ounce)</p><a href="https://www.amazon.com/dp/B097HTC4WN?tag=eloabder-20&linkCode=osi&th=1&psc=1">View Product</a></div><div class="product"><a href="https://www.amazon.com/dp/B00HDHQQCE?tag=eloabder-20&linkCode=osi&th=1&psc=1"><img src="https://m.media-amazon.com/images/I/41vF-7MwNhL._SL500_.jpg" alt="Product Image"></a><p>Murray's 100% Pure Beeswax 4 oz</p><p>$5.98 ($1.50 / Ounce)</p><a href="https://www.amazon.com/dp/B00HDHQQCE?tag=eloabder-20&linkCode=osi&th=1&psc=1">View Product</a></div><div class="product"><a href="https://www.amazon.com/dp/B09YM8JTLM?tag=eloabder-20&linkCode=osi&th=1&psc=1"><img src="https://m.media-amazon.com/images/I/41cjNuBnFEL._SL500_.jpg" alt="Product Image"></a><p>TRINIDa Beeswax Pellets 2LB(32 oz), 100% Organic Yellow Bees Wax for DIY Candles, Beeswax for Candle Making, Skin, Body, Face, and Hair Care, Lotions, DIY Creams, Lip Balm and Soap Making Supplies</p><p>$11.99</p><a href="https://www.amazon.com/dp/B09YM8JTLM?tag=eloabder-20&linkCode=osi&th=1&psc=1">View Product</a></div><div class="product"><a href="https://www.amazon.com/dp/B00F3CNMV4?tag=eloabder-20&linkCode=osi&th=1&psc=1"><img src="https://m.media-amazon.com/images/I/31pjrRAEa4L._SL500_.jpg" alt="Product Image"></a><p>Stakich Yellow Beeswax Block - Natural, Triple Filtered - 1 Pound, Honey Scent</p><p>$13.95 ($0.87 / Ounce)</p><a href="https://www.amazon.com/dp/B00F3CNMV4?tag=eloabder-20&linkCode=osi&th=1&psc=1">View Product</a></div><div class="product"><a href="https://www.amazon.com/dp/B0BXFZBZS9?tag=eloabder-20&linkCode=osi&th=1&psc=1"><img src="https://m.media-amazon.com/images/I/4178i9IB9KL._SL500_.jpg" alt="Product Image"></a><p>5LB Beeswax Pellets Beeswax for Candle Making Organic Beeswax Pellets for Skin Beeswax Beads Beeswax Bulk Beeswax for Lotion Making Organic for DIY and Craft Project</p><p>$22.99</p><a href="https://www.amazon.com/dp/B0BXFZBZS9?tag=eloabder-20&linkCode=osi&th=1&psc=1">View Product</a></div>
<div class="product"><a href="https://www.amazon.com/dp/B0052F1BVK?tag=eloabder-20&linkCode=osi&th=1&psc=1"><img src="https://m.media-amazon.com/images/I/41zE9eiGoLL._SL500_.jpg" alt="Product Image"></a><p>ACC Staples Large Binder Clips, 2" Width, 1" Capacity, Black, 12/Pk</p><p>$6.30</p><a href="https://www.amazon.com/dp/B0052F1BVK?tag=eloabder-20&linkCode=osi&th=1&psc=1">View Product</a></div><div class="product"><a href="https://www.amazon.com/dp/B07MLFR771?tag=eloabder-20&linkCode=osi&th=1&psc=1"><img src="https://m.media-amazon.com/images/I/51N2wxA7N0L._SL500_.jpg" alt="Product Image"></a><p>CooBigo 50 Pack Binder Ring, Metal Book Ring Paper Ring Holder 5/8-Inch Loose Leaf Binder Ring Clip for Index Card, Flash Card Ring, Card Calendar, Keychain Key Ring - Bronze</p><p>$6.99</p><a href="https://www.amazon.com/dp/B07MLFR771?tag=eloabder-20&linkCode=osi&th=1&psc=1">View Product</a></div><div class="product"><a href="https://www.amazon.com/dp/B01563NHGY?tag=eloabder-20&linkCode=osi&th=1&psc=1"><img src="https://m.media-amazon.com/images/I/41gj+0ZftqL._SL500_.jpg" alt="Product Image"></a><p>vanki Pack of 40 Cute Lovely Smiling Face Spring-Loaded File Organizer Paper Holder Metal Binder Clips, Assorted Color</p><p>$8.99</p><a href="https://www.amazon.com/dp/B01563NHGY?tag=eloabder-20&linkCode=osi&th=1&psc=1">View Product</a></div><div class="product"><a href="https://www.amazon.com/dp/B000GOUDSO?tag=eloabder-20&linkCode=osi&th=1&psc=1"><img src="https://m.media-amazon.com/images/I/41ZANISHgML._SL500_.jpg" alt="Product Image"></a><p>Small Binder Clips .75" 8/Pkg-Assorted Colors</p><p>$4.46</p><a href="https://www.amazon.com/dp/B000GOUDSO?tag=eloabder-20&linkCode=osi&th=1&psc=1">View Product</a></div>
<div class="product"><a href="https://www.amazon.com/dp/B07PRPX4VR?tag=eloabder-20&linkCode=osi&th=1&psc=1"><img src="https://m.media-amazon.com/images/I/41IMH12fdPL._SL500_.jpg" alt="Product Image"></a><p>Durable Sheet Lifters, Durable Easy Flow, 11" x 3", Lifts Sheets Over Rings and Protects Sheets from Tearing, Fit Standard 3-Ring Binders, Black (20 Pack)</p><p>$14.99</p><a href="https://www.amazon.com/dp/B07PRPX4VR?tag=eloabder-20&linkCode=osi&th=1&psc=1">View Product</a></div><div class="product"><a href="https://www.amazon.com/dp/B0CM8QJHFW?tag=eloabder-20&linkCode=osi&th=1&psc=1"><img src="https://m.media-amazon.com/images/I/31cJGS74oCL._SL500_.jpg" alt="Product Image"></a><p>Wantane D-Shaped Tape Storage Ring Tape Storage Ring 4" D-Shaped Washi Tape Storage Ring for DIY Decoration and Storage（Nickel）-2PCS</p><p>$7.99</p><a href="https://www.amazon.com/dp/B0CM8QJHFW?tag=eloabder-20&linkCode=osi&th=1&psc=1">View Product</a></div>
<div class="product"><a href="https://www.amazon.com/dp/B00006IAS3?tag=eloabder-20&linkCode=osi&th=1&psc=1"><img src="https://m.media-amazon.com/images/I/317DvSXhT1L._SL500_.jpg" alt="Product Image"></a><p>GBC Binding System, Manual, Desktop Binding Punch, 6 Sheet Punch Capacity, ProClick P50 (2515650)</p><p>$123.89</p><a href="https://www.amazon.com/dp/B00006IAS3?tag=eloabder-20&linkCode=osi&th=1&psc=1">View Product</a></div><div class="product"><a href="https://www.amazon.com/dp/B004BP81KQ?tag=eloabder-20&linkCode=osi&th=1&psc=1"><img src="https://m.media-amazon.com/images/I/51SqfeZ12KL._SL500_.jpg" alt="Product Image"></a><p>We R Memory Keepers Cinch Book Binding Wire (1-Inch, Silver (2 Pack))</p><p>$5.99</p><a href="https://www.amazon.com/dp/B004BP81KQ?tag=eloabder-20&linkCode=osi&th=1&psc=1">View Product</a></div>

<div class="product"><a href="https://www.amazon.com/dp/B0007ZJ8TM?tag=eloabder-20&linkCode=osi&th=1&psc=1"><img src="https://m.media-amazon.com/images/I/41i49sz3UAL._SL500_.jpg" alt="Product Image"></a><p>Speedball Super Black India Ink, 2-Ounce</p><p>$9.99 ($9.99 / Count)</p><a href="https://www.amazon.com/dp/B0007ZJ8TM?tag=eloabder-20&linkCode=osi&th=1&psc=1">View Product</a></div><div class="product"><a href="https://www.amazon.com/dp/B0026I10AI?tag=eloabder-20&linkCode=osi&th=1&psc=1"><img src="https://m.media-amazon.com/images/I/31vklP4uBsL._SL500_.jpg" alt="Product Image"></a><p>Dr. Ph. Martin's Bombay India (7BY) Ink Bottle, 1.0 oz, Black</p><p>$6.99</p><a href="https://www.amazon.com/dp/B0026I10AI?tag=eloabder-20&linkCode=osi&th=1&psc=1">View Product</a></div><div class="product"><a href="https://www.amazon.com/dp/B000KNP96C?tag=eloabder-20&linkCode=osi&th=1&psc=1"><img src="https://m.media-amazon.com/images/I/51e9srYtG0L._SL500_.jpg" alt="Product Image"></a><p>Winsor & Newton Drawing Ink, 14ml Bottle, Black Indian</p><p>$10.99</p><a href="https://www.amazon.com/dp/B000KNP96C?tag=eloabder-20&linkCode=osi&th=1&psc=1">View Product</a></div><div class="product"><a href="https://www.amazon.com/dp/B07BQG5QF4?tag=eloabder-20&linkCode=osi&th=1&psc=1"><img src="https://m.media-amazon.com/images/I/41nEMDYZaiL._SL500_.jpg" alt="Product Image"></a><p>Speedball Super Black India Ink, 16-Ounce</p><p>$19.99</p><a href="https://www.amazon.com/dp/B07BQG5QF4?tag=eloabder-20&linkCode=osi&th=1&psc=1">View Product</a></div><div class="product"><a href="https://www.amazon.com/dp/B001038NLY?tag=eloabder-20&linkCode=osi&th=1&psc=1"><img src="https://m.media-amazon.com/images/I/418i4sxJJ0L._SL500_.jpg" alt="Product Image"></a><p>Speedball Fabric Screen Printing Ink, 8-Ounce, Black for T-Shirt and Silkscreen Printmaking</p><p>$12.99 ($1.62 / Fl Oz)</p><a href="https://www.amazon.com/dp/B001038NLY?tag=eloabder-20&linkCode=osi&th=1&psc=1">View Product</a></div><div class="product"><a href="https://www.amazon.com/dp/B00161OPSA?tag=eloabder-20&linkCode=osi&th=1&psc=1"><img src="https://m.media-amazon.com/images/I/41C32y3CJAL._SL500_.jpg" alt="Product Image"></a><p>Tsukineko VersaFine inkpad, Full-Size, Onyx Black</p><p>$4.99 ($4.99 / Count)</p><a href="https://www.amazon.com/dp/B00161OPSA?tag=eloabder-20&linkCode=osi&th=1&psc=1">View Product</a></div>
<div class="product"><a href="https://www.amazon.com/dp/B07Q4TJCDJ?tag=eloabder-20&linkCode=osi&th=1&psc=1"><img src="https://m.media-amazon.com/images/I/315HYvYg-BL._SL500_.jpg" alt="Product Image"></a><p>Primbeeks 300pcs Blank Business Cards, Premium Blank White Cards, 3.5" x 2.2" Small Blank Cards, Blank Cardstock Cards, Small Note Cards, white blank cards, white business cards, kraft paper cards</p><p>$7.99</p><a href="https://www.amazon.com/dp/B07Q4TJCDJ?tag=eloabder-20&linkCode=osi&th=1&psc=1">View Product</a></div><div class="product"><a href="https://www.amazon.com/dp/B0CRGHFLT8?tag=eloabder-20&linkCode=osi&th=1&psc=1"><img src="https://m.media-amazon.com/images/I/41S1NLpb8hL._SL500_.jpg" alt="Product Image"></a><p>Watercolor Cards and Envelopes Set - 50 Folded 5x7 Inch Blank Heavyweight Paper Cards (140lb/300gsm) with Matching Envelopes for DIY Greeting Cards, Festivals, and Events</p><p>$17.99 ($0.36 / Count)</p><a href="https://www.amazon.com/dp/B0CRGHFLT8?tag=eloabder-20&linkCode=osi&th=1&psc=1">View Product</a></div><div class="product"><a href="https://www.amazon.com/dp/B08MX4TZ3H?tag=eloabder-20&linkCode=osi&th=1&psc=1"><img src="https://m.media-amazon.com/images/I/41D2u4vdLQL._SL500_.jpg" alt="Product Image"></a><p>50 Pack Blank Kraft Cards Cardstock Thick Paper Brown Greeting Cards for DIY Gift Card Menus, Baby Shower and Wedding Invitations (Multicolored, 5x7IN)</p><p>$8.99</p><a href="https://www.amazon.com/dp/B08MX4TZ3H?tag=eloabder-20&linkCode=osi&th=1&psc=1">View Product</a></div><div class="product"><a href="https://www.amazon.com/dp/B08BDGGVMK?tag=eloabder-20&linkCode=osi&th=1&psc=1"><img src="https://m.media-amazon.com/images/I/41W-dTUoBqL._SL500_.jpg" alt="Product Image"></a><p>100pcs 3.54"x2" Blank Kraft Paper Business Card, Words Message Notes paper Tags, Mini Craft Cardboard Festival gifts - 6 colors</p><p>$5.98</p><a href="https://www.amazon.com/dp/B08BDGGVMK?tag=eloabder-20&linkCode=osi&th=1&psc=1">View Product</a></div><div class="product"><a href="https://www.amazon.com/dp/B08BFDJJ78?tag=eloabder-20&linkCode=osi&th=1&psc=1"><img src="https://m.media-amazon.com/images/I/61LZ1Csb+dL._SL500_.jpg" alt="Product Image"></a><p>Nettbe 100pcs 3.54"x2" Blank Kraft Paper Business Card, Words Message Notes paper Tags, Mini Craft Cardboard Festival gifts</p><p>$5.99</p><a href="https://www.amazon.com/dp/B08BFDJJ78?tag=eloabder-20&linkCode=osi&th=1&psc=1">View Product</a></div><div class="product"><a href="https://www.amazon.com/dp/B07Q8YBJM3?tag=eloabder-20&linkCode=osi&th=1&psc=1"><img src="https://m.media-amazon.com/images/I/31w6U4cCqEL._SL500_.jpg" alt="Product Image"></a><p>Primbeeks 228pcs Blank Business Cards, Premium Blank White Cards, 3.5" x 2.2" Small Blank Cards, Blank Cardstock Cards, Small Note Cards, white blank cards, white business cards, kraft paper cards</p><p>$5.99</p><a href="https://www.amazon.com/dp/B07Q8YBJM3?tag=eloabder-20&linkCode=osi&th=1&psc=1">View Product</a></div><div class="product"><a href="https://www.amazon.com/dp/B08X4Z9TGN?tag=eloabder-20&linkCode=osi&th=1&psc=1"><img src="https://m.media-amazon.com/images/I/41Jqhe35tDL._SL500_.jpg" alt="Product Image"></a><p>321Done Blank Rustic Cards, Made in USA - 4x6 Thick, Heavy Cardstock - Make Invites, Greeting, Note, Thank You Cards - Plain Kraft for Writing, Stamping, Printing, Art - No Envelopes - Set of 50</p><p>$14.99</p><a href="https://www.amazon.com/dp/B08X4Z9TGN?tag=eloabder-20&linkCode=osi&th=1&psc=1">View Product</a></div><div class="product"><a href="https://www.amazon.com/dp/B0D2KDWBNM?tag=eloabder-20&linkCode=osi&th=1&psc=1"><img src="https://m.media-amazon.com/images/I/31dAhnBJ7aL._SL500_.jpg" alt="Product Image"></a><p>4x6 Blank White Cardstock (Set of 100) - Card Stock for Printer Postcards, Photo Paper Invitations, Greeting, Note, Thank You, DIY Making, Index Cards - Plain for Writing, Stamping, Printing, Art</p><p>$8.99</p><a href="https://www.amazon.com/dp/B0D2KDWBNM?tag=eloabder-20&linkCode=osi&th=1&psc=1">View Product</a></div><div class="product"><a href="https://www.amazon.com/dp/B0BB858RYN?tag=eloabder-20&linkCode=osi&th=1&psc=1"><img src="https://m.media-amazon.com/images/I/317zmriPKNL._SL500_.jpg" alt="Product Image"></a><p>WANDERINGS Handmade White Deckle Edge Blank Greeting Cards- Folded to 5x7” - Pack of 25 - Writers, Artists, Crafters - Thank Yous, Invitations, Menus, Greeting Cards, Notes - Thick 150 GSM</p><p>$21.99 ($0.88 / Count)</p><a href="https://www.amazon.com/dp/B0BB858RYN?tag=eloabder-20&linkCode=osi&th=1&psc=1">View Product</a></div><div class="product"><a href="https://www.amazon.com/dp/B0BZPPXRZW?tag=eloabder-20&linkCode=osi&th=1&psc=1"><img src="https://m.media-amazon.com/images/I/21Da-WQhrpL._SL500_.jpg" alt="Product Image"></a><p>100 Pack Thick Paper Cardstock Blank Heavy Cards Stock for Invitations, Greeting Cards Making, Postcards, Photos, 250GSM Thick Paper (White, 2x3.5 inches)</p><p>$5.99</p><a href="https://www.amazon.com/dp/B0BZPPXRZW?tag=eloabder-20&linkCode=osi&th=1&psc=1">View Product</a></div>
<div class="product"><a href="https://www.amazon.com/dp/B0BZRDQKH6?tag=eloabder-20&linkCode=osi&th=1&psc=1"><img src="https://m.media-amazon.com/images/I/41GYYRiusgL._SL500_.jpg" alt="Product Image"></a><p>feela 8 Pack Unlined Kraft Paper Notebooks, Blank Journal Note Pad for Drawing Writing, Small Sketchbook Travel Journal Bulk for Women Kids Students Office School Supplies, A5, 60 Pages, 8.3” X 5.5”</p><p>$9.99</p><a href="https://www.amazon.com/dp/B0BZRDQKH6?tag=eloabder-20&linkCode=osi&th=1&psc=1">View Product</a></div><div class="product"><a href="https://www.amazon.com/dp/B0BXLB74KK?tag=eloabder-20&linkCode=osi&th=1&psc=1"><img src="https://m.media-amazon.com/images/I/313vYzg7HpL._SL500_.jpg" alt="Product Image"></a><p>ZZTX 4 Pack Blank Kraft Notebooks, Blank Paper Sketchbooks for Drawing Doodling Writing,Travel Journal Set, A5, 36 Pages, 8.3” X 5.5”</p><p>$5.99</p><a href="https://www.amazon.com/dp/B0BXLB74KK?tag=eloabder-20&linkCode=osi&th=1&psc=1">View Product</a></div><div class="product"><a href="https://www.amazon.com/dp/B0BW5TNPXJ?tag=eloabder-20&linkCode=osi&th=1&psc=1"><img src="https://m.media-amazon.com/images/I/31Wu8UP78iL._SL500_.jpg" alt="Product Image"></a><p>EOOUT Kraft Notebooks, Blank Page Journals in Bulk, 16pcs A5, 8.3 X 5.5 Inches, 60 Pages, 80gsm, Travel Journal Set, for Art Camp, Travelers, Students and Office Supplies Sketchbooks Bulk for Kids</p><p>$15.99</p><a href="https://www.amazon.com/dp/B0BW5TNPXJ?tag=eloabder-20&linkCode=osi&th=1&psc=1">View Product</a></div><div class="product"><a href="https://www.amazon.com/dp/B08P3F46SD?tag=eloabder-20&linkCode=osi&th=1&psc=1"><img src="https://m.media-amazon.com/images/I/41jeBDcZJ1L._SL500_.jpg" alt="Product Image"></a><p>Krafty Soft Cover Blank Notebook Journal, Spiral Sketchbook Pad, Drawing Book, 60 Sheets/140gsm (A4)/120 Pages</p><p>$7.99</p><a href="https://www.amazon.com/dp/B08P3F46SD?tag=eloabder-20&linkCode=osi&th=1&psc=1">View Product</a></div><div class="product"><a href="https://www.amazon.com/dp/B0CWNPMC4T?tag=eloabder-20&linkCode=osi&th=1&psc=1"><img src="https://m.media-amazon.com/images/I/31BZeVGe6TL._SL500_.jpg" alt="Product Image"></a><p>zmybcpack 5 Pack Blank Journal Notebooks, Blank Paper Sketchbook for Drawing Writing, Travel Journal Notebook Kraft Paper Notebook for Travelers, Students, Office, A5, 8.26” x 5.5”, 60 Pages/30 Sheets</p><p>$8.99</p><a href="https://www.amazon.com/dp/B0CWNPMC4T?tag=eloabder-20&linkCode=osi&th=1&psc=1">View Product</a></div><div class="product"><a href="https://www.amazon.com/dp/B07WHYP9WN?tag=eloabder-20&linkCode=osi&th=1&psc=1"><img src="https://m.media-amazon.com/images/I/41ZhyCux1yL._SL500_.jpg" alt="Product Image"></a><p>Thick Blank Journal Notebook with Unlined / Unruled / Plain Pages | Deluxe 120gsm Ink Resistant Paper for Writing, Sketch Book, 160 Pages | Hardcover Sketchbook with Pen Holder, Pocket, Ribbon (Black)</p><p>$14.99</p><a href="https://www.amazon.com/dp/B07WHYP9WN?tag=eloabder-20&linkCode=osi&th=1&psc=1">View Product</a></div>
<div class="product"><a href="https://www.amazon.com/dp/B07MT7HKZW?tag=eloabder-20&linkCode=osi&th=1&psc=1"><img src="https://m.media-amazon.com/images/I/413JwH5JREL._SL500_.jpg" alt="Product Image"></a><p>Spiral Sketch Book Large Notebook（Built-in Drawing Board） Kraft Cover Blank Sketch Pad Wirebound Sketching for Drawing Painting 8.5x11-Inch (2 Pack) 200 Sheets, 100 Sheets, 200Pages Each</p><p>$17.99 ($9.00 / Count)</p><a href="https://www.amazon.com/dp/B07MT7HKZW?tag=eloabder-20&linkCode=osi&th=1&psc=1">View Product</a></div><div class="product"><a href="https://www.amazon.com/dp/B0BDQ82WB9?tag=eloabder-20&linkCode=osi&th=1&psc=1"><img src="https://m.media-amazon.com/images/I/51FoWr3GPwL._SL500_.jpg" alt="Product Image"></a><p>feela 170 Pack Blank Kraft Notebooks, Unlined Sketchbook Mini Cute Note Pad for Drawing Writing, Journal Bulk For Kids Students Office School Supplies, A6, 48 Pages, 4.25” X 5.5”, Black and Brown</p><p>$51.99</p><a href="https://www.amazon.com/dp/B0BDQ82WB9?tag=eloabder-20&linkCode=osi&th=1&psc=1">View Product</a></div><div class="product"><a href="https://www.amazon.com/dp/B0B3WWHWT2?tag=eloabder-20&linkCode=osi&th=1&psc=1"><img src="https://m.media-amazon.com/images/I/31m0FzXtPxL._SL500_.jpg" alt="Product Image"></a><p>Tamaki 6 Pack Colorful Blank Books for kids to Write, Drawing, Cute Sketchbook for Kid, 6 Colors (4.25 x 5.5 Inches)</p><p>$6.99</p><a href="https://www.amazon.com/dp/B0B3WWHWT2?tag=eloabder-20&linkCode=osi&th=1&psc=1">View Product</a></div>
<div class="product"><a href="https://www.amazon.com/dp/B0BGH2P9M6?tag=eloabder-20&linkCode=osi&th=1&psc=1"><img src="https://m.media-amazon.com/images/I/41ozOaYoHEL._SL500_.jpg" alt="Product Image"></a><p>EOOUT 100pcs A5 Kraft Notebooks, Blank Page Journals in Bulk, Sketchbooks Bulk for Kids, 60 Pages, 80GSM, 8.3 X 5.5 Inch, Travel Journal Set, for Art Camp, Travelers, Students and Office Supplies</p><p>$51.99</p><a href="https://www.amazon.com/dp/B0BGH2P9M6?tag=eloabder-20&linkCode=osi&th=1&psc=1">View Product</a></div><div class="product"><a href="https://www.amazon.com/dp/B07MT99F94?tag=eloabder-20&linkCode=osi&th=1&psc=1"><img src="https://m.media-amazon.com/images/I/41Ug7gpSWDL._SL500_.jpg" alt="Product Image"></a><p>Spiral Sketch Book Large Notebook（Built-in Drawing Board） Kraft Cover Blank Sketch Pad Wirebound Sketching for Drawing Painting 8.5x11-Inch (1 Pack) 200 Pages, 100 Sheets</p><p>$9.99</p><a href="https://www.amazon.com/dp/B07MT99F94?tag=eloabder-20&linkCode=osi&th=1&psc=1">View Product</a></div><div class="product"><a href="https://www.amazon.com/dp/B07CM32KLM?tag=eloabder-20&linkCode=osi&th=1&psc=1"><img src="https://m.media-amazon.com/images/I/41ENhBLE9DL._SL500_.jpg" alt="Product Image"></a><p>Kraft Cover Drawing Notebook & Sketchbook – Set of 2 Blank Plain Sketch Books – 125g Thick Paper A5 Size, 150x210mm Paper Ideal for Drawing & Sketching- 128 sheets/256 pages – 180 Degree Opening, 2pcs</p><p>$20.99 ($0.08 / Count)</p><a href="https://www.amazon.com/dp/B07CM32KLM?tag=eloabder-20&linkCode=osi&th=1&psc=1">View Product</a></div><div class="product"><a href="https://www.amazon.com/dp/B08ZLMLF7C?tag=eloabder-20&linkCode=osi&th=1&psc=1"><img src="https://m.media-amazon.com/images/I/41X-5yj83vL._SL500_.jpg" alt="Product Image"></a><p>BEECHMORE BOOKS Sketch Book, A4 8.5 x 11.5 inch Blank Sketchbook for Drawing, Paint and Draw, 156 Pages Thick Paper 160gsm, Hardcover Leather Art Notebook, Boxed for Gifts (Chestnut Brown)</p><p>$21.20</p><a href="https://www.amazon.com/dp/B08ZLMLF7C?tag=eloabder-20&linkCode=osi&th=1&psc=1">View Product</a></div>

<div class="product"><a href="https://www.amazon.com/dp/B0D3HPD7WP?tag=eloabder-20&linkCode=osi&th=1&psc=1"><img src="https://m.media-amazon.com/images/I/31KSmmAWUWL._SL500_.jpg" alt="Product Image"></a><p>50 Sheets Grey Cardstock Paper, Colored Printer Paper 8.5 x 11, Thick Construction Paper for Cards Making, Scrapbook，Office Printing, Invitations, Certificates，DIY Crafting 92 lb/250gsm</p><p>$9.99</p><a href="https://www.amazon.com/dp/B0D3HPD7WP?tag=eloabder-20&linkCode=osi&th=1&psc=1">View Product</a></div>
<div class="product"><a href="https://www.amazon.com/dp/B076CP6F36?tag=eloabder-20&linkCode=osi&th=1&psc=1"><img src="https://m.media-amazon.com/images/I/51rfEIvgI+L._SL500_.jpg" alt="Product Image"></a><p>Apple Barrel, Vibrant Spectrum Collection Acrylic Craft Paint, PROMOABIII, 2 fl oz each, 16 assorted matte colors, 16 count</p><p>$15.97 ($0.50 / Fl Oz)</p><a href="https://www.amazon.com/dp/B076CP6F36?tag=eloabder-20&linkCode=osi&th=1&psc=1">View Product</a></div><div class="product"><a href="https://www.amazon.com/dp/B0BKFLSYQF?tag=eloabder-20&linkCode=osi&th=1&psc=1"><img src="https://m.media-amazon.com/images/I/51a0PmPRknL._SL500_.jpg" alt="Product Image"></a><p>72 Pack Acrylic Paint Set, Shuttle Art 60 Colors Acrylic Paint Including Extra White Black & 12 Brushes, 2oz/60ml, Rich Pigmented, Water Proof, Ideal for Artists, Beginners on Canvas Rock Wood Ceramic</p><p>$45.99 ($23.00 / Fl Oz)</p><a href="https://www.amazon.com/dp/B0BKFLSYQF?tag=eloabder-20&linkCode=osi&th=1&psc=1">View Product</a></div><div class="product"><a href="https://www.amazon.com/dp/B08CB3JH79?tag=eloabder-20&linkCode=osi&th=1&psc=1"><img src="https://m.media-amazon.com/images/I/51OUZsFdnTL._SL500_.jpg" alt="Product Image"></a><p>Acrylic Paint Set of 36 Colors 2fl oz 60ml Bottles,Non Toxic 36 Colors Acrylic Paint No Fading Rich Pigment for Kids Adults Artists Canvas Crafts Wood Painting</p><p>$32.99 ($0.46 / Fl Oz)</p><a href="https://www.amazon.com/dp/B08CB3JH79?tag=eloabder-20&linkCode=osi&th=1&psc=1">View Product</a></div><div class="product"><a href="https://www.amazon.com/dp/B0018NBVKQ?tag=eloabder-20&linkCode=osi&th=1&psc=1"><img src="https://m.media-amazon.com/images/I/31YlSvZMTCL._SL500_.jpg" alt="Product Image"></a><p>Apple Barrel Acrylic Paint in Assorted Colors (8 Ounce), 20403 White</p><p>$2.67 ($0.33 / Fl Oz)</p><a href="https://www.amazon.com/dp/B0018NBVKQ?tag=eloabder-20&linkCode=osi&th=1&psc=1">View Product</a></div><div class="product"><a href="https://www.amazon.com/dp/B077WSBLZ1?tag=eloabder-20&linkCode=osi&th=1&psc=1"><img src="https://m.media-amazon.com/images/I/51KPkXpLn1L._SL500_.jpg" alt="Product Image"></a><p>Shuttle Art Acrylic Paint Set, 30 x12ml Tubes Artist Quality Non Toxic Rich Pigments Colors Great for Kids Adults Professional Painting on Rocks Canvas Wood Clay Fabric Ceramic Crafts</p><p>$12.99 ($1.08 / Fl Oz)</p><a href="https://www.amazon.com/dp/B077WSBLZ1?tag=eloabder-20&linkCode=osi&th=1&psc=1">View Product</a></div><div class="product"><a href="https://www.amazon.com/dp/B00889Z5Y6?tag=eloabder-20&linkCode=osi&th=1&psc=1"><img src="https://m.media-amazon.com/images/I/41MQjsyDbSL._SL500_.jpg" alt="Product Image"></a><p>Apple Barrel Acrylic Paint in Assorted Colors (2 oz), 20764, Apricot</p><p>$0.58 ($0.29 / Fl Oz)</p><a href="https://www.amazon.com/dp/B00889Z5Y6?tag=eloabder-20&linkCode=osi&th=1&psc=1">View Product</a></div><div class="product"><a href="https://www.amazon.com/dp/B09TWQD5ZL?tag=eloabder-20&linkCode=osi&th=1&psc=1"><img src="https://m.media-amazon.com/images/I/41B0L003QXL._SL500_.jpg" alt="Product Image"></a><p>Artkey Acrylic Paint Set - 24 colors 2 oz/59 ml Acrylic Paints Professional Artists Painting Kit for Canvases Fabric Rock Leather Easter Egg Wood Ceramic Glass Art Craft Painting</p><p>$19.99 ($0.42 / Fl Oz)</p><a href="https://www.amazon.com/dp/B09TWQD5ZL?tag=eloabder-20&linkCode=osi&th=1&psc=1">View Product</a></div><div class="product"><a href="https://www.amazon.com/dp/B07Z93LQDB?tag=eloabder-20&linkCode=osi&th=1&psc=1"><img src="https://m.media-amazon.com/images/I/51veoN6zK0L._SL500_.jpg" alt="Product Image"></a><p>Shuttle Art Acrylic Paint Set, 36 Colors Acrylic Paint with Brushes & Palette, 2oz Bottles, Rich Pigments Non-toxic Paint for Artists Kids & Adults, Art Supplies for Canvas Rock Ceramic Wood Painting</p><p>$27.99</p><a href="https://www.amazon.com/dp/B07Z93LQDB?tag=eloabder-20&linkCode=osi&th=1&psc=1">View Product</a></div><div class="product"><a href="https://www.amazon.com/dp/B002665SYY?tag=eloabder-20&linkCode=osi&th=1&psc=1"><img src="https://m.media-amazon.com/images/I/31sJJeWK6OS._SL500_.jpg" alt="Product Image"></a><p>Liquitex BASICS Acrylic Paint, 250ml (8.5-oz) Tube, Titanium White</p><p>$9.99 ($1.18 / Fl Oz)</p><a href="https://www.amazon.com/dp/B002665SYY?tag=eloabder-20&linkCode=osi&th=1&psc=1">View Product</a></div>
<div class="product"><a href="https://www.amazon.com/dp/B0CC98XLGL?tag=eloabder-20&linkCode=osi&th=1&psc=1"><img src="https://m.media-amazon.com/images/I/51ZLw+nThiL._SL500_.jpg" alt="Product Image"></a><p>HUIRUSO 4 Pack Double Sided Tape Roller, Scrapbook Supplies, Glue Tape Roller for Crafts, Double-Sided Adhesive Tape Runner for Scrapbooking, School Office Journaling Supplies (0.31 in X 26.25 ft)</p><p>$6.99 ($1.75 / Count)</p><a href="https://www.amazon.com/dp/B0CC98XLGL?tag=eloabder-20&linkCode=osi&th=1&psc=1">View Product</a></div><div class="product"><a href="https://www.amazon.com/dp/B007XAAE6K?tag=eloabder-20&linkCode=osi&th=1&psc=1"><img src="https://m.media-amazon.com/images/I/414qxYVR0wL._SL500_.jpg" alt="Product Image"></a><p>Scotch Double Sided Tape Runner, 1-Pack, 0.27 in x 26 ft., Perfect for Holiday Crafts, Gifts, and More</p><p>$4.47</p><a href="https://www.amazon.com/dp/B007XAAE6K?tag=eloabder-20&linkCode=osi&th=1&psc=1">View Product</a></div><div class="product"><a href="https://www.amazon.com/dp/B0BZVGPFSK?tag=eloabder-20&linkCode=osi&th=1&psc=1"><img src="https://m.media-amazon.com/images/I/51-ue9+7JkL._SL500_.jpg" alt="Product Image"></a><p>Birllaid Double Sided Tape for Walls, Picture Hanging Strips Removable Mounting Dots Adhesive Heavy Duty, Removable for Art Craft, Decoration, Party Supplies, Multipurpose</p><p>$11.99</p><a href="https://www.amazon.com/dp/B0BZVGPFSK?tag=eloabder-20&linkCode=osi&th=1&psc=1">View Product</a></div><div class="product"><a href="https://www.amazon.com/dp/B0CGVN9SL1?tag=eloabder-20&linkCode=osi&th=1&psc=1"><img src="https://m.media-amazon.com/images/I/41Hy+i4CnoL._SL500_.jpg" alt="Product Image"></a><p>30Ft x 1 Inch Hook and Loop Strips with Adhesive,Double Rolls of Heavy Duty Self Adhesive Tape with Backing, Nylon Self Adhesive Tape for Home Office School and Crafting,White</p><p>$9.99</p><a href="https://www.amazon.com/dp/B0CGVN9SL1?tag=eloabder-20&linkCode=osi&th=1&psc=1">View Product</a></div><div class="product"><a href="https://www.amazon.com/dp/B07Y3VDPLF?tag=eloabder-20&linkCode=osi&th=1&psc=1"><img src="https://m.media-amazon.com/images/I/41cyKQ2OMuL._SL500_.jpg" alt="Product Image"></a><p>Melsan 1x4 inch Hook and Loop Strips with Adhesive - 15 Sets, Strong Back Adhesive Fasten Mounting Tape for Home or Office Use - Instead of Holes and Screws, Black</p><p>$7.82</p><a href="https://www.amazon.com/dp/B07Y3VDPLF?tag=eloabder-20&linkCode=osi&th=1&psc=1">View Product</a></div><div class="product"><a href="https://www.amazon.com/dp/B07V57VJT5?tag=eloabder-20&linkCode=osi&th=1&psc=1"><img src="https://m.media-amazon.com/images/I/514JO3bvl3L._SL500_.jpg" alt="Product Image"></a><p>XFasten Adhesive Roller for Scrapbooking, 8mm x 30ft 4-Pack Double Sided Glue Tape Roller, Scrapbook Supplies for Adults, Photo Tape for Scrapbooking</p><p>$9.99 ($2.50 / Count)</p><a href="https://www.amazon.com/dp/B07V57VJT5?tag=eloabder-20&linkCode=osi&th=1&psc=1">View Product</a></div><div class="product"><a href="https://www.amazon.com/dp/B07JLTGQHX?tag=eloabder-20&linkCode=osi&th=1&psc=1"><img src="https://m.media-amazon.com/images/I/51Eqfo7kUZL._SL500_.jpg" alt="Product Image"></a><p>UPINS 120 Pack Double Sided Foam Tape Square Self-Adhesive Foam Tape Black Strong Tape Pads for DIY Art Crafts Supplies</p><p>$9.99 ($0.08 / Count)</p><a href="https://www.amazon.com/dp/B07JLTGQHX?tag=eloabder-20&linkCode=osi&th=1&psc=1">View Product</a></div><div class="product"><a href="https://www.amazon.com/dp/B005FM6XF4?tag=eloabder-20&linkCode=osi&th=1&psc=1"><img src="https://m.media-amazon.com/images/I/51-vp1WJ89L._SL500_.jpg" alt="Product Image"></a><p>AdTech 5603 Permanent Crafter's Tape, 0.31" x 315", Pack of 4</p><p>$7.84 ($0.07 / Foot)</p><a href="https://www.amazon.com/dp/B005FM6XF4?tag=eloabder-20&linkCode=osi&th=1&psc=1">View Product</a></div><div class="product"><a href="https://www.amazon.com/dp/B0CJF1FLFJ?tag=eloabder-20&linkCode=osi&th=1&psc=1"><img src="https://m.media-amazon.com/images/I/51dig1RqzdL._SL500_.jpg" alt="Product Image"></a><p>UPINS 150Pack Double Sided Foam Tape Strong Sticky Double Sided Foam Pads for Crafts Self-Adhesive Mounting Foam Tape Heavy Duty for Home Wall Decor 40 * 40 * 2mm</p><p>$8.99 ($0.06 / Count)</p><a href="https://www.amazon.com/dp/B0CJF1FLFJ?tag=eloabder-20&linkCode=osi&th=1&psc=1">View Product</a></div><div class="product"><a href="https://www.amazon.com/dp/B0D4YWRGCL?tag=eloabder-20&linkCode=osi&th=1&psc=1"><img src="https://m.media-amazon.com/images/I/41EqJ553-KL._SL500_.jpg" alt="Product Image"></a><p>Amanbo Glue Tape for Scrapbooking, 6 Pack Scrapbook Tape, Double Sided Tape Roller for Crafts, Total 120 Ft x 0.24 in Tape Runner, Craft Supplies for Scrapbooking, Gift Wrapping and Photo Tape</p><p>$6.99</p><a href="https://www.amazon.com/dp/B0D4YWRGCL?tag=eloabder-20&linkCode=osi&th=1&psc=1">View Product</a></div>
<div class="product"><a href="https://www.amazon.com/dp/B0CC5HPPTN?tag=eloabder-20&linkCode=osi&th=1&psc=1"><img src="https://m.media-amazon.com/images/I/519M81S201L._SL500_.jpg" alt="Product Image"></a><p>Airbrush Paint - 30 Colors with 3 Thinner, Ready to Spray Airbrush Paint Set, Water-Based Acrylic Air brush Paints for Metal, Plastic Models, Canvas, Wood, 20ml/Bottle</p><p>$32.99 ($1.48 / Fl Oz)</p><a href="https://www.amazon.com/dp/B0CC5HPPTN?tag=eloabder-20&linkCode=osi&th=1&psc=1">View Product</a></div>
<div class="product"><a href="https://www.amazon.com/dp/B0CXPSGK36?tag=eloabder-20&linkCode=osi&th=1&psc=1"><img src="https://m.media-amazon.com/images/I/51dd2dYOtrL._SL500_.jpg" alt="Product Image"></a><p>Letter Stickers 30 Sheets 1500 PCS Large Alphabet Sticker 2 Inch Vinyl Self Adhesive Stick on Stickers for Water Bottles Cup Mailbox Number Address Craft Scrapbooking Bulletin Board Decor Multicolor</p><p>$9.99</p><a href="https://www.amazon.com/dp/B0CXPSGK36?tag=eloabder-20&linkCode=osi&th=1&psc=1">View Product</a></div><div class="product"><a href="https://www.amazon.com/dp/B07NNYFMGY?tag=eloabder-20&linkCode=osi&th=1&psc=1"><img src="https://m.media-amazon.com/images/I/51yDnU+gEXL._SL500_.jpg" alt="Product Image"></a><p>20 Sheets Alphabet Letter Stickers 10 Colors Self Adhesive Sticker Colorful PU Material Convex Feeling (Colored Letter Stickers 1)</p><p>$6.99 ($0.35 / Count)</p><a href="https://www.amazon.com/dp/B07NNYFMGY?tag=eloabder-20&linkCode=osi&th=1&psc=1">View Product</a></div>

<div class="product"><a href="https://www.amazon.com/dp/B01DDN8854?tag=eloabder-20&linkCode=osi&th=1&psc=1"><img src="https://m.media-amazon.com/images/I/61dPubDZBSL._SL500_.jpg" alt="Product Image"></a><p>Hugs 'n Kisses HNKHABY13 Applique Paper (20 Pack)</p><p>$19.72 ($0.99 / Count)</p><a href="https://www.amazon.com/dp/B01DDN8854?tag=eloabder-20&linkCode=osi&th=1&psc=1">View Product</a></div>
<div class="product"><a href="https://www.amazon.com/dp/B09KPNFJW1?tag=eloabder-20&linkCode=osi&th=1&psc=1"><img src="https://m.media-amazon.com/images/I/41abn5fELmL._SL500_.jpg" alt="Product Image"></a><p>UniPleased Disposable Aprons (50 Count), Plastic apron for Painting Party, Cooking, Housework, Picnic etc.</p><p>$5.69</p><a href="https://www.amazon.com/dp/B09KPNFJW1?tag=eloabder-20&linkCode=osi&th=1&psc=1">View Product</a></div>
<div class="product"><a href="https://www.amazon.com/dp/B087M21MM2?tag=eloabder-20&linkCode=osi&th=1&psc=1"><img src="https://m.media-amazon.com/images/I/41Xf-jehhLL._SL500_.jpg" alt="Product Image"></a><p>GOTIDEAL Stretched Canvas, Multi Pack 4x4, 5x7, 8x10,9x12, 11x14 Set of 10, Primed White - 100% Cotton Artist Canvas Boards for Painting, Acrylic Pouring, Oil Paint Dry & Wet Art Media</p><p>$24.99</p><a href="https://www.amazon.com/dp/B087M21MM2?tag=eloabder-20&linkCode=osi&th=1&psc=1">View Product</a></div><div class="product"><a href="https://www.amazon.com/dp/B00OQJYISG?tag=eloabder-20&linkCode=osi&th=1&psc=1"><img src="https://m.media-amazon.com/images/I/31fEDLPkkcL._SL500_.jpg" alt="Product Image"></a><p>6 Count 12” x 16” Super Value Canvas by Artist's Loft Necessities - Acid Free Cotton Canvas for Paint, Acrylic, & Oils - 1 Pack</p><p>$19.99</p><a href="https://www.amazon.com/dp/B00OQJYISG?tag=eloabder-20&linkCode=osi&th=1&psc=1">View Product</a></div><div class="product"><a href="https://www.amazon.com/dp/B09CDKB9HY?tag=eloabder-20&linkCode=osi&th=1&psc=1"><img src="https://m.media-amazon.com/images/I/51+p5xnClGL._SL500_.jpg" alt="Product Image"></a><p>DPDIAN Canvas Boards for Painting 40 Pack, 8 inch x 10 inch Super Value Pack, Artist Canvas Panels for Oil & Acrylic Painting</p><p>$29.99</p><a href="https://www.amazon.com/dp/B09CDKB9HY?tag=eloabder-20&linkCode=osi&th=1&psc=1">View Product</a></div><div class="product"><a href="https://www.amazon.com/dp/B0CFBGP29G?tag=eloabder-20&linkCode=osi&th=1&psc=1"><img src="https://m.media-amazon.com/images/I/3147Az5plbL._SL500_.jpg" alt="Product Image"></a><p>ArtSkills Stretched Canvases for Painting, 12x16 Canvas Painting Supplies for Artists, Blank Canvas Pack, 2-Pack</p><p>$16.99</p><a href="https://www.amazon.com/dp/B0CFBGP29G?tag=eloabder-20&linkCode=osi&th=1&psc=1">View Product</a></div><div class="product"><a href="https://www.amazon.com/dp/B07BNGQ1SS?tag=eloabder-20&linkCode=osi&th=1&psc=1"><img src="https://m.media-amazon.com/images/I/410ZVtygUwS._SL500_.jpg" alt="Product Image"></a><p>PHOENIX Stretched Canvas for Painting 8x10 Inch/10 Value Pack, 8 Oz Triple Primed 5/8 Inch Profile 100% Cotton White Blank Canvas, Artist Framed Canvas for Oil Acrylic & Pouring Art</p><p>$22.99</p><a href="https://www.amazon.com/dp/B07BNGQ1SS?tag=eloabder-20&linkCode=osi&th=1&psc=1">View Product</a></div><div class="product"><a href="https://www.amazon.com/dp/B0922JP1H4?tag=eloabder-20&linkCode=osi&th=1&psc=1"><img src="https://m.media-amazon.com/images/I/41BmiEND1KL._SL500_.jpg" alt="Product Image"></a><p>GOTIDEAL Canvases for Painting, 18 Pack Canvas Boards Multipack 4x4, 5x7, 8x10, 9x12,11x14,Primed White Blank Artist Canvas Variety Pack for Acrylic Paint, Oil Paint, Watercolor, Gouache</p><p>$19.99</p><a href="https://www.amazon.com/dp/B0922JP1H4?tag=eloabder-20&linkCode=osi&th=1&psc=1">View Product</a></div>


<div class="product"><a href="https://www.amazon.com/dp/B0872VFHBH?tag=eloabder-20&linkCode=osi&th=1&psc=1"><img src="https://m.media-amazon.com/images/I/51k3bekQheS._SL500_.jpg" alt="Product Image"></a><p>Bachmore Drawing Pad 9X12 Inch (110lb/180g), 60 Sheets, Top Spiral Bound Multi-Media for Artist Pro & Amateurs | Acrylic Art, Ink, Paint, Oil Pastels,Watercolor Mixed Media Sketch</p><p>$11.99</p><a href="https://www.amazon.com/dp/B0872VFHBH?tag=eloabder-20&linkCode=osi&th=1&psc=1">View Product</a></div><div class="product"><a href="https://www.amazon.com/dp/B0027A75A4?tag=eloabder-20&linkCode=osi&th=1&psc=1"><img src="https://m.media-amazon.com/images/I/51dyOxxcgYL._SL500_.jpg" alt="Product Image"></a><p>Strathmore 200 Series Sketch Pad, 9x12 inch, 100 Sheets, Tape Bound - Artist Sketchbook for Drawing, Illustration, Art Class Students</p><p>$6.99 ($0.07 / Count)</p><a href="https://www.amazon.com/dp/B0027A75A4?tag=eloabder-20&linkCode=osi&th=1&psc=1">View Product</a></div><div class="product"><a href="https://www.amazon.com/dp/B0BV13YQKX?tag=eloabder-20&linkCode=osi&th=1&psc=1"><img src="https://m.media-amazon.com/images/I/41VYfMpvXUL._SL500_.jpg" alt="Product Image"></a><p>Canson Graduate Watercolor Pad, Foldover, 9x12 inch, 20 Sheets | Artist Paper for Adults and Students - Painting, Gouache, Mixed Media and Ink</p><p>$4.97 ($0.41 / Count)</p><a href="https://www.amazon.com/dp/B0BV13YQKX?tag=eloabder-20&linkCode=osi&th=1&psc=1">View Product</a></div><div class="product"><a href="https://www.amazon.com/dp/B0024KMQ6K?tag=eloabder-20&linkCode=osi&th=1&psc=1"><img src="https://m.media-amazon.com/images/I/51sYdvPPUCL._SL500_.jpg" alt="Product Image"></a><p>Strathmore 400 Series Pastel Pad, Assorted Colors, 9"x12" Glue Bound, 24 Sheets</p><p>$9.11</p><a href="https://www.amazon.com/dp/B0024KMQ6K?tag=eloabder-20&linkCode=osi&th=1&psc=1">View Product</a></div><div class="product"><a href="https://www.amazon.com/dp/B00246O6PI?tag=eloabder-20&linkCode=osi&th=1&psc=1"><img src="https://m.media-amazon.com/images/I/517TUmckOIL._SL500_.jpg" alt="Product Image"></a><p>Strathmore 300 Series Drawing Paper Pad, Top Wire Bound, 11x14 inches, 50 Sheets (70lb/114g) - Artist Paper for Adults and Students - Charcoal, Colored Pencil, Ink, Pastel, Marker</p><p>$13.33</p><a href="https://www.amazon.com/dp/B00246O6PI?tag=eloabder-20&linkCode=osi&th=1&psc=1">View Product</a></div>
<div class="product"><a href="https://www.amazon.com/dp/B08ZMH7LJY?tag=eloabder-20&linkCode=osi&th=1&psc=1"><img src="https://m.media-amazon.com/images/I/51mJIsLJA-S._SL500_.jpg" alt="Product Image"></a><p>PANDAFLY Professional Drawing Sketching Pencil Set - 12 Pieces Graphite Pencils(14B - 2H), Ideal for Drawing Art, Sketching, Shading, Artist Pencils for Beginners & Pro Artists</p><p>$5.11</p><a href="https://www.amazon.com/dp/B08ZMH7LJY?tag=eloabder-20&linkCode=osi&th=1&psc=1">View Product</a></div><div class="product"><a href="https://www.amazon.com/dp/B088K1G5NL?tag=eloabder-20&linkCode=osi&th=1&psc=1"><img src="https://m.media-amazon.com/images/I/51F2bOMZWnL._SL500_.jpg" alt="Product Image"></a><p>MARKART Professional Drawing Sketching Pencil Set - 14 Pieces,Graphite,(12B - 4H), Ideal for Drawing Art, Sketching, Shading, Artist Pencils for Beginners & Pro Artists</p><p>$5.24</p><a href="https://www.amazon.com/dp/B088K1G5NL?tag=eloabder-20&linkCode=osi&th=1&psc=1">View Product</a></div><div class="product"><a href="https://www.amazon.com/dp/B08FHMRW4L?tag=eloabder-20&linkCode=osi&th=1&psc=1"><img src="https://m.media-amazon.com/images/I/51Pmn5gjyzL._SL500_.jpg" alt="Product Image"></a><p>Mr. Pen- Sketch Pencils for Drawing, 14 Pack, Drawing Pencils, Art Pencils, Graphite Pencils, Graphite Pencils for Drawing, Art Pencils for Drawing and Shading</p><p>$5.95</p><a href="https://www.amazon.com/dp/B08FHMRW4L?tag=eloabder-20&linkCode=osi&th=1&psc=1">View Product</a></div><div class="product"><a href="https://www.amazon.com/dp/B0BNQ58DC4?tag=eloabder-20&linkCode=osi&th=1&psc=1"><img src="https://m.media-amazon.com/images/I/51e-gQtCcCL._SL500_.jpg" alt="Product Image"></a><p>MARTCOLOR Drawing Sketching Pencils Set, 12 Pack Graphite Pencils(14B - 2H), Ideal for Drawing Art, Sketching, Shading, Artist Pencils for Beginners & Pro Artists</p><p>$5.99</p><a href="https://www.amazon.com/dp/B0BNQ58DC4?tag=eloabder-20&linkCode=osi&th=1&psc=1">View Product</a></div>

<div class="product"><a href="https://www.amazon.com/dp/B0851M3749?tag=eloabder-20&linkCode=osi&th=1&psc=1"><img src="https://m.media-amazon.com/images/I/41KKSGSDl5L._SL500_.jpg" alt="Product Image"></a><p>N NOROCME 12 PCS Blending Stumps and Tortillions Paper Art Blenders with Sandpaper Pencil Sharpener Pointer for Student Artist Charcoal Sketch Drawing Tools</p><p>$4.99</p><a href="https://www.amazon.com/dp/B0851M3749?tag=eloabder-20&linkCode=osi&th=1&psc=1">View Product</a></div><div class="product"><a href="https://www.amazon.com/dp/B09J3HKN8F?tag=eloabder-20&linkCode=osi&th=1&psc=1"><img src="https://m.media-amazon.com/images/I/51Qvx81eQLL._SL500_.jpg" alt="Product Image"></a><p>Eraser Pencils Set for Artists, Wooden Sketch Eraser Pen for Charcoal Drawings, Professional Highlight Painting Eraser for Sketching, Revise Erasing Details for Students Limner</p><p>$6.99</p><a href="https://www.amazon.com/dp/B09J3HKN8F?tag=eloabder-20&linkCode=osi&th=1&psc=1">View Product</a></div>
<div class="product"><a href="https://www.amazon.com/dp/B09WCQ89T8?tag=eloabder-20&linkCode=osi&th=1&psc=1"><img src="https://m.media-amazon.com/images/I/41gZz0qgBFL._SL500_.jpg" alt="Product Image"></a><p>Bernat BABY BLANKET BB Blue Dreams Yarn - 1 Pack of 10.5oz/300g - Polyester - #6 Super Bulky - 220 Yards - Knitting/Crochet</p><p>$6.97</p><a href="https://www.amazon.com/dp/B09WCQ89T8?tag=eloabder-20&linkCode=osi&th=1&psc=1">View Product</a></div><div class="product"><a href="https://www.amazon.com/dp/B07V5JVNFD?tag=eloabder-20&linkCode=osi&th=1&psc=1"><img src="https://m.media-amazon.com/images/I/41IS+HdtiOL._SL500_.jpg" alt="Product Image"></a><p>Lion Brand Yarn Basic Stitch Anti-Pilling Knitting Yarn, Yarn for Crocheting, 1-Pack, Baby Blue</p><p>$8.40 ($0.02 / Foot)</p><a href="https://www.amazon.com/dp/B07V5JVNFD?tag=eloabder-20&linkCode=osi&th=1&psc=1">View Product</a></div><div class="product"><a href="https://www.amazon.com/dp/B01M0AJID2?tag=eloabder-20&linkCode=osi&th=1&psc=1"><img src="https://m.media-amazon.com/images/I/41yVau0AUpL._SL500_.jpg" alt="Product Image"></a><p>Lion Brand Yarn (1 Skein) Lion Brand Yarn Babysoft Baby Yarn Yarn, Little Boy Blue Multicolor</p><p>$7.19 ($0.01 / Foot)</p><a href="https://www.amazon.com/dp/B01M0AJID2?tag=eloabder-20&linkCode=osi&th=1&psc=1">View Product</a></div><div class="product"><a href="https://www.amazon.com/dp/B09W1KHF42?tag=eloabder-20&linkCode=osi&th=1&psc=1"><img src="https://m.media-amazon.com/images/I/41maDlrio5L._SL500_.jpg" alt="Product Image"></a><p>Red Heart Super Saver Light Blue Yarn - 3 Pack of 198g/7oz - Acrylic - 4 Medium (Worsted) - 364 Yards - Knitting/Crochet</p><p>$13.29 ($4.43 / Count)</p><a href="https://www.amazon.com/dp/B09W1KHF42?tag=eloabder-20&linkCode=osi&th=1&psc=1">View Product</a></div><div class="product"><a href="https://www.amazon.com/dp/B08LKVZ3CX?tag=eloabder-20&linkCode=osi&th=1&psc=1"><img src="https://m.media-amazon.com/images/I/41GLizNx8UL._SL500_.jpg" alt="Product Image"></a><p>Bernat Baby Blanket Baby Blue Yarn - 3 Pack of 100g/3.5oz - Polyester - 6 Super Bulky - 72 Yards - Knitting/Crochet</p><p>$21.81</p><a href="https://www.amazon.com/dp/B08LKVZ3CX?tag=eloabder-20&linkCode=osi&th=1&psc=1">View Product</a></div><div class="product"><a href="https://www.amazon.com/dp/B0CHJ95WHJ?tag=eloabder-20&linkCode=osi&th=1&psc=1"><img src="https://m.media-amazon.com/images/I/314E1EQdihL._SL500_.jpg" alt="Product Image"></a><p>NORCIA Soft Velvet Yarn Chenille Yarn for Crocheting Baby Blanket Yarn for Knitting Amigurumi Yarn Fancy Yarn for Crochet Weaving Craft (Baby Blue, 1 Skein)</p><p>$9.99</p><a href="https://www.amazon.com/dp/B0CHJ95WHJ?tag=eloabder-20&linkCode=osi&th=1&psc=1">View Product</a></div>
<div class="product"><a href="https://www.amazon.com/dp/B0779F2TXJ?tag=eloabder-20&linkCode=osi&th=1&psc=1"><img src="https://m.media-amazon.com/images/I/31kqZr8DJzL._SL500_.jpg" alt="Product Image"></a><p>OPENDGO Feather Ballpoint Pen ，Black Ink Vintage Feather Quill Refined Plated Rod Quill Ballpoint Pen For School Writing ▏Wedding Gift Signature Pen (Black)</p><p>$6.97</p><a href="https://www.amazon.com/dp/B0779F2TXJ?tag=eloabder-20&linkCode=osi&th=1&psc=1">View Product</a></div><div class="product"><a href="https://www.amazon.com/dp/B0CQF3BJ3S?tag=eloabder-20&linkCode=osi&th=1&psc=1"><img src="https://m.media-amazon.com/images/I/41gs6AOiP6L._SL500_.jpg" alt="Product Image"></a><p>3 in 1 Retractable Ballpoint Pen with Light and Stylus, Nice Pens for Journaling Writing in The Dark - White/Red Light Tip- 0.7mm Black Ink</p><p>$12.99</p><a href="https://www.amazon.com/dp/B0CQF3BJ3S?tag=eloabder-20&linkCode=osi&th=1&psc=1">View Product</a></div><div class="product"><a href="https://www.amazon.com/dp/B08BBZ3B8G?tag=eloabder-20&linkCode=osi&th=1&psc=1"><img src="https://m.media-amazon.com/images/I/41cMHyw60wL._SL500_.jpg" alt="Product Image"></a><p>Mr. Pen- Pens, Black Pens, 12 Pack, Fast Dry, No Smear Pens, Bible Pens, Pens for Journaling, Pens No Bleed Through, Pens Fine Point, Journal Pens, Fine Tip, Planner Pens, Ball Point Journal Pens</p><p>$9.99</p><a href="https://www.amazon.com/dp/B08BBZ3B8G?tag=eloabder-20&linkCode=osi&th=1&psc=1">View Product</a></div><div class="product"><a href="https://www.amazon.com/dp/B0D4YWWGX6?tag=eloabder-20&linkCode=osi&th=1&psc=1"><img src="https://m.media-amazon.com/images/I/31xHBCCzJqL._SL500_.jpg" alt="Product Image"></a><p>PATIKIL 21cm/8" Feather Ballpoint Pen, 1Pcs Ink Vintage Quill Pen Refined Plated Dip Pen for Calligraphy Writing Signature Wedding Gift, Yellow</p><p>$7.49</p><a href="https://www.amazon.com/dp/B0D4YWWGX6?tag=eloabder-20&linkCode=osi&th=1&psc=1">View Product</a></div>

<div class="product"><a href="https://www.amazon.com/dp/B001TLDEVQ?tag=eloabder-20&linkCode=osi&th=1&psc=1"><img src="https://m.media-amazon.com/images/I/41jYF39F6lL._SL500_.jpg" alt="Product Image"></a><p>Beadalon SuppleMax Illusion Beading Cord, 0.40 mm / 0.016 in, Clear Monofilament, 50 m / 164 ft</p><p>$4.74</p><a href="https://www.amazon.com/dp/B001TLDEVQ?tag=eloabder-20&linkCode=osi&th=1&psc=1">View Product</a></div><div class="product"><a href="https://www.amazon.com/dp/B0D2HVFZ7Q?tag=eloabder-20&linkCode=osi&th=1&psc=1"><img src="https://m.media-amazon.com/images/I/41R66LMYz7L._SL500_.jpg" alt="Product Image"></a><p>Zxiixz 116Yards 0.5mm Bracelet String, Waxed String Cord for Bracelet Making, Beading Thread for Bracelet Beads, Friendship Bracelet String for Bracelet Making, Waxed Polyester Cord for Jewelry Making</p><p>$6.99</p><a href="https://www.amazon.com/dp/B0D2HVFZ7Q?tag=eloabder-20&linkCode=osi&th=1&psc=1">View Product</a></div><div class="product"><a href="https://www.amazon.com/dp/B07BNF8KH5?tag=eloabder-20&linkCode=osi&th=1&psc=1"><img src="https://m.media-amazon.com/images/I/51jVByheyVL._SL500_.jpg" alt="Product Image"></a><p>PH PandaHall 100 Yards 1mm Waxed Cotton Cord Thread Beading String for Bracelet Necklace Making Crafting Beading Macrame Vase Decor, Burlywood</p><p>$7.19 ($0.02 / Foot)</p><a href="https://www.amazon.com/dp/B07BNF8KH5?tag=eloabder-20&linkCode=osi&th=1&psc=1">View Product</a></div><div class="product"><a href="https://www.amazon.com/dp/B07HBPGXJG?tag=eloabder-20&linkCode=osi&th=1&psc=1"><img src="https://m.media-amazon.com/images/I/41xi8gO6kDL._SL500_.jpg" alt="Product Image"></a><p>Paxcoo 0.8mm Elastic String, Stretchy Bracelet String Crystal String Bead Cord for Bracelet, Beading and Jewelry Making (120m)</p><p>$6.99 ($0.02 / Foot)</p><a href="https://www.amazon.com/dp/B07HBPGXJG?tag=eloabder-20&linkCode=osi&th=1&psc=1">View Product</a></div><div class="product"><a href="https://www.amazon.com/dp/B0CNPST7D9?tag=eloabder-20&linkCode=osi&th=1&psc=1"><img src="https://m.media-amazon.com/images/I/41A9VISFC4L._SL500_.jpg" alt="Product Image"></a><p>Kblick Black Nylon String Cord - 1MM 100 Yards Black Twine, Bracelet String for Bracelet Making, Braided Ornament Lanyard Sting, Jewelry Thread Clay Bead String for Crafts, Macrame Satin Cord</p><p>$5.99 ($0.02 / Foot)</p><a href="https://www.amazon.com/dp/B0CNPST7D9?tag=eloabder-20&linkCode=osi&th=1&psc=1">View Product</a></div><div class="product"><a href="https://www.amazon.com/dp/B08GC3JF9X?tag=eloabder-20&linkCode=osi&th=1&psc=1"><img src="https://m.media-amazon.com/images/I/41FQZYhvQpL._SL500_.jpg" alt="Product Image"></a><p>Cheriswelry 100M 0.8mm Nylon Beading Cord Black Chinese Knotting Rattail Macrame Thread String Roll for Jewelry Making Kumihimo Wrapping Supplies DIY Crafts</p><p>$6.99 ($0.02 / Fl Oz)</p><a href="https://www.amazon.com/dp/B08GC3JF9X?tag=eloabder-20&linkCode=osi&th=1&psc=1">View Product</a></div><div class="product"><a href="https://www.amazon.com/dp/B0B3V9RWQC?tag=eloabder-20&linkCode=osi&th=1&psc=1"><img src="https://m.media-amazon.com/images/I/41F-OP+yCxL._SL500_.jpg" alt="Product Image"></a><p>Griffin Silk Bead Cord Perlseide – Black Color – Size 3 (0.50mm) – 2 Meters per Card – Stainless Steel Needle Attached – for Knotting Pearls, Gemstones, Crystals and Beads</p><p>$4.99 ($0.76 / Foot)</p><a href="https://www.amazon.com/dp/B0B3V9RWQC?tag=eloabder-20&linkCode=osi&th=1&psc=1">View Product</a></div><div class="product"><a href="https://www.amazon.com/dp/B08F49YVQP?tag=eloabder-20&linkCode=osi&th=1&psc=1"><img src="https://m.media-amazon.com/images/I/41yCMIpj0rS._SL500_.jpg" alt="Product Image"></a><p>1mm Stretchy Bracelet String, Sturdy Rainbow Elastic String Elastic Cord for Jewelry Making, Necklaces, Beading and Crafts</p><p>$6.99 ($0.04 / Foot)</p><a href="https://www.amazon.com/dp/B08F49YVQP?tag=eloabder-20&linkCode=osi&th=1&psc=1">View Product</a></div>

<div class="product"><a href="https://www.amazon.com/dp/B001GMUBJ6?tag=eloabder-20&linkCode=osi&th=1&psc=1"><img src="https://m.media-amazon.com/images/I/41V5qzn3H5L._SL500_.jpg" alt="Product Image"></a><p>The Beadsmith Fireline by Berkley – Micro-Fused Braided Thread – 6lb. Test, 006”/.15mm Diameter, 50 Yard Spool, Crystal Color – Super Strong Stringing Material for Jewelry Making and Bead Weaving</p><p>$12.59</p><a href="https://www.amazon.com/dp/B001GMUBJ6?tag=eloabder-20&linkCode=osi&th=1&psc=1">View Product</a></div><div class="product"><a href="https://www.amazon.com/dp/B001UAKK0Y?tag=eloabder-20&linkCode=osi&th=1&psc=1"><img src="https://m.media-amazon.com/images/I/41rY1D0wfuL._SL500_.jpg" alt="Product Image"></a><p>Beadalon Wildfire, 0.006 in, 0.15 mm, Break Strength 10 lb / 4.5 kg, Frost, 50 yd / 45 m</p><p>$8.85 ($0.06 / Foot)</p><a href="https://www.amazon.com/dp/B001UAKK0Y?tag=eloabder-20&linkCode=osi&th=1&psc=1">View Product</a></div><div class="product"><a href="https://www.amazon.com/dp/B095WY58F4?tag=eloabder-20&linkCode=osi&th=1&psc=1"><img src="https://m.media-amazon.com/images/I/41mXRfJqcjL._SL500_.jpg" alt="Product Image"></a><p>PH PandaHall 0.1mm Nylon Seed Bead Thread 100 Yards Black White Bracelet Cord Beading Thread Invisible Sewing Thread Nylon Braided Thread String for Leather Stitching Beading Jewelry Bracelets Making</p><p>$9.99 ($0.03 / Foot)</p><a href="https://www.amazon.com/dp/B095WY58F4?tag=eloabder-20&linkCode=osi&th=1&psc=1">View Product</a></div><div class="product"><a href="https://www.amazon.com/dp/B08RN2R2SZ?tag=eloabder-20&linkCode=osi&th=1&psc=1"><img src="https://m.media-amazon.com/images/I/41Tg2MMC++L._SL500_.jpg" alt="Product Image"></a><p>KO Nylon Beading Thread, White Color, Japanese Pre-Waxed 100% Nylon, 330TEX, Tangle Resistant Knotting Cords, 50m /55 yds Spool, Use for Seed Bead Projects, Loom Work & Bead Weaving</p><p>$7.06 ($0.04 / Foot)</p><a href="https://www.amazon.com/dp/B08RN2R2SZ?tag=eloabder-20&linkCode=osi&th=1&psc=1">View Product</a></div><div class="product"><a href="https://www.amazon.com/dp/B09J89ST79?tag=eloabder-20&linkCode=osi&th=1&psc=1"><img src="https://m.media-amazon.com/images/I/41hLuuOZeXL._SL500_.jpg" alt="Product Image"></a><p>2 Roll Polyester Thread, Heavy Duty Thread, 1500Yard/Reel 210D/3 nylon thread for sewing, Sewing Thread for Upholstery, Outdoor Market, Drapery, Leather, Beading, Crafts</p><p>$7.99 ($0.00 / Foot)</p><a href="https://www.amazon.com/dp/B09J89ST79?tag=eloabder-20&linkCode=osi&th=1&psc=1">View Product</a></div><div class="product"><a href="https://www.amazon.com/dp/B0C6MSY7QQ?tag=eloabder-20&linkCode=osi&th=1&psc=1"><img src="https://m.media-amazon.com/images/I/31Bn-MyA62L._SL500_.jpg" alt="Product Image"></a><p>PH PandaHall 0.1mm Nylon String 100 Yards Beading Thread White Nylon Seed Bead Thread Bracelet Beading Thread Sewing String for Leather Stitching Beading Jewelry Bracelets Making</p><p>$7.99 ($0.03 / Foot)</p><a href="https://www.amazon.com/dp/B0C6MSY7QQ?tag=eloabder-20&linkCode=osi&th=1&psc=1">View Product</a></div>

<div class="product"><a href="https://www.amazon.com/dp/B07NMNDT1W?tag=eloabder-20&linkCode=osi&th=1&psc=1"><img src="https://m.media-amazon.com/images/I/41-zwQIcVcL._SL500_.jpg" alt="Product Image"></a><p>Howemon White Beeswax Pellets 2LB 100% Pure and Natural Triple Filtered for Skin, Face, Body and Hair Care DIY Creams, Lotions, Lip Balm and Soap Making Supplies</p><p>$13.99 ($0.44 / Fl Oz)</p><a href="https://www.amazon.com/dp/B07NMNDT1W?tag=eloabder-20&linkCode=osi&th=1&psc=1">View Product</a></div><div class="product"><a href="https://www.amazon.com/dp/B00B3U0FW4?tag=eloabder-20&linkCode=osi&th=1&psc=1"><img src="https://m.media-amazon.com/images/I/51rWFCST+TL._SL500_.jpg" alt="Product Image"></a><p>Beesworks Yellow Beeswax Pellets (1 lb) | 100% Pure, Cosmetic Grade, Triple-Filtered Beeswax for DIY Skin care, Lip Balm, Lotion, and Candle Making</p><p>$13.99 ($0.87 / Ounce)</p><a href="https://www.amazon.com/dp/B00B3U0FW4?tag=eloabder-20&linkCode=osi&th=1&psc=1">View Product</a></div><div class="product"><a href="https://www.amazon.com/dp/B01LWX2IO1?tag=eloabder-20&linkCode=osi&th=1&psc=1"><img src="https://m.media-amazon.com/images/I/41MlNqhDyCL._SL500_.jpg" alt="Product Image"></a><p>Beesworks Yellow Beeswax Bars (6 oz) | 100% Pure, Cosmetic Grade, Triple-Filtered Beeswax for DIY Skin Care, Lip Balm, Lotion and Candle Making (1 oz Bars - Pack of 6)</p><p>$6.99</p><a href="https://www.amazon.com/dp/B01LWX2IO1?tag=eloabder-20&linkCode=osi&th=1&psc=1">View Product</a></div><div class="product"><a href="https://www.amazon.com/dp/B0BV77F19N?tag=eloabder-20&linkCode=osi&th=1&psc=1"><img src="https://m.media-amazon.com/images/I/41xzHaO1-EL._SL500_.jpg" alt="Product Image"></a><p>Beeswax Pellets 10LB Cosmetic Beeswax Triple Filtered Beeswax Pastilles for Candle Making Great for DIY Projects Creams Lotions Lip Balm and Soap Making Supplies(10LB)</p><p>$32.99</p><a href="https://www.amazon.com/dp/B0BV77F19N?tag=eloabder-20&linkCode=osi&th=1&psc=1">View Product</a></div><div class="product"><a href="https://www.amazon.com/dp/B0C9QSG3CY?tag=eloabder-20&linkCode=osi&th=1&psc=1"><img src="https://m.media-amazon.com/images/I/414XQcU6SRL._SL500_.jpg" alt="Product Image"></a><p>YASNAY White Beeswax Pellets 2LB, 100% Organic Beeswax, Beeswax for Candle Making, Body, Skin Care DIY, Lip Balm and Soap Making Supplies</p><p>$11.99</p><a href="https://www.amazon.com/dp/B0C9QSG3CY?tag=eloabder-20&linkCode=osi&th=1&psc=1">View Product</a></div><div class="product"><a href="https://www.amazon.com/dp/B097HTC4WN?tag=eloabder-20&linkCode=osi&th=1&psc=1"><img src="https://m.media-amazon.com/images/I/51pwMM7C6-L._SL500_.jpg" alt="Product Image"></a><p>Eco Lux 8 Yellow Beeswax Blocks 100% Pure Natural Organic Bees Wax 6.5oz</p><p>$8.49 ($1.35 / Ounce)</p><a href="https://www.amazon.com/dp/B097HTC4WN?tag=eloabder-20&linkCode=osi&th=1&psc=1">View Product</a></div><div class="product"><a href="https://www.amazon.com/dp/B00HDHQQCE?tag=eloabder-20&linkCode=osi&th=1&psc=1"><img src="https://m.media-amazon.com/images/I/41vF-7MwNhL._SL500_.jpg" alt="Product Image"></a><p>Murray's 100% Pure Beeswax 4 oz</p><p>$5.98 ($1.50 / Ounce)</p><a href="https://www.amazon.com/dp/B00HDHQQCE?tag=eloabder-20&linkCode=osi&th=1&psc=1">View Product</a></div><div class="product"><a href="https://www.amazon.com/dp/B09YM8JTLM?tag=eloabder-20&linkCode=osi&th=1&psc=1"><img src="https://m.media-amazon.com/images/I/41cjNuBnFEL._SL500_.jpg" alt="Product Image"></a><p>TRINIDa Beeswax Pellets 2LB(32 oz), 100% Organic Yellow Bees Wax for DIY Candles, Beeswax for Candle Making, Skin, Body, Face, and Hair Care, Lotions, DIY Creams, Lip Balm and Soap Making Supplies</p><p>$11.99</p><a href="https://www.amazon.com/dp/B09YM8JTLM?tag=eloabder-20&linkCode=osi&th=1&psc=1">View Product</a></div><div class="product"><a href="https://www.amazon.com/dp/B00F3CNMV4?tag=eloabder-20&linkCode=osi&th=1&psc=1"><img src="https://m.media-amazon.com/images/I/31pjrRAEa4L._SL500_.jpg" alt="Product Image"></a><p>Stakich Yellow Beeswax Block - Natural, Triple Filtered - 1 Pound, Honey Scent</p><p>$13.95 ($0.87 / Ounce)</p><a href="https://www.amazon.com/dp/B00F3CNMV4?tag=eloabder-20&linkCode=osi&th=1&psc=1">View Product</a></div><div class="product"><a href="https://www.amazon.com/dp/B0BXFZBZS9?tag=eloabder-20&linkCode=osi&th=1&psc=1"><img src="https://m.media-amazon.com/images/I/4178i9IB9KL._SL500_.jpg" alt="Product Image"></a><p>5LB Beeswax Pellets Beeswax for Candle Making Organic Beeswax Pellets for Skin Beeswax Beads Beeswax Bulk Beeswax for Lotion Making Organic for DIY and Craft Project</p><p>$22.99</p><a href="https://www.amazon.com/dp/B0BXFZBZS9?tag=eloabder-20&linkCode=osi&th=1&psc=1">View Product</a></div>
<div class="product"><a href="https://www.amazon.com/dp/B0052F1BVK?tag=eloabder-20&linkCode=osi&th=1&psc=1"><img src="https://m.media-amazon.com/images/I/41zE9eiGoLL._SL500_.jpg" alt="Product Image"></a><p>ACC Staples Large Binder Clips, 2" Width, 1" Capacity, Black, 12/Pk</p><p>$6.30</p><a href="https://www.amazon.com/dp/B0052F1BVK?tag=eloabder-20&linkCode=osi&th=1&psc=1">View Product</a></div><div class="product"><a href="https://www.amazon.com/dp/B07MLFR771?tag=eloabder-20&linkCode=osi&th=1&psc=1"><img src="https://m.media-amazon.com/images/I/51N2wxA7N0L._SL500_.jpg" alt="Product Image"></a><p>CooBigo 50 Pack Binder Ring, Metal Book Ring Paper Ring Holder 5/8-Inch Loose Leaf Binder Ring Clip for Index Card, Flash Card Ring, Card Calendar, Keychain Key Ring - Bronze</p><p>$6.99</p><a href="https://www.amazon.com/dp/B07MLFR771?tag=eloabder-20&linkCode=osi&th=1&psc=1">View Product</a></div><div class="product"><a href="https://www.amazon.com/dp/B01563NHGY?tag=eloabder-20&linkCode=osi&th=1&psc=1"><img src="https://m.media-amazon.com/images/I/41gj+0ZftqL._SL500_.jpg" alt="Product Image"></a><p>vanki Pack of 40 Cute Lovely Smiling Face Spring-Loaded File Organizer Paper Holder Metal Binder Clips, Assorted Color</p><p>$8.99</p><a href="https://www.amazon.com/dp/B01563NHGY?tag=eloabder-20&linkCode=osi&th=1&psc=1">View Product</a></div><div class="product"><a href="https://www.amazon.com/dp/B000GOUDSO?tag=eloabder-20&linkCode=osi&th=1&psc=1"><img src="https://m.media-amazon.com/images/I/41ZANISHgML._SL500_.jpg" alt="Product Image"></a><p>Small Binder Clips .75" 8/Pkg-Assorted Colors</p><p>$4.46</p><a href="https://www.amazon.com/dp/B000GOUDSO?tag=eloabder-20&linkCode=osi&th=1&psc=1">View Product</a></div>
<div class="product"><a href="https://www.amazon.com/dp/B07PRPX4VR?tag=eloabder-20&linkCode=osi&th=1&psc=1"><img src="https://m.media-amazon.com/images/I/41IMH12fdPL._SL500_.jpg" alt="Product Image"></a><p>Durable Sheet Lifters, Durable Easy Flow, 11" x 3", Lifts Sheets Over Rings and Protects Sheets from Tearing, Fit Standard 3-Ring Binders, Black (20 Pack)</p><p>$14.99</p><a href="https://www.amazon.com/dp/B07PRPX4VR?tag=eloabder-20&linkCode=osi&th=1&psc=1">View Product</a></div><div class="product"><a href="https://www.amazon.com/dp/B0CM8QJHFW?tag=eloabder-20&linkCode=osi&th=1&psc=1"><img src="https://m.media-amazon.com/images/I/31cJGS74oCL._SL500_.jpg" alt="Product Image"></a><p>Wantane D-Shaped Tape Storage Ring Tape Storage Ring 4" D-Shaped Washi Tape Storage Ring for DIY Decoration and Storage（Nickel）-2PCS</p><p>$7.99</p><a href="https://www.amazon.com/dp/B0CM8QJHFW?tag=eloabder-20&linkCode=osi&th=1&psc=1">View Product</a></div>
<div class="product"><a href="https://www.amazon.com/dp/B00006IAS3?tag=eloabder-20&linkCode=osi&th=1&psc=1"><img src="https://m.media-amazon.com/images/I/317DvSXhT1L._SL500_.jpg" alt="Product Image"></a><p>GBC Binding System, Manual, Desktop Binding Punch, 6 Sheet Punch Capacity, ProClick P50 (2515650)</p><p>$123.89</p><a href="https://www.amazon.com/dp/B00006IAS3?tag=eloabder-20&linkCode=osi&th=1&psc=1">View Product</a></div><div class="product"><a href="https://www.amazon.com/dp/B004BP81KQ?tag=eloabder-20&linkCode=osi&th=1&psc=1"><img src="https://m.media-amazon.com/images/I/51SqfeZ12KL._SL500_.jpg" alt="Product Image"></a><p>We R Memory Keepers Cinch Book Binding Wire (1-Inch, Silver (2 Pack))</p><p>$5.99</p><a href="https://www.amazon.com/dp/B004BP81KQ?tag=eloabder-20&linkCode=osi&th=1&psc=1">View Product</a></div>

<div class="product"><a href="https://www.amazon.com/dp/B0007ZJ8TM?tag=eloabder-20&linkCode=osi&th=1&psc=1"><img src="https://m.media-amazon.com/images/I/41i49sz3UAL._SL500_.jpg" alt="Product Image"></a><p>Speedball Super Black India Ink, 2-Ounce</p><p>$9.99 ($9.99 / Count)</p><a href="https://www.amazon.com/dp/B0007ZJ8TM?tag=eloabder-20&linkCode=osi&th=1&psc=1">View Product</a></div><div class="product"><a href="https://www.amazon.com/dp/B0026I10AI?tag=eloabder-20&linkCode=osi&th=1&psc=1"><img src="https://m.media-amazon.com/images/I/31vklP4uBsL._SL500_.jpg" alt="Product Image"></a><p>Dr. Ph. Martin's Bombay India (7BY) Ink Bottle, 1.0 oz, Black</p><p>$6.99</p><a href="https://www.amazon.com/dp/B0026I10AI?tag=eloabder-20&linkCode=osi&th=1&psc=1">View Product</a></div><div class="product"><a href="https://www.amazon.com/dp/B000KNP96C?tag=eloabder-20&linkCode=osi&th=1&psc=1"><img src="https://m.media-amazon.com/images/I/51e9srYtG0L._SL500_.jpg" alt="Product Image"></a><p>Winsor & Newton Drawing Ink, 14ml Bottle, Black Indian</p><p>$10.99</p><a href="https://www.amazon.com/dp/B000KNP96C?tag=eloabder-20&linkCode=osi&th=1&psc=1">View Product</a></div><div class="product"><a href="https://www.amazon.com/dp/B07BQG5QF4?tag=eloabder-20&linkCode=osi&th=1&psc=1"><img src="https://m.media-amazon.com/images/I/41nEMDYZaiL._SL500_.jpg" alt="Product Image"></a><p>Speedball Super Black India Ink, 16-Ounce</p><p>$19.99</p><a href="https://www.amazon.com/dp/B07BQG5QF4?tag=eloabder-20&linkCode=osi&th=1&psc=1">View Product</a></div><div class="product"><a href="https://www.amazon.com/dp/B001038NLY?tag=eloabder-20&linkCode=osi&th=1&psc=1"><img src="https://m.media-amazon.com/images/I/418i4sxJJ0L._SL500_.jpg" alt="Product Image"></a><p>Speedball Fabric Screen Printing Ink, 8-Ounce, Black for T-Shirt and Silkscreen Printmaking</p><p>$12.99 ($1.62 / Fl Oz)</p><a href="https://www.amazon.com/dp/B001038NLY?tag=eloabder-20&linkCode=osi&th=1&psc=1">View Product</a></div><div class="product"><a href="https://www.amazon.com/dp/B00161OPSA?tag=eloabder-20&linkCode=osi&th=1&psc=1"><img src="https://m.media-amazon.com/images/I/41C32y3CJAL._SL500_.jpg" alt="Product Image"></a><p>Tsukineko VersaFine inkpad, Full-Size, Onyx Black</p><p>$4.99 ($4.99 / Count)</p><a href="https://www.amazon.com/dp/B00161OPSA?tag=eloabder-20&linkCode=osi&th=1&psc=1">View Product</a></div>
<div class="product"><a href="https://www.amazon.com/dp/B07Q4TJCDJ?tag=eloabder-20&linkCode=osi&th=1&psc=1"><img src="https://m.media-amazon.com/images/I/315HYvYg-BL._SL500_.jpg" alt="Product Image"></a><p>Primbeeks 300pcs Blank Business Cards, Premium Blank White Cards, 3.5" x 2.2" Small Blank Cards, Blank Cardstock Cards, Small Note Cards, white blank cards, white business cards, kraft paper cards</p><p>$7.99</p><a href="https://www.amazon.com/dp/B07Q4TJCDJ?tag=eloabder-20&linkCode=osi&th=1&psc=1">View Product</a></div><div class="product"><a href="https://www.amazon.com/dp/B0CRGHFLT8?tag=eloabder-20&linkCode=osi&th=1&psc=1"><img src="https://m.media-amazon.com/images/I/41S1NLpb8hL._SL500_.jpg" alt="Product Image"></a><p>Watercolor Cards and Envelopes Set - 50 Folded 5x7 Inch Blank Heavyweight Paper Cards (140lb/300gsm) with Matching Envelopes for DIY Greeting Cards, Festivals, and Events</p><p>$17.99 ($0.36 / Count)</p><a href="https://www.amazon.com/dp/B0CRGHFLT8?tag=eloabder-20&linkCode=osi&th=1&psc=1">View Product</a></div><div class="product"><a href="https://www.amazon.com/dp/B08MX4TZ3H?tag=eloabder-20&linkCode=osi&th=1&psc=1"><img src="https://m.media-amazon.com/images/I/41D2u4vdLQL._SL500_.jpg" alt="Product Image"></a><p>50 Pack Blank Kraft Cards Cardstock Thick Paper Brown Greeting Cards for DIY Gift Card Menus, Baby Shower and Wedding Invitations (Multicolored, 5x7IN)</p><p>$8.99</p><a href="https://www.amazon.com/dp/B08MX4TZ3H?tag=eloabder-20&linkCode=osi&th=1&psc=1">View Product</a></div><div class="product"><a href="https://www.amazon.com/dp/B08BDGGVMK?tag=eloabder-20&linkCode=osi&th=1&psc=1"><img src="https://m.media-amazon.com/images/I/41W-dTUoBqL._SL500_.jpg" alt="Product Image"></a><p>100pcs 3.54"x2" Blank Kraft Paper Business Card, Words Message Notes paper Tags, Mini Craft Cardboard Festival gifts - 6 colors</p><p>$5.98</p><a href="https://www.amazon.com/dp/B08BDGGVMK?tag=eloabder-20&linkCode=osi&th=1&psc=1">View Product</a></div><div class="product"><a href="https://www.amazon.com/dp/B08BFDJJ78?tag=eloabder-20&linkCode=osi&th=1&psc=1"><img src="https://m.media-amazon.com/images/I/61LZ1Csb+dL._SL500_.jpg" alt="Product Image"></a><p>Nettbe 100pcs 3.54"x2" Blank Kraft Paper Business Card, Words Message Notes paper Tags, Mini Craft Cardboard Festival gifts</p><p>$5.99</p><a href="https://www.amazon.com/dp/B08BFDJJ78?tag=eloabder-20&linkCode=osi&th=1&psc=1">View Product</a></div><div class="product"><a href="https://www.amazon.com/dp/B07Q8YBJM3?tag=eloabder-20&linkCode=osi&th=1&psc=1"><img src="https://m.media-amazon.com/images/I/31w6U4cCqEL._SL500_.jpg" alt="Product Image"></a><p>Primbeeks 228pcs Blank Business Cards, Premium Blank White Cards, 3.5" x 2.2" Small Blank Cards, Blank Cardstock Cards, Small Note Cards, white blank cards, white business cards, kraft paper cards</p><p>$5.99</p><a href="https://www.amazon.com/dp/B07Q8YBJM3?tag=eloabder-20&linkCode=osi&th=1&psc=1">View Product</a></div><div class="product"><a href="https://www.amazon.com/dp/B08X4Z9TGN?tag=eloabder-20&linkCode=osi&th=1&psc=1"><img src="https://m.media-amazon.com/images/I/41Jqhe35tDL._SL500_.jpg" alt="Product Image"></a><p>321Done Blank Rustic Cards, Made in USA - 4x6 Thick, Heavy Cardstock - Make Invites, Greeting, Note, Thank You Cards - Plain Kraft for Writing, Stamping, Printing, Art - No Envelopes - Set of 50</p><p>$14.99</p><a href="https://www.amazon.com/dp/B08X4Z9TGN?tag=eloabder-20&linkCode=osi&th=1&psc=1">View Product</a></div><div class="product"><a href="https://www.amazon.com/dp/B0D2KDWBNM?tag=eloabder-20&linkCode=osi&th=1&psc=1"><img src="https://m.media-amazon.com/images/I/31dAhnBJ7aL._SL500_.jpg" alt="Product Image"></a><p>4x6 Blank White Cardstock (Set of 100) - Card Stock for Printer Postcards, Photo Paper Invitations, Greeting, Note, Thank You, DIY Making, Index Cards - Plain for Writing, Stamping, Printing, Art</p><p>$8.99</p><a href="https://www.amazon.com/dp/B0D2KDWBNM?tag=eloabder-20&linkCode=osi&th=1&psc=1">View Product</a></div><div class="product"><a href="https://www.amazon.com/dp/B0BB858RYN?tag=eloabder-20&linkCode=osi&th=1&psc=1"><img src="https://m.media-amazon.com/images/I/317zmriPKNL._SL500_.jpg" alt="Product Image"></a><p>WANDERINGS Handmade White Deckle Edge Blank Greeting Cards- Folded to 5x7” - Pack of 25 - Writers, Artists, Crafters - Thank Yous, Invitations, Menus, Greeting Cards, Notes - Thick 150 GSM</p><p>$21.99 ($0.88 / Count)</p><a href="https://www.amazon.com/dp/B0BB858RYN?tag=eloabder-20&linkCode=osi&th=1&psc=1">View Product</a></div><div class="product"><a href="https://www.amazon.com/dp/B0BZPPXRZW?tag=eloabder-20&linkCode=osi&th=1&psc=1"><img src="https://m.media-amazon.com/images/I/21Da-WQhrpL._SL500_.jpg" alt="Product Image"></a><p>100 Pack Thick Paper Cardstock Blank Heavy Cards Stock for Invitations, Greeting Cards Making, Postcards, Photos, 250GSM Thick Paper (White, 2x3.5 inches)</p><p>$5.99</p><a href="https://www.amazon.com/dp/B0BZPPXRZW?tag=eloabder-20&linkCode=osi&th=1&psc=1">View Product</a></div>
<div class="product"><a href="https://www.amazon.com/dp/B0BZRDQKH6?tag=eloabder-20&linkCode=osi&th=1&psc=1"><img src="https://m.media-amazon.com/images/I/41GYYRiusgL._SL500_.jpg" alt="Product Image"></a><p>feela 8 Pack Unlined Kraft Paper Notebooks, Blank Journal Note Pad for Drawing Writing, Small Sketchbook Travel Journal Bulk for Women Kids Students Office School Supplies, A5, 60 Pages, 8.3” X 5.5”</p><p>$9.99</p><a href="https://www.amazon.com/dp/B0BZRDQKH6?tag=eloabder-20&linkCode=osi&th=1&psc=1">View Product</a></div><div class="product"><a href="https://www.amazon.com/dp/B0BXLB74KK?tag=eloabder-20&linkCode=osi&th=1&psc=1"><img src="https://m.media-amazon.com/images/I/313vYzg7HpL._SL500_.jpg" alt="Product Image"></a><p>ZZTX 4 Pack Blank Kraft Notebooks, Blank Paper Sketchbooks for Drawing Doodling Writing,Travel Journal Set, A5, 36 Pages, 8.3” X 5.5”</p><p>$5.99</p><a href="https://www.amazon.com/dp/B0BXLB74KK?tag=eloabder-20&linkCode=osi&th=1&psc=1">View Product</a></div><div class="product"><a href="https://www.amazon.com/dp/B0BW5TNPXJ?tag=eloabder-20&linkCode=osi&th=1&psc=1"><img src="https://m.media-amazon.com/images/I/31Wu8UP78iL._SL500_.jpg" alt="Product Image"></a><p>EOOUT Kraft Notebooks, Blank Page Journals in Bulk, 16pcs A5, 8.3 X 5.5 Inches, 60 Pages, 80gsm, Travel Journal Set, for Art Camp, Travelers, Students and Office Supplies Sketchbooks Bulk for Kids</p><p>$15.99</p><a href="https://www.amazon.com/dp/B0BW5TNPXJ?tag=eloabder-20&linkCode=osi&th=1&psc=1">View Product</a></div><div class="product"><a href="https://www.amazon.com/dp/B08P3F46SD?tag=eloabder-20&linkCode=osi&th=1&psc=1"><img src="https://m.media-amazon.com/images/I/41jeBDcZJ1L._SL500_.jpg" alt="Product Image"></a><p>Krafty Soft Cover Blank Notebook Journal, Spiral Sketchbook Pad, Drawing Book, 60 Sheets/140gsm (A4)/120 Pages</p><p>$7.99</p><a href="https://www.amazon.com/dp/B08P3F46SD?tag=eloabder-20&linkCode=osi&th=1&psc=1">View Product</a></div><div class="product"><a href="https://www.amazon.com/dp/B0CWNPMC4T?tag=eloabder-20&linkCode=osi&th=1&psc=1"><img src="https://m.media-amazon.com/images/I/31BZeVGe6TL._SL500_.jpg" alt="Product Image"></a><p>zmybcpack 5 Pack Blank Journal Notebooks, Blank Paper Sketchbook for Drawing Writing, Travel Journal Notebook Kraft Paper Notebook for Travelers, Students, Office, A5, 8.26” x 5.5”, 60 Pages/30 Sheets</p><p>$8.99</p><a href="https://www.amazon.com/dp/B0CWNPMC4T?tag=eloabder-20&linkCode=osi&th=1&psc=1">View Product</a></div><div class="product"><a href="https://www.amazon.com/dp/B07WHYP9WN?tag=eloabder-20&linkCode=osi&th=1&psc=1"><img src="https://m.media-amazon.com/images/I/41ZhyCux1yL._SL500_.jpg" alt="Product Image"></a><p>Thick Blank Journal Notebook with Unlined / Unruled / Plain Pages | Deluxe 120gsm Ink Resistant Paper for Writing, Sketch Book, 160 Pages | Hardcover Sketchbook with Pen Holder, Pocket, Ribbon (Black)</p><p>$14.99</p><a href="https://www.amazon.com/dp/B07WHYP9WN?tag=eloabder-20&linkCode=osi&th=1&psc=1">View Product</a></div>
<div class="product"><a href="https://www.amazon.com/dp/B07MT7HKZW?tag=eloabder-20&linkCode=osi&th=1&psc=1"><img src="https://m.media-amazon.com/images/I/413JwH5JREL._SL500_.jpg" alt="Product Image"></a><p>Spiral Sketch Book Large Notebook（Built-in Drawing Board） Kraft Cover Blank Sketch Pad Wirebound Sketching for Drawing Painting 8.5x11-Inch (2 Pack) 200 Sheets, 100 Sheets, 200Pages Each</p><p>$17.99 ($9.00 / Count)</p><a href="https://www.amazon.com/dp/B07MT7HKZW?tag=eloabder-20&linkCode=osi&th=1&psc=1">View Product</a></div><div class="product"><a href="https://www.amazon.com/dp/B0BDQ82WB9?tag=eloabder-20&linkCode=osi&th=1&psc=1"><img src="https://m.media-amazon.com/images/I/51FoWr3GPwL._SL500_.jpg" alt="Product Image"></a><p>feela 170 Pack Blank Kraft Notebooks, Unlined Sketchbook Mini Cute Note Pad for Drawing Writing, Journal Bulk For Kids Students Office School Supplies, A6, 48 Pages, 4.25” X 5.5”, Black and Brown</p><p>$51.99</p><a href="https://www.amazon.com/dp/B0BDQ82WB9?tag=eloabder-20&linkCode=osi&th=1&psc=1">View Product</a></div><div class="product"><a href="https://www.amazon.com/dp/B0B3WWHWT2?tag=eloabder-20&linkCode=osi&th=1&psc=1"><img src="https://m.media-amazon.com/images/I/31m0FzXtPxL._SL500_.jpg" alt="Product Image"></a><p>Tamaki 6 Pack Colorful Blank Books for kids to Write, Drawing, Cute Sketchbook for Kid, 6 Colors (4.25 x 5.5 Inches)</p><p>$6.99</p><a href="https://www.amazon.com/dp/B0B3WWHWT2?tag=eloabder-20&linkCode=osi&th=1&psc=1">View Product</a></div>
<div class="product"><a href="https://www.amazon.com/dp/B0BGH2P9M6?tag=eloabder-20&linkCode=osi&th=1&psc=1"><img src="https://m.media-amazon.com/images/I/41ozOaYoHEL._SL500_.jpg" alt="Product Image"></a><p>EOOUT 100pcs A5 Kraft Notebooks, Blank Page Journals in Bulk, Sketchbooks Bulk for Kids, 60 Pages, 80GSM, 8.3 X 5.5 Inch, Travel Journal Set, for Art Camp, Travelers, Students and Office Supplies</p><p>$51.99</p><a href="https://www.amazon.com/dp/B0BGH2P9M6?tag=eloabder-20&linkCode=osi&th=1&psc=1">View Product</a></div><div class="product"><a href="https://www.amazon.com/dp/B07MT99F94?tag=eloabder-20&linkCode=osi&th=1&psc=1"><img src="https://m.media-amazon.com/images/I/41Ug7gpSWDL._SL500_.jpg" alt="Product Image"></a><p>Spiral Sketch Book Large Notebook（Built-in Drawing Board） Kraft Cover Blank Sketch Pad Wirebound Sketching for Drawing Painting 8.5x11-Inch (1 Pack) 200 Pages, 100 Sheets</p><p>$9.99</p><a href="https://www.amazon.com/dp/B07MT99F94?tag=eloabder-20&linkCode=osi&th=1&psc=1">View Product</a></div><div class="product"><a href="https://www.amazon.com/dp/B07CM32KLM?tag=eloabder-20&linkCode=osi&th=1&psc=1"><img src="https://m.media-amazon.com/images/I/41ENhBLE9DL._SL500_.jpg" alt="Product Image"></a><p>Kraft Cover Drawing Notebook & Sketchbook – Set of 2 Blank Plain Sketch Books – 125g Thick Paper A5 Size, 150x210mm Paper Ideal for Drawing & Sketching- 128 sheets/256 pages – 180 Degree Opening, 2pcs</p><p>$20.99 ($0.08 / Count)</p><a href="https://www.amazon.com/dp/B07CM32KLM?tag=eloabder-20&linkCode=osi&th=1&psc=1">View Product</a></div><div class="product"><a href="https://www.amazon.com/dp/B08ZLMLF7C?tag=eloabder-20&linkCode=osi&th=1&psc=1"><img src="https://m.media-amazon.com/images/I/41X-5yj83vL._SL500_.jpg" alt="Product Image"></a><p>BEECHMORE BOOKS Sketch Book, A4 8.5 x 11.5 inch Blank Sketchbook for Drawing, Paint and Draw, 156 Pages Thick Paper 160gsm, Hardcover Leather Art Notebook, Boxed for Gifts (Chestnut Brown)</p><p>$21.20</p><a href="https://www.amazon.com/dp/B08ZLMLF7C?tag=eloabder-20&linkCode=osi&th=1&psc=1">View Product</a></div>
<div class="product"><a href="https://www.amazon.com/dp/B075M9MSFH?tag=eloabder-20&linkCode=osi&th=1&psc=1"><img src="https://m.media-amazon.com/images/I/51x+szTX6TL._SL500_.jpg" alt="Product Image"></a><p>Bianyo Bleedproof Marker Paper Pad, A4(8.27"X11.69"), 50 Sheets, 18 LB / 70 GSM, Glue-Bound, 100% Cotton, White, Ideal for Use with Markers and Ink Mediums</p><p>$9.99</p><a href="https://www.amazon.com/dp/B075M9MSFH?tag=eloabder-20&linkCode=osi&th=1&psc=1">View Product</a></div><div class="product"><a href="https://www.amazon.com/dp/B08FX5S2NL?tag=eloabder-20&linkCode=osi&th=1&psc=1"><img src="https://m.media-amazon.com/images/I/41CA0ZfazKL._SL500_.jpg" alt="Product Image"></a><p>Marker Paper Sketchbook, Bleedproof Art Marker Pad, (8.27 X 11.69) Inch, White, 40 Sheets</p><p>$6.99</p><a href="https://www.amazon.com/dp/B08FX5S2NL?tag=eloabder-20&linkCode=osi&th=1&psc=1">View Product</a></div><div class="product"><a href="https://www.amazon.com/dp/B0CJRBFSJ8?tag=eloabder-20&linkCode=osi&th=1&psc=1"><img src="https://m.media-amazon.com/images/I/51DLA8TpwEL._SL500_.jpg" alt="Product Image"></a><p>Shuttle Art Marker Pad, 8.3”x8.9” Portable Square Sketchbook, 80 Sheets Marker Drawing Paper, 120LB/200GSM Bleedproof Art Paper, Spiral-Bound, Great for Professional Artist to Draw, Paint & Sketch</p><p>$16.99</p><a href="https://www.amazon.com/dp/B0CJRBFSJ8?tag=eloabder-20&linkCode=osi&th=1&psc=1">View Product</a></div><div class="product"><a href="https://www.amazon.com/dp/B09N7VX5Z5?tag=eloabder-20&linkCode=osi&th=1&psc=1"><img src="https://m.media-amazon.com/images/I/51xCPs9HZyL._SL500_.jpg" alt="Product Image"></a><p>Marker Paper Sketchbook - Marker Sketchbook with Bleedproof Smooth Coated Art Paper, 120 GSM 80 LBS - Marker Pad for Alcohol Markers, Sketching, Drawing - 8.11 x 8.5 Inch | 50 Sheets, 2 Pack</p><p>$15.99 ($8.00 / Count)</p><a href="https://www.amazon.com/dp/B09N7VX5Z5?tag=eloabder-20&linkCode=osi&th=1&psc=1">View Product</a></div><div class="product"><a href="https://www.amazon.com/dp/B07CK94W9T?tag=eloabder-20&linkCode=osi&th=1&psc=1"><img src="https://m.media-amazon.com/images/I/41ocoSNDjdL._SL500_.jpg" alt="Product Image"></a><p>BOXUN Premium 50 Sheets Sketch Marker Paper Pad, Bleedproof Artist Drawing Paper, 8.27 x 11.69 Inch</p><p>$8.29 ($0.17 / Count)</p><a href="https://www.amazon.com/dp/B07CK94W9T?tag=eloabder-20&linkCode=osi&th=1&psc=1">View Product</a></div><div class="product"><a href="https://www.amazon.com/dp/B0CPXWD11W?tag=eloabder-20&linkCode=osi&th=1&psc=1"><img src="https://m.media-amazon.com/images/I/51ApKzpDVNL._SL500_.jpg" alt="Product Image"></a><p>FEITAKE Marker Paper Pad Sketchbook Bleedproof for Alcohol Markers 120lb/200gsm Double Sided Thick Art Drawing Papers 60pages (30Sheets) / A4(8.3"x11.7") Gift for Artists Students Kids</p><p>$13.99 ($0.47 / Count)</p><a href="https://www.amazon.com/dp/B0CPXWD11W?tag=eloabder-20&linkCode=osi&th=1&psc=1">View Product</a></div><div class="product"><a href="https://www.amazon.com/dp/B0025TWYW6?tag=eloabder-20&linkCode=osi&th=1&psc=1"><img src="https://m.media-amazon.com/images/I/51t6UkUHCvL._SL500_.jpg" alt="Product Image"></a><p>Bee Paper Bleedproof Marker Pack, 8-1/2-Inch by 11-Inch, 50 Sheets per Pack</p><p>$17.09 ($0.34 / Count)</p><a href="https://www.amazon.com/dp/B0025TWYW6?tag=eloabder-20&linkCode=osi&th=1&psc=1">View Product</a></div><div class="product"><a href="https://www.amazon.com/dp/B0CJRBYYQB?tag=eloabder-20&linkCode=osi&th=1&psc=1"><img src="https://m.media-amazon.com/images/I/41knBnjZ25L._SL500_.jpg" alt="Product Image"></a><p>Shuttle Art Marker Pad, 8.3”x7.67” Portable Square Sketchbook, 50 Sheets Marker Drawing Paper, 60LB/90GSM Smooth Surface Bleedproof Art Paper, Glue-Bound, Great for Beginners to Draw, Paint & Sketch</p><p>$8.99 ($0.18 / Count)</p><a href="https://www.amazon.com/dp/B0CJRBYYQB?tag=eloabder-20&linkCode=osi&th=1&psc=1">View Product</a></div>

<div class="product"><a href="https://www.amazon.com/dp/B0D3HPD7WP?tag=eloabder-20&linkCode=osi&th=1&psc=1"><img src="https://m.media-amazon.com/images/I/31KSmmAWUWL._SL500_.jpg" alt="Product Image"></a><p>50 Sheets Grey Cardstock Paper, Colored Printer Paper 8.5 x 11, Thick Construction Paper for Cards Making, Scrapbook，Office Printing, Invitations, Certificates，DIY Crafting 92 lb/250gsm</p><p>$9.99</p><a href="https://www.amazon.com/dp/B0D3HPD7WP?tag=eloabder-20&linkCode=osi&th=1&psc=1">View Product</a></div>
<div class="product"><a href="https://www.amazon.com/dp/B076CP6F36?tag=eloabder-20&linkCode=osi&th=1&psc=1"><img src="https://m.media-amazon.com/images/I/51rfEIvgI+L._SL500_.jpg" alt="Product Image"></a><p>Apple Barrel, Vibrant Spectrum Collection Acrylic Craft Paint, PROMOABIII, 2 fl oz each, 16 assorted matte colors, 16 count</p><p>$15.97 ($0.50 / Fl Oz)</p><a href="https://www.amazon.com/dp/B076CP6F36?tag=eloabder-20&linkCode=osi&th=1&psc=1">View Product</a></div><div class="product"><a href="https://www.amazon.com/dp/B0BKFLSYQF?tag=eloabder-20&linkCode=osi&th=1&psc=1"><img src="https://m.media-amazon.com/images/I/51a0PmPRknL._SL500_.jpg" alt="Product Image"></a><p>72 Pack Acrylic Paint Set, Shuttle Art 60 Colors Acrylic Paint Including Extra White Black & 12 Brushes, 2oz/60ml, Rich Pigmented, Water Proof, Ideal for Artists, Beginners on Canvas Rock Wood Ceramic</p><p>$45.99 ($23.00 / Fl Oz)</p><a href="https://www.amazon.com/dp/B0BKFLSYQF?tag=eloabder-20&linkCode=osi&th=1&psc=1">View Product</a></div><div class="product"><a href="https://www.amazon.com/dp/B08CB3JH79?tag=eloabder-20&linkCode=osi&th=1&psc=1"><img src="https://m.media-amazon.com/images/I/51OUZsFdnTL._SL500_.jpg" alt="Product Image"></a><p>Acrylic Paint Set of 36 Colors 2fl oz 60ml Bottles,Non Toxic 36 Colors Acrylic Paint No Fading Rich Pigment for Kids Adults Artists Canvas Crafts Wood Painting</p><p>$32.99 ($0.46 / Fl Oz)</p><a href="https://www.amazon.com/dp/B08CB3JH79?tag=eloabder-20&linkCode=osi&th=1&psc=1">View Product</a></div><div class="product"><a href="https://www.amazon.com/dp/B0018NBVKQ?tag=eloabder-20&linkCode=osi&th=1&psc=1"><img src="https://m.media-amazon.com/images/I/31YlSvZMTCL._SL500_.jpg" alt="Product Image"></a><p>Apple Barrel Acrylic Paint in Assorted Colors (8 Ounce), 20403 White</p><p>$2.67 ($0.33 / Fl Oz)</p><a href="https://www.amazon.com/dp/B0018NBVKQ?tag=eloabder-20&linkCode=osi&th=1&psc=1">View Product</a></div><div class="product"><a href="https://www.amazon.com/dp/B077WSBLZ1?tag=eloabder-20&linkCode=osi&th=1&psc=1"><img src="https://m.media-amazon.com/images/I/51KPkXpLn1L._SL500_.jpg" alt="Product Image"></a><p>Shuttle Art Acrylic Paint Set, 30 x12ml Tubes Artist Quality Non Toxic Rich Pigments Colors Great for Kids Adults Professional Painting on Rocks Canvas Wood Clay Fabric Ceramic Crafts</p><p>$12.99 ($1.08 / Fl Oz)</p><a href="https://www.amazon.com/dp/B077WSBLZ1?tag=eloabder-20&linkCode=osi&th=1&psc=1">View Product</a></div><div class="product"><a href="https://www.amazon.com/dp/B00889Z5Y6?tag=eloabder-20&linkCode=osi&th=1&psc=1"><img src="https://m.media-amazon.com/images/I/41MQjsyDbSL._SL500_.jpg" alt="Product Image"></a><p>Apple Barrel Acrylic Paint in Assorted Colors (2 oz), 20764, Apricot</p><p>$0.58 ($0.29 / Fl Oz)</p><a href="https://www.amazon.com/dp/B00889Z5Y6?tag=eloabder-20&linkCode=osi&th=1&psc=1">View Product</a></div><div class="product"><a href="https://www.amazon.com/dp/B09TWQD5ZL?tag=eloabder-20&linkCode=osi&th=1&psc=1"><img src="https://m.media-amazon.com/images/I/41B0L003QXL._SL500_.jpg" alt="Product Image"></a><p>Artkey Acrylic Paint Set - 24 colors 2 oz/59 ml Acrylic Paints Professional Artists Painting Kit for Canvases Fabric Rock Leather Easter Egg Wood Ceramic Glass Art Craft Painting</p><p>$19.99 ($0.42 / Fl Oz)</p><a href="https://www.amazon.com/dp/B09TWQD5ZL?tag=eloabder-20&linkCode=osi&th=1&psc=1">View Product</a></div><div class="product"><a href="https://www.amazon.com/dp/B07Z93LQDB?tag=eloabder-20&linkCode=osi&th=1&psc=1"><img src="https://m.media-amazon.com/images/I/51veoN6zK0L._SL500_.jpg" alt="Product Image"></a><p>Shuttle Art Acrylic Paint Set, 36 Colors Acrylic Paint with Brushes & Palette, 2oz Bottles, Rich Pigments Non-toxic Paint for Artists Kids & Adults, Art Supplies for Canvas Rock Ceramic Wood Painting</p><p>$27.99</p><a href="https://www.amazon.com/dp/B07Z93LQDB?tag=eloabder-20&linkCode=osi&th=1&psc=1">View Product</a></div><div class="product"><a href="https://www.amazon.com/dp/B002665SYY?tag=eloabder-20&linkCode=osi&th=1&psc=1"><img src="https://m.media-amazon.com/images/I/31sJJeWK6OS._SL500_.jpg" alt="Product Image"></a><p>Liquitex BASICS Acrylic Paint, 250ml (8.5-oz) Tube, Titanium White</p><p>$9.99 ($1.18 / Fl Oz)</p><a href="https://www.amazon.com/dp/B002665SYY?tag=eloabder-20&linkCode=osi&th=1&psc=1">View Product</a></div>
<div class="product"><a href="https://www.amazon.com/dp/B0CC98XLGL?tag=eloabder-20&linkCode=osi&th=1&psc=1"><img src="https://m.media-amazon.com/images/I/51ZLw+nThiL._SL500_.jpg" alt="Product Image"></a><p>HUIRUSO 4 Pack Double Sided Tape Roller, Scrapbook Supplies, Glue Tape Roller for Crafts, Double-Sided Adhesive Tape Runner for Scrapbooking, School Office Journaling Supplies (0.31 in X 26.25 ft)</p><p>$6.99 ($1.75 / Count)</p><a href="https://www.amazon.com/dp/B0CC98XLGL?tag=eloabder-20&linkCode=osi&th=1&psc=1">View Product</a></div><div class="product"><a href="https://www.amazon.com/dp/B007XAAE6K?tag=eloabder-20&linkCode=osi&th=1&psc=1"><img src="https://m.media-amazon.com/images/I/414qxYVR0wL._SL500_.jpg" alt="Product Image"></a><p>Scotch Double Sided Tape Runner, 1-Pack, 0.27 in x 26 ft., Perfect for Holiday Crafts, Gifts, and More</p><p>$4.47</p><a href="https://www.amazon.com/dp/B007XAAE6K?tag=eloabder-20&linkCode=osi&th=1&psc=1">View Product</a></div><div class="product"><a href="https://www.amazon.com/dp/B0BZVGPFSK?tag=eloabder-20&linkCode=osi&th=1&psc=1"><img src="https://m.media-amazon.com/images/I/51-ue9+7JkL._SL500_.jpg" alt="Product Image"></a><p>Birllaid Double Sided Tape for Walls, Picture Hanging Strips Removable Mounting Dots Adhesive Heavy Duty, Removable for Art Craft, Decoration, Party Supplies, Multipurpose</p><p>$11.99</p><a href="https://www.amazon.com/dp/B0BZVGPFSK?tag=eloabder-20&linkCode=osi&th=1&psc=1">View Product</a></div><div class="product"><a href="https://www.amazon.com/dp/B0CGVN9SL1?tag=eloabder-20&linkCode=osi&th=1&psc=1"><img src="https://m.media-amazon.com/images/I/41Hy+i4CnoL._SL500_.jpg" alt="Product Image"></a><p>30Ft x 1 Inch Hook and Loop Strips with Adhesive,Double Rolls of Heavy Duty Self Adhesive Tape with Backing, Nylon Self Adhesive Tape for Home Office School and Crafting,White</p><p>$9.99</p><a href="https://www.amazon.com/dp/B0CGVN9SL1?tag=eloabder-20&linkCode=osi&th=1&psc=1">View Product</a></div><div class="product"><a href="https://www.amazon.com/dp/B07Y3VDPLF?tag=eloabder-20&linkCode=osi&th=1&psc=1"><img src="https://m.media-amazon.com/images/I/41cyKQ2OMuL._SL500_.jpg" alt="Product Image"></a><p>Melsan 1x4 inch Hook and Loop Strips with Adhesive - 15 Sets, Strong Back Adhesive Fasten Mounting Tape for Home or Office Use - Instead of Holes and Screws, Black</p><p>$7.82</p><a href="https://www.amazon.com/dp/B07Y3VDPLF?tag=eloabder-20&linkCode=osi&th=1&psc=1">View Product</a></div><div class="product"><a href="https://www.amazon.com/dp/B07V57VJT5?tag=eloabder-20&linkCode=osi&th=1&psc=1"><img src="https://m.media-amazon.com/images/I/514JO3bvl3L._SL500_.jpg" alt="Product Image"></a><p>XFasten Adhesive Roller for Scrapbooking, 8mm x 30ft 4-Pack Double Sided Glue Tape Roller, Scrapbook Supplies for Adults, Photo Tape for Scrapbooking</p><p>$9.99 ($2.50 / Count)</p><a href="https://www.amazon.com/dp/B07V57VJT5?tag=eloabder-20&linkCode=osi&th=1&psc=1">View Product</a></div><div class="product"><a href="https://www.amazon.com/dp/B07JLTGQHX?tag=eloabder-20&linkCode=osi&th=1&psc=1"><img src="https://m.media-amazon.com/images/I/51Eqfo7kUZL._SL500_.jpg" alt="Product Image"></a><p>UPINS 120 Pack Double Sided Foam Tape Square Self-Adhesive Foam Tape Black Strong Tape Pads for DIY Art Crafts Supplies</p><p>$9.99 ($0.08 / Count)</p><a href="https://www.amazon.com/dp/B07JLTGQHX?tag=eloabder-20&linkCode=osi&th=1&psc=1">View Product</a></div><div class="product"><a href="https://www.amazon.com/dp/B005FM6XF4?tag=eloabder-20&linkCode=osi&th=1&psc=1"><img src="https://m.media-amazon.com/images/I/51-vp1WJ89L._SL500_.jpg" alt="Product Image"></a><p>AdTech 5603 Permanent Crafter's Tape, 0.31" x 315", Pack of 4</p><p>$7.84 ($0.07 / Foot)</p><a href="https://www.amazon.com/dp/B005FM6XF4?tag=eloabder-20&linkCode=osi&th=1&psc=1">View Product</a></div><div class="product"><a href="https://www.amazon.com/dp/B0CJF1FLFJ?tag=eloabder-20&linkCode=osi&th=1&psc=1"><img src="https://m.media-amazon.com/images/I/51dig1RqzdL._SL500_.jpg" alt="Product Image"></a><p>UPINS 150Pack Double Sided Foam Tape Strong Sticky Double Sided Foam Pads for Crafts Self-Adhesive Mounting Foam Tape Heavy Duty for Home Wall Decor 40 * 40 * 2mm</p><p>$8.99 ($0.06 / Count)</p><a href="https://www.amazon.com/dp/B0CJF1FLFJ?tag=eloabder-20&linkCode=osi&th=1&psc=1">View Product</a></div><div class="product"><a href="https://www.amazon.com/dp/B0D4YWRGCL?tag=eloabder-20&linkCode=osi&th=1&psc=1"><img src="https://m.media-amazon.com/images/I/41EqJ553-KL._SL500_.jpg" alt="Product Image"></a><p>Amanbo Glue Tape for Scrapbooking, 6 Pack Scrapbook Tape, Double Sided Tape Roller for Crafts, Total 120 Ft x 0.24 in Tape Runner, Craft Supplies for Scrapbooking, Gift Wrapping and Photo Tape</p><p>$6.99</p><a href="https://www.amazon.com/dp/B0D4YWRGCL?tag=eloabder-20&linkCode=osi&th=1&psc=1">View Product</a></div>
<div class="product"><a href="https://www.amazon.com/dp/B0CC5HPPTN?tag=eloabder-20&linkCode=osi&th=1&psc=1"><img src="https://m.media-amazon.com/images/I/519M81S201L._SL500_.jpg" alt="Product Image"></a><p>Airbrush Paint - 30 Colors with 3 Thinner, Ready to Spray Airbrush Paint Set, Water-Based Acrylic Air brush Paints for Metal, Plastic Models, Canvas, Wood, 20ml/Bottle</p><p>$32.99 ($1.48 / Fl Oz)</p><a href="https://www.amazon.com/dp/B0CC5HPPTN?tag=eloabder-20&linkCode=osi&th=1&psc=1">View Product</a></div>
<div class="product"><a href="https://www.amazon.com/dp/B0CXPSGK36?tag=eloabder-20&linkCode=osi&th=1&psc=1"><img src="https://m.media-amazon.com/images/I/51dd2dYOtrL._SL500_.jpg" alt="Product Image"></a><p>Letter Stickers 30 Sheets 1500 PCS Large Alphabet Sticker 2 Inch Vinyl Self Adhesive Stick on Stickers for Water Bottles Cup Mailbox Number Address Craft Scrapbooking Bulletin Board Decor Multicolor</p><p>$9.99</p><a href="https://www.amazon.com/dp/B0CXPSGK36?tag=eloabder-20&linkCode=osi&th=1&psc=1">View Product</a></div><div class="product"><a href="https://www.amazon.com/dp/B07NNYFMGY?tag=eloabder-20&linkCode=osi&th=1&psc=1"><img src="https://m.media-amazon.com/images/I/51yDnU+gEXL._SL500_.jpg" alt="Product Image"></a><p>20 Sheets Alphabet Letter Stickers 10 Colors Self Adhesive Sticker Colorful PU Material Convex Feeling (Colored Letter Stickers 1)</p><p>$6.99 ($0.35 / Count)</p><a href="https://www.amazon.com/dp/B07NNYFMGY?tag=eloabder-20&linkCode=osi&th=1&psc=1">View Product</a></div>

<div class="product"><a href="https://www.amazon.com/dp/B01DDN8854?tag=eloabder-20&linkCode=osi&th=1&psc=1"><img src="https://m.media-amazon.com/images/I/61dPubDZBSL._SL500_.jpg" alt="Product Image"></a><p>Hugs 'n Kisses HNKHABY13 Applique Paper (20 Pack)</p><p>$19.72 ($0.99 / Count)</p><a href="https://www.amazon.com/dp/B01DDN8854?tag=eloabder-20&linkCode=osi&th=1&psc=1">View Product</a></div>
<div class="product"><a href="https://www.amazon.com/dp/B09KPNFJW1?tag=eloabder-20&linkCode=osi&th=1&psc=1"><img src="https://m.media-amazon.com/images/I/41abn5fELmL._SL500_.jpg" alt="Product Image"></a><p>UniPleased Disposable Aprons (50 Count), Plastic apron for Painting Party, Cooking, Housework, Picnic etc.</p><p>$5.69</p><a href="https://www.amazon.com/dp/B09KPNFJW1?tag=eloabder-20&linkCode=osi&th=1&psc=1">View Product</a></div>
<div class="product"><a href="https://www.amazon.com/dp/B087M21MM2?tag=eloabder-20&linkCode=osi&th=1&psc=1"><img src="https://m.media-amazon.com/images/I/41Xf-jehhLL._SL500_.jpg" alt="Product Image"></a><p>GOTIDEAL Stretched Canvas, Multi Pack 4x4, 5x7, 8x10,9x12, 11x14 Set of 10, Primed White - 100% Cotton Artist Canvas Boards for Painting, Acrylic Pouring, Oil Paint Dry & Wet Art Media</p><p>$24.99</p><a href="https://www.amazon.com/dp/B087M21MM2?tag=eloabder-20&linkCode=osi&th=1&psc=1">View Product</a></div><div class="product"><a href="https://www.amazon.com/dp/B00OQJYISG?tag=eloabder-20&linkCode=osi&th=1&psc=1"><img src="https://m.media-amazon.com/images/I/31fEDLPkkcL._SL500_.jpg" alt="Product Image"></a><p>6 Count 12” x 16” Super Value Canvas by Artist's Loft Necessities - Acid Free Cotton Canvas for Paint, Acrylic, & Oils - 1 Pack</p><p>$19.99</p><a href="https://www.amazon.com/dp/B00OQJYISG?tag=eloabder-20&linkCode=osi&th=1&psc=1">View Product</a></div><div class="product"><a href="https://www.amazon.com/dp/B09CDKB9HY?tag=eloabder-20&linkCode=osi&th=1&psc=1"><img src="https://m.media-amazon.com/images/I/51+p5xnClGL._SL500_.jpg" alt="Product Image"></a><p>DPDIAN Canvas Boards for Painting 40 Pack, 8 inch x 10 inch Super Value Pack, Artist Canvas Panels for Oil & Acrylic Painting</p><p>$29.99</p><a href="https://www.amazon.com/dp/B09CDKB9HY?tag=eloabder-20&linkCode=osi&th=1&psc=1">View Product</a></div><div class="product"><a href="https://www.amazon.com/dp/B0CFBGP29G?tag=eloabder-20&linkCode=osi&th=1&psc=1"><img src="https://m.media-amazon.com/images/I/3147Az5plbL._SL500_.jpg" alt="Product Image"></a><p>ArtSkills Stretched Canvases for Painting, 12x16 Canvas Painting Supplies for Artists, Blank Canvas Pack, 2-Pack</p><p>$16.99</p><a href="https://www.amazon.com/dp/B0CFBGP29G?tag=eloabder-20&linkCode=osi&th=1&psc=1">View Product</a></div><div class="product"><a href="https://www.amazon.com/dp/B07BNGQ1SS?tag=eloabder-20&linkCode=osi&th=1&psc=1"><img src="https://m.media-amazon.com/images/I/410ZVtygUwS._SL500_.jpg" alt="Product Image"></a><p>PHOENIX Stretched Canvas for Painting 8x10 Inch/10 Value Pack, 8 Oz Triple Primed 5/8 Inch Profile 100% Cotton White Blank Canvas, Artist Framed Canvas for Oil Acrylic & Pouring Art</p><p>$22.99</p><a href="https://www.amazon.com/dp/B07BNGQ1SS?tag=eloabder-20&linkCode=osi&th=1&psc=1">View Product</a></div><div class="product"><a href="https://www.amazon.com/dp/B0922JP1H4?tag=eloabder-20&linkCode=osi&th=1&psc=1"><img src="https://m.media-amazon.com/images/I/41BmiEND1KL._SL500_.jpg" alt="Product Image"></a><p>GOTIDEAL Canvases for Painting, 18 Pack Canvas Boards Multipack 4x4, 5x7, 8x10, 9x12,11x14,Primed White Blank Artist Canvas Variety Pack for Acrylic Paint, Oil Paint, Watercolor, Gouache</p><p>$19.99</p><a href="https://www.amazon.com/dp/B0922JP1H4?tag=eloabder-20&linkCode=osi&th=1&psc=1">View Product</a></div>


<div class="product"><a href="https://www.amazon.com/dp/B0872VFHBH?tag=eloabder-20&linkCode=osi&th=1&psc=1"><img src="https://m.media-amazon.com/images/I/51k3bekQheS._SL500_.jpg" alt="Product Image"></a><p>Bachmore Drawing Pad 9X12 Inch (110lb/180g), 60 Sheets, Top Spiral Bound Multi-Media for Artist Pro & Amateurs | Acrylic Art, Ink, Paint, Oil Pastels,Watercolor Mixed Media Sketch</p><p>$11.99</p><a href="https://www.amazon.com/dp/B0872VFHBH?tag=eloabder-20&linkCode=osi&th=1&psc=1">View Product</a></div><div class="product"><a href="https://www.amazon.com/dp/B0027A75A4?tag=eloabder-20&linkCode=osi&th=1&psc=1"><img src="https://m.media-amazon.com/images/I/51dyOxxcgYL._SL500_.jpg" alt="Product Image"></a><p>Strathmore 200 Series Sketch Pad, 9x12 inch, 100 Sheets, Tape Bound - Artist Sketchbook for Drawing, Illustration, Art Class Students</p><p>$6.99 ($0.07 / Count)</p><a href="https://www.amazon.com/dp/B0027A75A4?tag=eloabder-20&linkCode=osi&th=1&psc=1">View Product</a></div><div class="product"><a href="https://www.amazon.com/dp/B0BV13YQKX?tag=eloabder-20&linkCode=osi&th=1&psc=1"><img src="https://m.media-amazon.com/images/I/41VYfMpvXUL._SL500_.jpg" alt="Product Image"></a><p>Canson Graduate Watercolor Pad, Foldover, 9x12 inch, 20 Sheets | Artist Paper for Adults and Students - Painting, Gouache, Mixed Media and Ink</p><p>$4.97 ($0.41 / Count)</p><a href="https://www.amazon.com/dp/B0BV13YQKX?tag=eloabder-20&linkCode=osi&th=1&psc=1">View Product</a></div><div class="product"><a href="https://www.amazon.com/dp/B0024KMQ6K?tag=eloabder-20&linkCode=osi&th=1&psc=1"><img src="https://m.media-amazon.com/images/I/51sYdvPPUCL._SL500_.jpg" alt="Product Image"></a><p>Strathmore 400 Series Pastel Pad, Assorted Colors, 9"x12" Glue Bound, 24 Sheets</p><p>$9.11</p><a href="https://www.amazon.com/dp/B0024KMQ6K?tag=eloabder-20&linkCode=osi&th=1&psc=1">View Product</a></div><div class="product"><a href="https://www.amazon.com/dp/B00246O6PI?tag=eloabder-20&linkCode=osi&th=1&psc=1"><img src="https://m.media-amazon.com/images/I/517TUmckOIL._SL500_.jpg" alt="Product Image"></a><p>Strathmore 300 Series Drawing Paper Pad, Top Wire Bound, 11x14 inches, 50 Sheets (70lb/114g) - Artist Paper for Adults and Students - Charcoal, Colored Pencil, Ink, Pastel, Marker</p><p>$13.33</p><a href="https://www.amazon.com/dp/B00246O6PI?tag=eloabder-20&linkCode=osi&th=1&psc=1">View Product</a></div>
<div class="product"><a href="https://www.amazon.com/dp/B08ZMH7LJY?tag=eloabder-20&linkCode=osi&th=1&psc=1"><img src="https://m.media-amazon.com/images/I/51mJIsLJA-S._SL500_.jpg" alt="Product Image"></a><p>PANDAFLY Professional Drawing Sketching Pencil Set - 12 Pieces Graphite Pencils(14B - 2H), Ideal for Drawing Art, Sketching, Shading, Artist Pencils for Beginners & Pro Artists</p><p>$5.11</p><a href="https://www.amazon.com/dp/B08ZMH7LJY?tag=eloabder-20&linkCode=osi&th=1&psc=1">View Product</a></div><div class="product"><a href="https://www.amazon.com/dp/B088K1G5NL?tag=eloabder-20&linkCode=osi&th=1&psc=1"><img src="https://m.media-amazon.com/images/I/51F2bOMZWnL._SL500_.jpg" alt="Product Image"></a><p>MARKART Professional Drawing Sketching Pencil Set - 14 Pieces,Graphite,(12B - 4H), Ideal for Drawing Art, Sketching, Shading, Artist Pencils for Beginners & Pro Artists</p><p>$5.24</p><a href="https://www.amazon.com/dp/B088K1G5NL?tag=eloabder-20&linkCode=osi&th=1&psc=1">View Product</a></div><div class="product"><a href="https://www.amazon.com/dp/B08FHMRW4L?tag=eloabder-20&linkCode=osi&th=1&psc=1"><img src="https://m.media-amazon.com/images/I/51Pmn5gjyzL._SL500_.jpg" alt="Product Image"></a><p>Mr. Pen- Sketch Pencils for Drawing, 14 Pack, Drawing Pencils, Art Pencils, Graphite Pencils, Graphite Pencils for Drawing, Art Pencils for Drawing and Shading</p><p>$5.95</p><a href="https://www.amazon.com/dp/B08FHMRW4L?tag=eloabder-20&linkCode=osi&th=1&psc=1">View Product</a></div><div class="product"><a href="https://www.amazon.com/dp/B0BNQ58DC4?tag=eloabder-20&linkCode=osi&th=1&psc=1"><img src="https://m.media-amazon.com/images/I/51e-gQtCcCL._SL500_.jpg" alt="Product Image"></a><p>MARTCOLOR Drawing Sketching Pencils Set, 12 Pack Graphite Pencils(14B - 2H), Ideal for Drawing Art, Sketching, Shading, Artist Pencils for Beginners & Pro Artists</p><p>$5.99</p><a href="https://www.amazon.com/dp/B0BNQ58DC4?tag=eloabder-20&linkCode=osi&th=1&psc=1">View Product</a></div>

<div class="product"><a href="https://www.amazon.com/dp/B0851M3749?tag=eloabder-20&linkCode=osi&th=1&psc=1"><img src="https://m.media-amazon.com/images/I/41KKSGSDl5L._SL500_.jpg" alt="Product Image"></a><p>N NOROCME 12 PCS Blending Stumps and Tortillions Paper Art Blenders with Sandpaper Pencil Sharpener Pointer for Student Artist Charcoal Sketch Drawing Tools</p><p>$4.99</p><a href="https://www.amazon.com/dp/B0851M3749?tag=eloabder-20&linkCode=osi&th=1&psc=1">View Product</a></div><div class="product"><a href="https://www.amazon.com/dp/B09J3HKN8F?tag=eloabder-20&linkCode=osi&th=1&psc=1"><img src="https://m.media-amazon.com/images/I/51Qvx81eQLL._SL500_.jpg" alt="Product Image"></a><p>Eraser Pencils Set for Artists, Wooden Sketch Eraser Pen for Charcoal Drawings, Professional Highlight Painting Eraser for Sketching, Revise Erasing Details for Students Limner</p><p>$6.99</p><a href="https://www.amazon.com/dp/B09J3HKN8F?tag=eloabder-20&linkCode=osi&th=1&psc=1">View Product</a></div>
<div class="product"><a href="https://www.amazon.com/dp/B09WCQ89T8?tag=eloabder-20&linkCode=osi&th=1&psc=1"><img src="https://m.media-amazon.com/images/I/41gZz0qgBFL._SL500_.jpg" alt="Product Image"></a><p>Bernat BABY BLANKET BB Blue Dreams Yarn - 1 Pack of 10.5oz/300g - Polyester - #6 Super Bulky - 220 Yards - Knitting/Crochet</p><p>$6.97</p><a href="https://www.amazon.com/dp/B09WCQ89T8?tag=eloabder-20&linkCode=osi&th=1&psc=1">View Product</a></div><div class="product"><a href="https://www.amazon.com/dp/B07V5JVNFD?tag=eloabder-20&linkCode=osi&th=1&psc=1"><img src="https://m.media-amazon.com/images/I/41IS+HdtiOL._SL500_.jpg" alt="Product Image"></a><p>Lion Brand Yarn Basic Stitch Anti-Pilling Knitting Yarn, Yarn for Crocheting, 1-Pack, Baby Blue</p><p>$8.40 ($0.02 / Foot)</p><a href="https://www.amazon.com/dp/B07V5JVNFD?tag=eloabder-20&linkCode=osi&th=1&psc=1">View Product</a></div><div class="product"><a href="https://www.amazon.com/dp/B01M0AJID2?tag=eloabder-20&linkCode=osi&th=1&psc=1"><img src="https://m.media-amazon.com/images/I/41yVau0AUpL._SL500_.jpg" alt="Product Image"></a><p>Lion Brand Yarn (1 Skein) Lion Brand Yarn Babysoft Baby Yarn Yarn, Little Boy Blue Multicolor</p><p>$7.19 ($0.01 / Foot)</p><a href="https://www.amazon.com/dp/B01M0AJID2?tag=eloabder-20&linkCode=osi&th=1&psc=1">View Product</a></div><div class="product"><a href="https://www.amazon.com/dp/B09W1KHF42?tag=eloabder-20&linkCode=osi&th=1&psc=1"><img src="https://m.media-amazon.com/images/I/41maDlrio5L._SL500_.jpg" alt="Product Image"></a><p>Red Heart Super Saver Light Blue Yarn - 3 Pack of 198g/7oz - Acrylic - 4 Medium (Worsted) - 364 Yards - Knitting/Crochet</p><p>$13.29 ($4.43 / Count)</p><a href="https://www.amazon.com/dp/B09W1KHF42?tag=eloabder-20&linkCode=osi&th=1&psc=1">View Product</a></div><div class="product"><a href="https://www.amazon.com/dp/B08LKVZ3CX?tag=eloabder-20&linkCode=osi&th=1&psc=1"><img src="https://m.media-amazon.com/images/I/41GLizNx8UL._SL500_.jpg" alt="Product Image"></a><p>Bernat Baby Blanket Baby Blue Yarn - 3 Pack of 100g/3.5oz - Polyester - 6 Super Bulky - 72 Yards - Knitting/Crochet</p><p>$21.81</p><a href="https://www.amazon.com/dp/B08LKVZ3CX?tag=eloabder-20&linkCode=osi&th=1&psc=1">View Product</a></div><div class="product"><a href="https://www.amazon.com/dp/B0CHJ95WHJ?tag=eloabder-20&linkCode=osi&th=1&psc=1"><img src="https://m.media-amazon.com/images/I/314E1EQdihL._SL500_.jpg" alt="Product Image"></a><p>NORCIA Soft Velvet Yarn Chenille Yarn for Crocheting Baby Blanket Yarn for Knitting Amigurumi Yarn Fancy Yarn for Crochet Weaving Craft (Baby Blue, 1 Skein)</p><p>$9.99</p><a href="https://www.amazon.com/dp/B0CHJ95WHJ?tag=eloabder-20&linkCode=osi&th=1&psc=1">View Product</a></div>
<div class="product"><a href="https://www.amazon.com/dp/B0779F2TXJ?tag=eloabder-20&linkCode=osi&th=1&psc=1"><img src="https://m.media-amazon.com/images/I/31kqZr8DJzL._SL500_.jpg" alt="Product Image"></a><p>OPENDGO Feather Ballpoint Pen ，Black Ink Vintage Feather Quill Refined Plated Rod Quill Ballpoint Pen For School Writing ▏Wedding Gift Signature Pen (Black)</p><p>$6.97</p><a href="https://www.amazon.com/dp/B0779F2TXJ?tag=eloabder-20&linkCode=osi&th=1&psc=1">View Product</a></div><div class="product"><a href="https://www.amazon.com/dp/B0CQF3BJ3S?tag=eloabder-20&linkCode=osi&th=1&psc=1"><img src="https://m.media-amazon.com/images/I/41gs6AOiP6L._SL500_.jpg" alt="Product Image"></a><p>3 in 1 Retractable Ballpoint Pen with Light and Stylus, Nice Pens for Journaling Writing in The Dark - White/Red Light Tip- 0.7mm Black Ink</p><p>$12.99</p><a href="https://www.amazon.com/dp/B0CQF3BJ3S?tag=eloabder-20&linkCode=osi&th=1&psc=1">View Product</a></div><div class="product"><a href="https://www.amazon.com/dp/B08BBZ3B8G?tag=eloabder-20&linkCode=osi&th=1&psc=1"><img src="https://m.media-amazon.com/images/I/41cMHyw60wL._SL500_.jpg" alt="Product Image"></a><p>Mr. Pen- Pens, Black Pens, 12 Pack, Fast Dry, No Smear Pens, Bible Pens, Pens for Journaling, Pens No Bleed Through, Pens Fine Point, Journal Pens, Fine Tip, Planner Pens, Ball Point Journal Pens</p><p>$9.99</p><a href="https://www.amazon.com/dp/B08BBZ3B8G?tag=eloabder-20&linkCode=osi&th=1&psc=1">View Product</a></div><div class="product"><a href="https://www.amazon.com/dp/B0D4YWWGX6?tag=eloabder-20&linkCode=osi&th=1&psc=1"><img src="https://m.media-amazon.com/images/I/31xHBCCzJqL._SL500_.jpg" alt="Product Image"></a><p>PATIKIL 21cm/8" Feather Ballpoint Pen, 1Pcs Ink Vintage Quill Pen Refined Plated Dip Pen for Calligraphy Writing Signature Wedding Gift, Yellow</p><p>$7.49</p><a href="https://www.amazon.com/dp/B0D4YWWGX6?tag=eloabder-20&linkCode=osi&th=1&psc=1">View Product</a></div>

<div class="product"><a href="https://www.amazon.com/dp/B001TLDEVQ?tag=eloabder-20&linkCode=osi&th=1&psc=1"><img src="https://m.media-amazon.com/images/I/41jYF39F6lL._SL500_.jpg" alt="Product Image"></a><p>Beadalon SuppleMax Illusion Beading Cord, 0.40 mm / 0.016 in, Clear Monofilament, 50 m / 164 ft</p><p>$4.74</p><a href="https://www.amazon.com/dp/B001TLDEVQ?tag=eloabder-20&linkCode=osi&th=1&psc=1">View Product</a></div><div class="product"><a href="https://www.amazon.com/dp/B0D2HVFZ7Q?tag=eloabder-20&linkCode=osi&th=1&psc=1"><img src="https://m.media-amazon.com/images/I/41R66LMYz7L._SL500_.jpg" alt="Product Image"></a><p>Zxiixz 116Yards 0.5mm Bracelet String, Waxed String Cord for Bracelet Making, Beading Thread for Bracelet Beads, Friendship Bracelet String for Bracelet Making, Waxed Polyester Cord for Jewelry Making</p><p>$6.99</p><a href="https://www.amazon.com/dp/B0D2HVFZ7Q?tag=eloabder-20&linkCode=osi&th=1&psc=1">View Product</a></div><div class="product"><a href="https://www.amazon.com/dp/B07BNF8KH5?tag=eloabder-20&linkCode=osi&th=1&psc=1"><img src="https://m.media-amazon.com/images/I/51jVByheyVL._SL500_.jpg" alt="Product Image"></a><p>PH PandaHall 100 Yards 1mm Waxed Cotton Cord Thread Beading String for Bracelet Necklace Making Crafting Beading Macrame Vase Decor, Burlywood</p><p>$7.19 ($0.02 / Foot)</p><a href="https://www.amazon.com/dp/B07BNF8KH5?tag=eloabder-20&linkCode=osi&th=1&psc=1">View Product</a></div><div class="product"><a href="https://www.amazon.com/dp/B07HBPGXJG?tag=eloabder-20&linkCode=osi&th=1&psc=1"><img src="https://m.media-amazon.com/images/I/41xi8gO6kDL._SL500_.jpg" alt="Product Image"></a><p>Paxcoo 0.8mm Elastic String, Stretchy Bracelet String Crystal String Bead Cord for Bracelet, Beading and Jewelry Making (120m)</p><p>$6.99 ($0.02 / Foot)</p><a href="https://www.amazon.com/dp/B07HBPGXJG?tag=eloabder-20&linkCode=osi&th=1&psc=1">View Product</a></div><div class="product"><a href="https://www.amazon.com/dp/B0CNPST7D9?tag=eloabder-20&linkCode=osi&th=1&psc=1"><img src="https://m.media-amazon.com/images/I/41A9VISFC4L._SL500_.jpg" alt="Product Image"></a><p>Kblick Black Nylon String Cord - 1MM 100 Yards Black Twine, Bracelet String for Bracelet Making, Braided Ornament Lanyard Sting, Jewelry Thread Clay Bead String for Crafts, Macrame Satin Cord</p><p>$5.99 ($0.02 / Foot)</p><a href="https://www.amazon.com/dp/B0CNPST7D9?tag=eloabder-20&linkCode=osi&th=1&psc=1">View Product</a></div><div class="product"><a href="https://www.amazon.com/dp/B08GC3JF9X?tag=eloabder-20&linkCode=osi&th=1&psc=1"><img src="https://m.media-amazon.com/images/I/41FQZYhvQpL._SL500_.jpg" alt="Product Image"></a><p>Cheriswelry 100M 0.8mm Nylon Beading Cord Black Chinese Knotting Rattail Macrame Thread String Roll for Jewelry Making Kumihimo Wrapping Supplies DIY Crafts</p><p>$6.99 ($0.02 / Fl Oz)</p><a href="https://www.amazon.com/dp/B08GC3JF9X?tag=eloabder-20&linkCode=osi&th=1&psc=1">View Product</a></div><div class="product"><a href="https://www.amazon.com/dp/B0B3V9RWQC?tag=eloabder-20&linkCode=osi&th=1&psc=1"><img src="https://m.media-amazon.com/images/I/41F-OP+yCxL._SL500_.jpg" alt="Product Image"></a><p>Griffin Silk Bead Cord Perlseide – Black Color – Size 3 (0.50mm) – 2 Meters per Card – Stainless Steel Needle Attached – for Knotting Pearls, Gemstones, Crystals and Beads</p><p>$4.99 ($0.76 / Foot)</p><a href="https://www.amazon.com/dp/B0B3V9RWQC?tag=eloabder-20&linkCode=osi&th=1&psc=1">View Product</a></div><div class="product"><a href="https://www.amazon.com/dp/B08F49YVQP?tag=eloabder-20&linkCode=osi&th=1&psc=1"><img src="https://m.media-amazon.com/images/I/41yCMIpj0rS._SL500_.jpg" alt="Product Image"></a><p>1mm Stretchy Bracelet String, Sturdy Rainbow Elastic String Elastic Cord for Jewelry Making, Necklaces, Beading and Crafts</p><p>$6.99 ($0.04 / Foot)</p><a href="https://www.amazon.com/dp/B08F49YVQP?tag=eloabder-20&linkCode=osi&th=1&psc=1">View Product</a></div>

<div class="product"><a href="https://www.amazon.com/dp/B001GMUBJ6?tag=eloabder-20&linkCode=osi&th=1&psc=1"><img src="https://m.media-amazon.com/images/I/41V5qzn3H5L._SL500_.jpg" alt="Product Image"></a><p>The Beadsmith Fireline by Berkley – Micro-Fused Braided Thread – 6lb. Test, 006”/.15mm Diameter, 50 Yard Spool, Crystal Color – Super Strong Stringing Material for Jewelry Making and Bead Weaving</p><p>$12.59</p><a href="https://www.amazon.com/dp/B001GMUBJ6?tag=eloabder-20&linkCode=osi&th=1&psc=1">View Product</a></div><div class="product"><a href="https://www.amazon.com/dp/B001UAKK0Y?tag=eloabder-20&linkCode=osi&th=1&psc=1"><img src="https://m.media-amazon.com/images/I/41rY1D0wfuL._SL500_.jpg" alt="Product Image"></a><p>Beadalon Wildfire, 0.006 in, 0.15 mm, Break Strength 10 lb / 4.5 kg, Frost, 50 yd / 45 m</p><p>$8.85 ($0.06 / Foot)</p><a href="https://www.amazon.com/dp/B001UAKK0Y?tag=eloabder-20&linkCode=osi&th=1&psc=1">View Product</a></div><div class="product"><a href="https://www.amazon.com/dp/B095WY58F4?tag=eloabder-20&linkCode=osi&th=1&psc=1"><img src="https://m.media-amazon.com/images/I/41mXRfJqcjL._SL500_.jpg" alt="Product Image"></a><p>PH PandaHall 0.1mm Nylon Seed Bead Thread 100 Yards Black White Bracelet Cord Beading Thread Invisible Sewing Thread Nylon Braided Thread String for Leather Stitching Beading Jewelry Bracelets Making</p><p>$9.99 ($0.03 / Foot)</p><a href="https://www.amazon.com/dp/B095WY58F4?tag=eloabder-20&linkCode=osi&th=1&psc=1">View Product</a></div><div class="product"><a href="https://www.amazon.com/dp/B08RN2R2SZ?tag=eloabder-20&linkCode=osi&th=1&psc=1"><img src="https://m.media-amazon.com/images/I/41Tg2MMC++L._SL500_.jpg" alt="Product Image"></a><p>KO Nylon Beading Thread, White Color, Japanese Pre-Waxed 100% Nylon, 330TEX, Tangle Resistant Knotting Cords, 50m /55 yds Spool, Use for Seed Bead Projects, Loom Work & Bead Weaving</p><p>$7.06 ($0.04 / Foot)</p><a href="https://www.amazon.com/dp/B08RN2R2SZ?tag=eloabder-20&linkCode=osi&th=1&psc=1">View Product</a></div><div class="product"><a href="https://www.amazon.com/dp/B09J89ST79?tag=eloabder-20&linkCode=osi&th=1&psc=1"><img src="https://m.media-amazon.com/images/I/41hLuuOZeXL._SL500_.jpg" alt="Product Image"></a><p>2 Roll Polyester Thread, Heavy Duty Thread, 1500Yard/Reel 210D/3 nylon thread for sewing, Sewing Thread for Upholstery, Outdoor Market, Drapery, Leather, Beading, Crafts</p><p>$7.99 ($0.00 / Foot)</p><a href="https://www.amazon.com/dp/B09J89ST79?tag=eloabder-20&linkCode=osi&th=1&psc=1">View Product</a></div><div class="product"><a href="https://www.amazon.com/dp/B0C6MSY7QQ?tag=eloabder-20&linkCode=osi&th=1&psc=1"><img src="https://m.media-amazon.com/images/I/31Bn-MyA62L._SL500_.jpg" alt="Product Image"></a><p>PH PandaHall 0.1mm Nylon String 100 Yards Beading Thread White Nylon Seed Bead Thread Bracelet Beading Thread Sewing String for Leather Stitching Beading Jewelry Bracelets Making</p><p>$7.99 ($0.03 / Foot)</p><a href="https://www.amazon.com/dp/B0C6MSY7QQ?tag=eloabder-20&linkCode=osi&th=1&psc=1">View Product</a></div>

<div class="product"><a href="https://www.amazon.com/dp/B07NMNDT1W?tag=eloabder-20&linkCode=osi&th=1&psc=1"><img src="https://m.media-amazon.com/images/I/41-zwQIcVcL._SL500_.jpg" alt="Product Image"></a><p>Howemon White Beeswax Pellets 2LB 100% Pure and Natural Triple Filtered for Skin, Face, Body and Hair Care DIY Creams, Lotions, Lip Balm and Soap Making Supplies</p><p>$13.99 ($0.44 / Fl Oz)</p><a href="https://www.amazon.com/dp/B07NMNDT1W?tag=eloabder-20&linkCode=osi&th=1&psc=1">View Product</a></div><div class="product"><a href="https://www.amazon.com/dp/B00B3U0FW4?tag=eloabder-20&linkCode=osi&th=1&psc=1"><img src="https://m.media-amazon.com/images/I/51rWFCST+TL._SL500_.jpg" alt="Product Image"></a><p>Beesworks Yellow Beeswax Pellets (1 lb) | 100% Pure, Cosmetic Grade, Triple-Filtered Beeswax for DIY Skin care, Lip Balm, Lotion, and Candle Making</p><p>$13.99 ($0.87 / Ounce)</p><a href="https://www.amazon.com/dp/B00B3U0FW4?tag=eloabder-20&linkCode=osi&th=1&psc=1">View Product</a></div><div class="product"><a href="https://www.amazon.com/dp/B01LWX2IO1?tag=eloabder-20&linkCode=osi&th=1&psc=1"><img src="https://m.media-amazon.com/images/I/41MlNqhDyCL._SL500_.jpg" alt="Product Image"></a><p>Beesworks Yellow Beeswax Bars (6 oz) | 100% Pure, Cosmetic Grade, Triple-Filtered Beeswax for DIY Skin Care, Lip Balm, Lotion and Candle Making (1 oz Bars - Pack of 6)</p><p>$6.99</p><a href="https://www.amazon.com/dp/B01LWX2IO1?tag=eloabder-20&linkCode=osi&th=1&psc=1">View Product</a></div><div class="product"><a href="https://www.amazon.com/dp/B0BV77F19N?tag=eloabder-20&linkCode=osi&th=1&psc=1"><img src="https://m.media-amazon.com/images/I/41xzHaO1-EL._SL500_.jpg" alt="Product Image"></a><p>Beeswax Pellets 10LB Cosmetic Beeswax Triple Filtered Beeswax Pastilles for Candle Making Great for DIY Projects Creams Lotions Lip Balm and Soap Making Supplies(10LB)</p><p>$32.99</p><a href="https://www.amazon.com/dp/B0BV77F19N?tag=eloabder-20&linkCode=osi&th=1&psc=1">View Product</a></div><div class="product"><a href="https://www.amazon.com/dp/B0C9QSG3CY?tag=eloabder-20&linkCode=osi&th=1&psc=1"><img src="https://m.media-amazon.com/images/I/414XQcU6SRL._SL500_.jpg" alt="Product Image"></a><p>YASNAY White Beeswax Pellets 2LB, 100% Organic Beeswax, Beeswax for Candle Making, Body, Skin Care DIY, Lip Balm and Soap Making Supplies</p><p>$11.99</p><a href="https://www.amazon.com/dp/B0C9QSG3CY?tag=eloabder-20&linkCode=osi&th=1&psc=1">View Product</a></div><div class="product"><a href="https://www.amazon.com/dp/B097HTC4WN?tag=eloabder-20&linkCode=osi&th=1&psc=1"><img src="https://m.media-amazon.com/images/I/51pwMM7C6-L._SL500_.jpg" alt="Product Image"></a><p>Eco Lux 8 Yellow Beeswax Blocks 100% Pure Natural Organic Bees Wax 6.5oz</p><p>$8.49 ($1.35 / Ounce)</p><a href="https://www.amazon.com/dp/B097HTC4WN?tag=eloabder-20&linkCode=osi&th=1&psc=1">View Product</a></div><div class="product"><a href="https://www.amazon.com/dp/B00HDHQQCE?tag=eloabder-20&linkCode=osi&th=1&psc=1"><img src="https://m.media-amazon.com/images/I/41vF-7MwNhL._SL500_.jpg" alt="Product Image"></a><p>Murray's 100% Pure Beeswax 4 oz</p><p>$5.98 ($1.50 / Ounce)</p><a href="https://www.amazon.com/dp/B00HDHQQCE?tag=eloabder-20&linkCode=osi&th=1&psc=1">View Product</a></div><div class="product"><a href="https://www.amazon.com/dp/B09YM8JTLM?tag=eloabder-20&linkCode=osi&th=1&psc=1"><img src="https://m.media-amazon.com/images/I/41cjNuBnFEL._SL500_.jpg" alt="Product Image"></a><p>TRINIDa Beeswax Pellets 2LB(32 oz), 100% Organic Yellow Bees Wax for DIY Candles, Beeswax for Candle Making, Skin, Body, Face, and Hair Care, Lotions, DIY Creams, Lip Balm and Soap Making Supplies</p><p>$11.99</p><a href="https://www.amazon.com/dp/B09YM8JTLM?tag=eloabder-20&linkCode=osi&th=1&psc=1">View Product</a></div><div class="product"><a href="https://www.amazon.com/dp/B00F3CNMV4?tag=eloabder-20&linkCode=osi&th=1&psc=1"><img src="https://m.media-amazon.com/images/I/31pjrRAEa4L._SL500_.jpg" alt="Product Image"></a><p>Stakich Yellow Beeswax Block - Natural, Triple Filtered - 1 Pound, Honey Scent</p><p>$13.95 ($0.87 / Ounce)</p><a href="https://www.amazon.com/dp/B00F3CNMV4?tag=eloabder-20&linkCode=osi&th=1&psc=1">View Product</a></div><div class="product"><a href="https://www.amazon.com/dp/B0BXFZBZS9?tag=eloabder-20&linkCode=osi&th=1&psc=1"><img src="https://m.media-amazon.com/images/I/4178i9IB9KL._SL500_.jpg" alt="Product Image"></a><p>5LB Beeswax Pellets Beeswax for Candle Making Organic Beeswax Pellets for Skin Beeswax Beads Beeswax Bulk Beeswax for Lotion Making Organic for DIY and Craft Project</p><p>$22.99</p><a href="https://www.amazon.com/dp/B0BXFZBZS9?tag=eloabder-20&linkCode=osi&th=1&psc=1">View Product</a></div>
<div class="product"><a href="https://www.amazon.com/dp/B0052F1BVK?tag=eloabder-20&linkCode=osi&th=1&psc=1"><img src="https://m.media-amazon.com/images/I/41zE9eiGoLL._SL500_.jpg" alt="Product Image"></a><p>ACC Staples Large Binder Clips, 2" Width, 1" Capacity, Black, 12/Pk</p><p>$6.30</p><a href="https://www.amazon.com/dp/B0052F1BVK?tag=eloabder-20&linkCode=osi&th=1&psc=1">View Product</a></div><div class="product"><a href="https://www.amazon.com/dp/B07MLFR771?tag=eloabder-20&linkCode=osi&th=1&psc=1"><img src="https://m.media-amazon.com/images/I/51N2wxA7N0L._SL500_.jpg" alt="Product Image"></a><p>CooBigo 50 Pack Binder Ring, Metal Book Ring Paper Ring Holder 5/8-Inch Loose Leaf Binder Ring Clip for Index Card, Flash Card Ring, Card Calendar, Keychain Key Ring - Bronze</p><p>$6.99</p><a href="https://www.amazon.com/dp/B07MLFR771?tag=eloabder-20&linkCode=osi&th=1&psc=1">View Product</a></div><div class="product"><a href="https://www.amazon.com/dp/B01563NHGY?tag=eloabder-20&linkCode=osi&th=1&psc=1"><img src="https://m.media-amazon.com/images/I/41gj+0ZftqL._SL500_.jpg" alt="Product Image"></a><p>vanki Pack of 40 Cute Lovely Smiling Face Spring-Loaded File Organizer Paper Holder Metal Binder Clips, Assorted Color</p><p>$8.99</p><a href="https://www.amazon.com/dp/B01563NHGY?tag=eloabder-20&linkCode=osi&th=1&psc=1">View Product</a></div><div class="product"><a href="https://www.amazon.com/dp/B000GOUDSO?tag=eloabder-20&linkCode=osi&th=1&psc=1"><img src="https://m.media-amazon.com/images/I/41ZANISHgML._SL500_.jpg" alt="Product Image"></a><p>Small Binder Clips .75" 8/Pkg-Assorted Colors</p><p>$4.46</p><a href="https://www.amazon.com/dp/B000GOUDSO?tag=eloabder-20&linkCode=osi&th=1&psc=1">View Product</a></div>
<div class="product"><a href="https://www.amazon.com/dp/B07PRPX4VR?tag=eloabder-20&linkCode=osi&th=1&psc=1"><img src="https://m.media-amazon.com/images/I/41IMH12fdPL._SL500_.jpg" alt="Product Image"></a><p>Durable Sheet Lifters, Durable Easy Flow, 11" x 3", Lifts Sheets Over Rings and Protects Sheets from Tearing, Fit Standard 3-Ring Binders, Black (20 Pack)</p><p>$14.99</p><a href="https://www.amazon.com/dp/B07PRPX4VR?tag=eloabder-20&linkCode=osi&th=1&psc=1">View Product</a></div><div class="product"><a href="https://www.amazon.com/dp/B0CM8QJHFW?tag=eloabder-20&linkCode=osi&th=1&psc=1"><img src="https://m.media-amazon.com/images/I/31cJGS74oCL._SL500_.jpg" alt="Product Image"></a><p>Wantane D-Shaped Tape Storage Ring Tape Storage Ring 4" D-Shaped Washi Tape Storage Ring for DIY Decoration and Storage（Nickel）-2PCS</p><p>$7.99</p><a href="https://www.amazon.com/dp/B0CM8QJHFW?tag=eloabder-20&linkCode=osi&th=1&psc=1">View Product</a></div>
<div class="product"><a href="https://www.amazon.com/dp/B00006IAS3?tag=eloabder-20&linkCode=osi&th=1&psc=1"><img src="https://m.media-amazon.com/images/I/317DvSXhT1L._SL500_.jpg" alt="Product Image"></a><p>GBC Binding System, Manual, Desktop Binding Punch, 6 Sheet Punch Capacity, ProClick P50 (2515650)</p><p>$123.89</p><a href="https://www.amazon.com/dp/B00006IAS3?tag=eloabder-20&linkCode=osi&th=1&psc=1">View Product</a></div><div class="product"><a href="https://www.amazon.com/dp/B004BP81KQ?tag=eloabder-20&linkCode=osi&th=1&psc=1"><img src="https://m.media-amazon.com/images/I/51SqfeZ12KL._SL500_.jpg" alt="Product Image"></a><p>We R Memory Keepers Cinch Book Binding Wire (1-Inch, Silver (2 Pack))</p><p>$5.99</p><a href="https://www.amazon.com/dp/B004BP81KQ?tag=eloabder-20&linkCode=osi&th=1&psc=1">View Product</a></div>

<div class="product"><a href="https://www.amazon.com/dp/B0007ZJ8TM?tag=eloabder-20&linkCode=osi&th=1&psc=1"><img src="https://m.media-amazon.com/images/I/41i49sz3UAL._SL500_.jpg" alt="Product Image"></a><p>Speedball Super Black India Ink, 2-Ounce</p><p>$9.99 ($9.99 / Count)</p><a href="https://www.amazon.com/dp/B0007ZJ8TM?tag=eloabder-20&linkCode=osi&th=1&psc=1">View Product</a></div><div class="product"><a href="https://www.amazon.com/dp/B0026I10AI?tag=eloabder-20&linkCode=osi&th=1&psc=1"><img src="https://m.media-amazon.com/images/I/31vklP4uBsL._SL500_.jpg" alt="Product Image"></a><p>Dr. Ph. Martin's Bombay India (7BY) Ink Bottle, 1.0 oz, Black</p><p>$6.99</p><a href="https://www.amazon.com/dp/B0026I10AI?tag=eloabder-20&linkCode=osi&th=1&psc=1">View Product</a></div><div class="product"><a href="https://www.amazon.com/dp/B000KNP96C?tag=eloabder-20&linkCode=osi&th=1&psc=1"><img src="https://m.media-amazon.com/images/I/51e9srYtG0L._SL500_.jpg" alt="Product Image"></a><p>Winsor & Newton Drawing Ink, 14ml Bottle, Black Indian</p><p>$10.99</p><a href="https://www.amazon.com/dp/B000KNP96C?tag=eloabder-20&linkCode=osi&th=1&psc=1">View Product</a></div><div class="product"><a href="https://www.amazon.com/dp/B07BQG5QF4?tag=eloabder-20&linkCode=osi&th=1&psc=1"><img src="https://m.media-amazon.com/images/I/41nEMDYZaiL._SL500_.jpg" alt="Product Image"></a><p>Speedball Super Black India Ink, 16-Ounce</p><p>$19.99</p><a href="https://www.amazon.com/dp/B07BQG5QF4?tag=eloabder-20&linkCode=osi&th=1&psc=1">View Product</a></div><div class="product"><a href="https://www.amazon.com/dp/B001038NLY?tag=eloabder-20&linkCode=osi&th=1&psc=1"><img src="https://m.media-amazon.com/images/I/418i4sxJJ0L._SL500_.jpg" alt="Product Image"></a><p>Speedball Fabric Screen Printing Ink, 8-Ounce, Black for T-Shirt and Silkscreen Printmaking</p><p>$12.99 ($1.62 / Fl Oz)</p><a href="https://www.amazon.com/dp/B001038NLY?tag=eloabder-20&linkCode=osi&th=1&psc=1">View Product</a></div><div class="product"><a href="https://www.amazon.com/dp/B00161OPSA?tag=eloabder-20&linkCode=osi&th=1&psc=1"><img src="https://m.media-amazon.com/images/I/41C32y3CJAL._SL500_.jpg" alt="Product Image"></a><p>Tsukineko VersaFine inkpad, Full-Size, Onyx Black</p><p>$4.99 ($4.99 / Count)</p><a href="https://www.amazon.com/dp/B00161OPSA?tag=eloabder-20&linkCode=osi&th=1&psc=1">View Product</a></div>
<div class="product"><a href="https://www.amazon.com/dp/B07Q4TJCDJ?tag=eloabder-20&linkCode=osi&th=1&psc=1"><img src="https://m.media-amazon.com/images/I/315HYvYg-BL._SL500_.jpg" alt="Product Image"></a><p>Primbeeks 300pcs Blank Business Cards, Premium Blank White Cards, 3.5" x 2.2" Small Blank Cards, Blank Cardstock Cards, Small Note Cards, white blank cards, white business cards, kraft paper cards</p><p>$7.99</p><a href="https://www.amazon.com/dp/B07Q4TJCDJ?tag=eloabder-20&linkCode=osi&th=1&psc=1">View Product</a></div><div class="product"><a href="https://www.amazon.com/dp/B0CRGHFLT8?tag=eloabder-20&linkCode=osi&th=1&psc=1"><img src="https://m.media-amazon.com/images/I/41S1NLpb8hL._SL500_.jpg" alt="Product Image"></a><p>Watercolor Cards and Envelopes Set - 50 Folded 5x7 Inch Blank Heavyweight Paper Cards (140lb/300gsm) with Matching Envelopes for DIY Greeting Cards, Festivals, and Events</p><p>$17.99 ($0.36 / Count)</p><a href="https://www.amazon.com/dp/B0CRGHFLT8?tag=eloabder-20&linkCode=osi&th=1&psc=1">View Product</a></div><div class="product"><a href="https://www.amazon.com/dp/B08MX4TZ3H?tag=eloabder-20&linkCode=osi&th=1&psc=1"><img src="https://m.media-amazon.com/images/I/41D2u4vdLQL._SL500_.jpg" alt="Product Image"></a><p>50 Pack Blank Kraft Cards Cardstock Thick Paper Brown Greeting Cards for DIY Gift Card Menus, Baby Shower and Wedding Invitations (Multicolored, 5x7IN)</p><p>$8.99</p><a href="https://www.amazon.com/dp/B08MX4TZ3H?tag=eloabder-20&linkCode=osi&th=1&psc=1">View Product</a></div><div class="product"><a href="https://www.amazon.com/dp/B08BDGGVMK?tag=eloabder-20&linkCode=osi&th=1&psc=1"><img src="https://m.media-amazon.com/images/I/41W-dTUoBqL._SL500_.jpg" alt="Product Image"></a><p>100pcs 3.54"x2" Blank Kraft Paper Business Card, Words Message Notes paper Tags, Mini Craft Cardboard Festival gifts - 6 colors</p><p>$5.98</p><a href="https://www.amazon.com/dp/B08BDGGVMK?tag=eloabder-20&linkCode=osi&th=1&psc=1">View Product</a></div><div class="product"><a href="https://www.amazon.com/dp/B08BFDJJ78?tag=eloabder-20&linkCode=osi&th=1&psc=1"><img src="https://m.media-amazon.com/images/I/61LZ1Csb+dL._SL500_.jpg" alt="Product Image"></a><p>Nettbe 100pcs 3.54"x2" Blank Kraft Paper Business Card, Words Message Notes paper Tags, Mini Craft Cardboard Festival gifts</p><p>$5.99</p><a href="https://www.amazon.com/dp/B08BFDJJ78?tag=eloabder-20&linkCode=osi&th=1&psc=1">View Product</a></div><div class="product"><a href="https://www.amazon.com/dp/B07Q8YBJM3?tag=eloabder-20&linkCode=osi&th=1&psc=1"><img src="https://m.media-amazon.com/images/I/31w6U4cCqEL._SL500_.jpg" alt="Product Image"></a><p>Primbeeks 228pcs Blank Business Cards, Premium Blank White Cards, 3.5" x 2.2" Small Blank Cards, Blank Cardstock Cards, Small Note Cards, white blank cards, white business cards, kraft paper cards</p><p>$5.99</p><a href="https://www.amazon.com/dp/B07Q8YBJM3?tag=eloabder-20&linkCode=osi&th=1&psc=1">View Product</a></div><div class="product"><a href="https://www.amazon.com/dp/B08X4Z9TGN?tag=eloabder-20&linkCode=osi&th=1&psc=1"><img src="https://m.media-amazon.com/images/I/41Jqhe35tDL._SL500_.jpg" alt="Product Image"></a><p>321Done Blank Rustic Cards, Made in USA - 4x6 Thick, Heavy Cardstock - Make Invites, Greeting, Note, Thank You Cards - Plain Kraft for Writing, Stamping, Printing, Art - No Envelopes - Set of 50</p><p>$14.99</p><a href="https://www.amazon.com/dp/B08X4Z9TGN?tag=eloabder-20&linkCode=osi&th=1&psc=1">View Product</a></div><div class="product"><a href="https://www.amazon.com/dp/B0D2KDWBNM?tag=eloabder-20&linkCode=osi&th=1&psc=1"><img src="https://m.media-amazon.com/images/I/31dAhnBJ7aL._SL500_.jpg" alt="Product Image"></a><p>4x6 Blank White Cardstock (Set of 100) - Card Stock for Printer Postcards, Photo Paper Invitations, Greeting, Note, Thank You, DIY Making, Index Cards - Plain for Writing, Stamping, Printing, Art</p><p>$8.99</p><a href="https://www.amazon.com/dp/B0D2KDWBNM?tag=eloabder-20&linkCode=osi&th=1&psc=1">View Product</a></div><div class="product"><a href="https://www.amazon.com/dp/B0BB858RYN?tag=eloabder-20&linkCode=osi&th=1&psc=1"><img src="https://m.media-amazon.com/images/I/317zmriPKNL._SL500_.jpg" alt="Product Image"></a><p>WANDERINGS Handmade White Deckle Edge Blank Greeting Cards- Folded to 5x7” - Pack of 25 - Writers, Artists, Crafters - Thank Yous, Invitations, Menus, Greeting Cards, Notes - Thick 150 GSM</p><p>$21.99 ($0.88 / Count)</p><a href="https://www.amazon.com/dp/B0BB858RYN?tag=eloabder-20&linkCode=osi&th=1&psc=1">View Product</a></div><div class="product"><a href="https://www.amazon.com/dp/B0BZPPXRZW?tag=eloabder-20&linkCode=osi&th=1&psc=1"><img src="https://m.media-amazon.com/images/I/21Da-WQhrpL._SL500_.jpg" alt="Product Image"></a><p>100 Pack Thick Paper Cardstock Blank Heavy Cards Stock for Invitations, Greeting Cards Making, Postcards, Photos, 250GSM Thick Paper (White, 2x3.5 inches)</p><p>$5.99</p><a href="https://www.amazon.com/dp/B0BZPPXRZW?tag=eloabder-20&linkCode=osi&th=1&psc=1">View Product</a></div>
<div class="product"><a href="https://www.amazon.com/dp/B0BZRDQKH6?tag=eloabder-20&linkCode=osi&th=1&psc=1"><img src="https://m.media-amazon.com/images/I/41GYYRiusgL._SL500_.jpg" alt="Product Image"></a><p>feela 8 Pack Unlined Kraft Paper Notebooks, Blank Journal Note Pad for Drawing Writing, Small Sketchbook Travel Journal Bulk for Women Kids Students Office School Supplies, A5, 60 Pages, 8.3” X 5.5”</p><p>$9.99</p><a href="https://www.amazon.com/dp/B0BZRDQKH6?tag=eloabder-20&linkCode=osi&th=1&psc=1">View Product</a></div><div class="product"><a href="https://www.amazon.com/dp/B0BXLB74KK?tag=eloabder-20&linkCode=osi&th=1&psc=1"><img src="https://m.media-amazon.com/images/I/313vYzg7HpL._SL500_.jpg" alt="Product Image"></a><p>ZZTX 4 Pack Blank Kraft Notebooks, Blank Paper Sketchbooks for Drawing Doodling Writing,Travel Journal Set, A5, 36 Pages, 8.3” X 5.5”</p><p>$5.99</p><a href="https://www.amazon.com/dp/B0BXLB74KK?tag=eloabder-20&linkCode=osi&th=1&psc=1">View Product</a></div><div class="product"><a href="https://www.amazon.com/dp/B0BW5TNPXJ?tag=eloabder-20&linkCode=osi&th=1&psc=1"><img src="https://m.media-amazon.com/images/I/31Wu8UP78iL._SL500_.jpg" alt="Product Image"></a><p>EOOUT Kraft Notebooks, Blank Page Journals in Bulk, 16pcs A5, 8.3 X 5.5 Inches, 60 Pages, 80gsm, Travel Journal Set, for Art Camp, Travelers, Students and Office Supplies Sketchbooks Bulk for Kids</p><p>$15.99</p><a href="https://www.amazon.com/dp/B0BW5TNPXJ?tag=eloabder-20&linkCode=osi&th=1&psc=1">View Product</a></div><div class="product"><a href="https://www.amazon.com/dp/B08P3F46SD?tag=eloabder-20&linkCode=osi&th=1&psc=1"><img src="https://m.media-amazon.com/images/I/41jeBDcZJ1L._SL500_.jpg" alt="Product Image"></a><p>Krafty Soft Cover Blank Notebook Journal, Spiral Sketchbook Pad, Drawing Book, 60 Sheets/140gsm (A4)/120 Pages</p><p>$7.99</p><a href="https://www.amazon.com/dp/B08P3F46SD?tag=eloabder-20&linkCode=osi&th=1&psc=1">View Product</a></div><div class="product"><a href="https://www.amazon.com/dp/B0CWNPMC4T?tag=eloabder-20&linkCode=osi&th=1&psc=1"><img src="https://m.media-amazon.com/images/I/31BZeVGe6TL._SL500_.jpg" alt="Product Image"></a><p>zmybcpack 5 Pack Blank Journal Notebooks, Blank Paper Sketchbook for Drawing Writing, Travel Journal Notebook Kraft Paper Notebook for Travelers, Students, Office, A5, 8.26” x 5.5”, 60 Pages/30 Sheets</p><p>$8.99</p><a href="https://www.amazon.com/dp/B0CWNPMC4T?tag=eloabder-20&linkCode=osi&th=1&psc=1">View Product</a></div><div class="product"><a href="https://www.amazon.com/dp/B07WHYP9WN?tag=eloabder-20&linkCode=osi&th=1&psc=1"><img src="https://m.media-amazon.com/images/I/41ZhyCux1yL._SL500_.jpg" alt="Product Image"></a><p>Thick Blank Journal Notebook with Unlined / Unruled / Plain Pages | Deluxe 120gsm Ink Resistant Paper for Writing, Sketch Book, 160 Pages | Hardcover Sketchbook with Pen Holder, Pocket, Ribbon (Black)</p><p>$14.99</p><a href="https://www.amazon.com/dp/B07WHYP9WN?tag=eloabder-20&linkCode=osi&th=1&psc=1">View Product</a></div>
<div class="product"><a href="https://www.amazon.com/dp/B07MT7HKZW?tag=eloabder-20&linkCode=osi&th=1&psc=1"><img src="https://m.media-amazon.com/images/I/413JwH5JREL._SL500_.jpg" alt="Product Image"></a><p>Spiral Sketch Book Large Notebook（Built-in Drawing Board） Kraft Cover Blank Sketch Pad Wirebound Sketching for Drawing Painting 8.5x11-Inch (2 Pack) 200 Sheets, 100 Sheets, 200Pages Each</p><p>$17.99 ($9.00 / Count)</p><a href="https://www.amazon.com/dp/B07MT7HKZW?tag=eloabder-20&linkCode=osi&th=1&psc=1">View Product</a></div><div class="product"><a href="https://www.amazon.com/dp/B0BDQ82WB9?tag=eloabder-20&linkCode=osi&th=1&psc=1"><img src="https://m.media-amazon.com/images/I/51FoWr3GPwL._SL500_.jpg" alt="Product Image"></a><p>feela 170 Pack Blank Kraft Notebooks, Unlined Sketchbook Mini Cute Note Pad for Drawing Writing, Journal Bulk For Kids Students Office School Supplies, A6, 48 Pages, 4.25” X 5.5”, Black and Brown</p><p>$51.99</p><a href="https://www.amazon.com/dp/B0BDQ82WB9?tag=eloabder-20&linkCode=osi&th=1&psc=1">View Product</a></div><div class="product"><a href="https://www.amazon.com/dp/B0B3WWHWT2?tag=eloabder-20&linkCode=osi&th=1&psc=1"><img src="https://m.media-amazon.com/images/I/31m0FzXtPxL._SL500_.jpg" alt="Product Image"></a><p>Tamaki 6 Pack Colorful Blank Books for kids to Write, Drawing, Cute Sketchbook for Kid, 6 Colors (4.25 x 5.5 Inches)</p><p>$6.99</p><a href="https://www.amazon.com/dp/B0B3WWHWT2?tag=eloabder-20&linkCode=osi&th=1&psc=1">View Product</a></div>
<div class="product"><a href="https://www.amazon.com/dp/B0BGH2P9M6?tag=eloabder-20&linkCode=osi&th=1&psc=1"><img src="https://m.media-amazon.com/images/I/41ozOaYoHEL._SL500_.jpg" alt="Product Image"></a><p>EOOUT 100pcs A5 Kraft Notebooks, Blank Page Journals in Bulk, Sketchbooks Bulk for Kids, 60 Pages, 80GSM, 8.3 X 5.5 Inch, Travel Journal Set, for Art Camp, Travelers, Students and Office Supplies</p><p>$51.99</p><a href="https://www.amazon.com/dp/B0BGH2P9M6?tag=eloabder-20&linkCode=osi&th=1&psc=1">View Product</a></div><div class="product"><a href="https://www.amazon.com/dp/B07MT99F94?tag=eloabder-20&linkCode=osi&th=1&psc=1"><img src="https://m.media-amazon.com/images/I/41Ug7gpSWDL._SL500_.jpg" alt="Product Image"></a><p>Spiral Sketch Book Large Notebook（Built-in Drawing Board） Kraft Cover Blank Sketch Pad Wirebound Sketching for Drawing Painting 8.5x11-Inch (1 Pack) 200 Pages, 100 Sheets</p><p>$9.99</p><a href="https://www.amazon.com/dp/B07MT99F94?tag=eloabder-20&linkCode=osi&th=1&psc=1">View Product</a></div><div class="product"><a href="https://www.amazon.com/dp/B07CM32KLM?tag=eloabder-20&linkCode=osi&th=1&psc=1"><img src="https://m.media-amazon.com/images/I/41ENhBLE9DL._SL500_.jpg" alt="Product Image"></a><p>Kraft Cover Drawing Notebook & Sketchbook – Set of 2 Blank Plain Sketch Books – 125g Thick Paper A5 Size, 150x210mm Paper Ideal for Drawing & Sketching- 128 sheets/256 pages – 180 Degree Opening, 2pcs</p><p>$20.99 ($0.08 / Count)</p><a href="https://www.amazon.com/dp/B07CM32KLM?tag=eloabder-20&linkCode=osi&th=1&psc=1">View Product</a></div><div class="product"><a href="https://www.amazon.com/dp/B08ZLMLF7C?tag=eloabder-20&linkCode=osi&th=1&psc=1"><img src="https://m.media-amazon.com/images/I/41X-5yj83vL._SL500_.jpg" alt="Product Image"></a><p>BEECHMORE BOOKS Sketch Book, A4 8.5 x 11.5 inch Blank Sketchbook for Drawing, Paint and Draw, 156 Pages Thick Paper 160gsm, Hardcover Leather Art Notebook, Boxed for Gifts (Chestnut Brown)</p><p>$21.20</p><a href="https://www.amazon.com/dp/B08ZLMLF7C?tag=eloabder-20&linkCode=osi&th=1&psc=1">View Product</a></div>
<div class="product"><a href="https://www.amazon.com/dp/B075M9MSFH?tag=eloabder-20&linkCode=osi&th=1&psc=1"><img src="https://m.media-amazon.com/images/I/51x+szTX6TL._SL500_.jpg" alt="Product Image"></a><p>Bianyo Bleedproof Marker Paper Pad, A4(8.27"X11.69"), 50 Sheets, 18 LB / 70 GSM, Glue-Bound, 100% Cotton, White, Ideal for Use with Markers and Ink Mediums</p><p>$9.99</p><a href="https://www.amazon.com/dp/B075M9MSFH?tag=eloabder-20&linkCode=osi&th=1&psc=1">View Product</a></div><div class="product"><a href="https://www.amazon.com/dp/B08FX5S2NL?tag=eloabder-20&linkCode=osi&th=1&psc=1"><img src="https://m.media-amazon.com/images/I/41CA0ZfazKL._SL500_.jpg" alt="Product Image"></a><p>Marker Paper Sketchbook, Bleedproof Art Marker Pad, (8.27 X 11.69) Inch, White, 40 Sheets</p><p>$6.99</p><a href="https://www.amazon.com/dp/B08FX5S2NL?tag=eloabder-20&linkCode=osi&th=1&psc=1">View Product</a></div><div class="product"><a href="https://www.amazon.com/dp/B0CJRBFSJ8?tag=eloabder-20&linkCode=osi&th=1&psc=1"><img src="https://m.media-amazon.com/images/I/51DLA8TpwEL._SL500_.jpg" alt="Product Image"></a><p>Shuttle Art Marker Pad, 8.3”x8.9” Portable Square Sketchbook, 80 Sheets Marker Drawing Paper, 120LB/200GSM Bleedproof Art Paper, Spiral-Bound, Great for Professional Artist to Draw, Paint & Sketch</p><p>$16.99</p><a href="https://www.amazon.com/dp/B0CJRBFSJ8?tag=eloabder-20&linkCode=osi&th=1&psc=1">View Product</a></div><div class="product"><a href="https://www.amazon.com/dp/B09N7VX5Z5?tag=eloabder-20&linkCode=osi&th=1&psc=1"><img src="https://m.media-amazon.com/images/I/51xCPs9HZyL._SL500_.jpg" alt="Product Image"></a><p>Marker Paper Sketchbook - Marker Sketchbook with Bleedproof Smooth Coated Art Paper, 120 GSM 80 LBS - Marker Pad for Alcohol Markers, Sketching, Drawing - 8.11 x 8.5 Inch | 50 Sheets, 2 Pack</p><p>$15.99 ($8.00 / Count)</p><a href="https://www.amazon.com/dp/B09N7VX5Z5?tag=eloabder-20&linkCode=osi&th=1&psc=1">View Product</a></div><div class="product"><a href="https://www.amazon.com/dp/B07CK94W9T?tag=eloabder-20&linkCode=osi&th=1&psc=1"><img src="https://m.media-amazon.com/images/I/41ocoSNDjdL._SL500_.jpg" alt="Product Image"></a><p>BOXUN Premium 50 Sheets Sketch Marker Paper Pad, Bleedproof Artist Drawing Paper, 8.27 x 11.69 Inch</p><p>$8.29 ($0.17 / Count)</p><a href="https://www.amazon.com/dp/B07CK94W9T?tag=eloabder-20&linkCode=osi&th=1&psc=1">View Product</a></div><div class="product"><a href="https://www.amazon.com/dp/B0CPXWD11W?tag=eloabder-20&linkCode=osi&th=1&psc=1"><img src="https://m.media-amazon.com/images/I/51ApKzpDVNL._SL500_.jpg" alt="Product Image"></a><p>FEITAKE Marker Paper Pad Sketchbook Bleedproof for Alcohol Markers 120lb/200gsm Double Sided Thick Art Drawing Papers 60pages (30Sheets) / A4(8.3"x11.7") Gift for Artists Students Kids</p><p>$13.99 ($0.47 / Count)</p><a href="https://www.amazon.com/dp/B0CPXWD11W?tag=eloabder-20&linkCode=osi&th=1&psc=1">View Product</a></div><div class="product"><a href="https://www.amazon.com/dp/B0025TWYW6?tag=eloabder-20&linkCode=osi&th=1&psc=1"><img src="https://m.media-amazon.com/images/I/51t6UkUHCvL._SL500_.jpg" alt="Product Image"></a><p>Bee Paper Bleedproof Marker Pack, 8-1/2-Inch by 11-Inch, 50 Sheets per Pack</p><p>$17.09 ($0.34 / Count)</p><a href="https://www.amazon.com/dp/B0025TWYW6?tag=eloabder-20&linkCode=osi&th=1&psc=1">View Product</a></div><div class="product"><a href="https://www.amazon.com/dp/B0CJRBYYQB?tag=eloabder-20&linkCode=osi&th=1&psc=1"><img src="https://m.media-amazon.com/images/I/41knBnjZ25L._SL500_.jpg" alt="Product Image"></a><p>Shuttle Art Marker Pad, 8.3”x7.67” Portable Square Sketchbook, 50 Sheets Marker Drawing Paper, 60LB/90GSM Smooth Surface Bleedproof Art Paper, Glue-Bound, Great for Beginners to Draw, Paint & Sketch</p><p>$8.99 ($0.18 / Count)</p><a href="https://www.amazon.com/dp/B0CJRBYYQB?tag=eloabder-20&linkCode=osi&th=1&psc=1">View Product</a></div>
<div class="product"><a href="https://www.amazon.com/dp/B00881IU8M?tag=eloabder-20&linkCode=osi&th=1&psc=1"><img src="https://m.media-amazon.com/images/I/41hbSgdLBtL._SL500_.jpg" alt="Product Image"></a><p>Speedball Fabric & Paper Block Printing Ink 6-Color Set, 1.25-Ounce x 6</p><p>$28.99 ($28.99 / Count)</p><a href="https://www.amazon.com/dp/B00881IU8M?tag=eloabder-20&linkCode=osi&th=1&psc=1">View Product</a></div><div class="product"><a href="https://www.amazon.com/dp/B000J09PFM?tag=eloabder-20&linkCode=osi&th=1&psc=1"><img src="https://m.media-amazon.com/images/I/51yPRc4nvoL._SL500_.jpg" alt="Product Image"></a><p>Speedball Water-Soluble Block Printing Ink Starter Set, 6 Bold Colors with Satin Finish, 1.25-Ounce Tubes</p><p>$29.99 ($4.00 / Fl Oz)</p><a href="https://www.amazon.com/dp/B000J09PFM?tag=eloabder-20&linkCode=osi&th=1&psc=1">View Product</a></div><div class="product"><a href="https://www.amazon.com/dp/B000BYT24U?tag=eloabder-20&linkCode=osi&th=1&psc=1"><img src="https://m.media-amazon.com/images/I/51pDlo+LlKL._SL500_.jpg" alt="Product Image"></a><p>Speedball Water-Soluble Block Printing Ink, 8-Ounce Jar, Black</p><p>$14.49</p><a href="https://www.amazon.com/dp/B000BYT24U?tag=eloabder-20&linkCode=osi&th=1&psc=1">View Product</a></div><div class="product"><a href="https://www.amazon.com/dp/B00C1JUJWW?tag=eloabder-20&linkCode=osi&th=1&psc=1"><img src="https://m.media-amazon.com/images/I/41zDtJ6f5hL._SL500_.jpg" alt="Product Image"></a><p>Speedball Fabric Block Printing Ink, 2.5-Ounce, Black</p><p>$9.99 ($4.00 / Fl Oz)</p><a href="https://www.amazon.com/dp/B00C1JUJWW?tag=eloabder-20&linkCode=osi&th=1&psc=1">View Product</a></div><div class="product"><a href="https://www.amazon.com/dp/B004PZ1ZJG?tag=eloabder-20&linkCode=osi&th=1&psc=1"><img src="https://m.media-amazon.com/images/I/41+GkhhpR5L._SL500_.jpg" alt="Product Image"></a><p>Speedball Water-Soluble Block Printing Ink Starter Set, 4-Color Set, 1.25-Ounce Tubes</p><p>$20.99</p><a href="https://www.amazon.com/dp/B004PZ1ZJG?tag=eloabder-20&linkCode=osi&th=1&psc=1">View Product</a></div><div class="product"><a href="https://www.amazon.com/dp/B0017CZF3C?tag=eloabder-20&linkCode=osi&th=1&psc=1"><img src="https://m.media-amazon.com/images/I/41S17SYPAZL._SL500_.jpg" alt="Product Image"></a><p>Speedball Water Soluble Block Printing Ink, Black, 2-1/2 Ounces - 380663</p><p>$9.99</p><a href="https://www.amazon.com/dp/B0017CZF3C?tag=eloabder-20&linkCode=osi&th=1&psc=1">View Product</a></div><div class="product"><a href="https://www.amazon.com/dp/B0BXNX8FSH?tag=eloabder-20&linkCode=osi&th=1&psc=1"><img src="https://m.media-amazon.com/images/I/51JGm1VxVOL._SL500_.jpg" alt="Product Image"></a><p>Falling in Art Water-Soluble Block Printing Ink, 6-Color Printmaking Ink Set for Linoleum Block, 3.5 floz</p><p>$28.99</p><a href="https://www.amazon.com/dp/B0BXNX8FSH?tag=eloabder-20&linkCode=osi&th=1&psc=1">View Product</a></div><div class="product"><a href="https://www.amazon.com/dp/B0027ACJBO?tag=eloabder-20&linkCode=osi&th=1&psc=1"><img src="https://m.media-amazon.com/images/I/41OzayB9ojL._SL500_.jpg" alt="Product Image"></a><p>Speedball 3476 Oil-Based Block Printing Ink Starter Set for Professional, Permanent Prints AP Certified – 1.25 FL OZ Tubes</p><p>$33.99</p><a href="https://www.amazon.com/dp/B0027ACJBO?tag=eloabder-20&linkCode=osi&th=1&psc=1">View Product</a></div>

<div class="product"><a href="https://www.amazon.com/dp/B0D3HPD7WP?tag=eloabder-20&linkCode=osi&th=1&psc=1"><img src="https://m.media-amazon.com/images/I/31KSmmAWUWL._SL500_.jpg" alt="Product Image"></a><p>50 Sheets Grey Cardstock Paper, Colored Printer Paper 8.5 x 11, Thick Construction Paper for Cards Making, Scrapbook，Office Printing, Invitations, Certificates，DIY Crafting 92 lb/250gsm</p><p>$9.99</p><a href="https://www.amazon.com/dp/B0D3HPD7WP?tag=eloabder-20&linkCode=osi&th=1&psc=1">View Product</a></div>
<div class="product"><a href="https://www.amazon.com/dp/B076CP6F36?tag=eloabder-20&linkCode=osi&th=1&psc=1"><img src="https://m.media-amazon.com/images/I/51rfEIvgI+L._SL500_.jpg" alt="Product Image"></a><p>Apple Barrel, Vibrant Spectrum Collection Acrylic Craft Paint, PROMOABIII, 2 fl oz each, 16 assorted matte colors, 16 count</p><p>$15.97 ($0.50 / Fl Oz)</p><a href="https://www.amazon.com/dp/B076CP6F36?tag=eloabder-20&linkCode=osi&th=1&psc=1">View Product</a></div><div class="product"><a href="https://www.amazon.com/dp/B0BKFLSYQF?tag=eloabder-20&linkCode=osi&th=1&psc=1"><img src="https://m.media-amazon.com/images/I/51a0PmPRknL._SL500_.jpg" alt="Product Image"></a><p>72 Pack Acrylic Paint Set, Shuttle Art 60 Colors Acrylic Paint Including Extra White Black & 12 Brushes, 2oz/60ml, Rich Pigmented, Water Proof, Ideal for Artists, Beginners on Canvas Rock Wood Ceramic</p><p>$45.99 ($23.00 / Fl Oz)</p><a href="https://www.amazon.com/dp/B0BKFLSYQF?tag=eloabder-20&linkCode=osi&th=1&psc=1">View Product</a></div><div class="product"><a href="https://www.amazon.com/dp/B08CB3JH79?tag=eloabder-20&linkCode=osi&th=1&psc=1"><img src="https://m.media-amazon.com/images/I/51OUZsFdnTL._SL500_.jpg" alt="Product Image"></a><p>Acrylic Paint Set of 36 Colors 2fl oz 60ml Bottles,Non Toxic 36 Colors Acrylic Paint No Fading Rich Pigment for Kids Adults Artists Canvas Crafts Wood Painting</p><p>$32.99 ($0.46 / Fl Oz)</p><a href="https://www.amazon.com/dp/B08CB3JH79?tag=eloabder-20&linkCode=osi&th=1&psc=1">View Product</a></div><div class="product"><a href="https://www.amazon.com/dp/B0018NBVKQ?tag=eloabder-20&linkCode=osi&th=1&psc=1"><img src="https://m.media-amazon.com/images/I/31YlSvZMTCL._SL500_.jpg" alt="Product Image"></a><p>Apple Barrel Acrylic Paint in Assorted Colors (8 Ounce), 20403 White</p><p>$2.67 ($0.33 / Fl Oz)</p><a href="https://www.amazon.com/dp/B0018NBVKQ?tag=eloabder-20&linkCode=osi&th=1&psc=1">View Product</a></div><div class="product"><a href="https://www.amazon.com/dp/B077WSBLZ1?tag=eloabder-20&linkCode=osi&th=1&psc=1"><img src="https://m.media-amazon.com/images/I/51KPkXpLn1L._SL500_.jpg" alt="Product Image"></a><p>Shuttle Art Acrylic Paint Set, 30 x12ml Tubes Artist Quality Non Toxic Rich Pigments Colors Great for Kids Adults Professional Painting on Rocks Canvas Wood Clay Fabric Ceramic Crafts</p><p>$12.99 ($1.08 / Fl Oz)</p><a href="https://www.amazon.com/dp/B077WSBLZ1?tag=eloabder-20&linkCode=osi&th=1&psc=1">View Product</a></div><div class="product"><a href="https://www.amazon.com/dp/B00889Z5Y6?tag=eloabder-20&linkCode=osi&th=1&psc=1"><img src="https://m.media-amazon.com/images/I/41MQjsyDbSL._SL500_.jpg" alt="Product Image"></a><p>Apple Barrel Acrylic Paint in Assorted Colors (2 oz), 20764, Apricot</p><p>$0.58 ($0.29 / Fl Oz)</p><a href="https://www.amazon.com/dp/B00889Z5Y6?tag=eloabder-20&linkCode=osi&th=1&psc=1">View Product</a></div><div class="product"><a href="https://www.amazon.com/dp/B09TWQD5ZL?tag=eloabder-20&linkCode=osi&th=1&psc=1"><img src="https://m.media-amazon.com/images/I/41B0L003QXL._SL500_.jpg" alt="Product Image"></a><p>Artkey Acrylic Paint Set - 24 colors 2 oz/59 ml Acrylic Paints Professional Artists Painting Kit for Canvases Fabric Rock Leather Easter Egg Wood Ceramic Glass Art Craft Painting</p><p>$19.99 ($0.42 / Fl Oz)</p><a href="https://www.amazon.com/dp/B09TWQD5ZL?tag=eloabder-20&linkCode=osi&th=1&psc=1">View Product</a></div><div class="product"><a href="https://www.amazon.com/dp/B07Z93LQDB?tag=eloabder-20&linkCode=osi&th=1&psc=1"><img src="https://m.media-amazon.com/images/I/51veoN6zK0L._SL500_.jpg" alt="Product Image"></a><p>Shuttle Art Acrylic Paint Set, 36 Colors Acrylic Paint with Brushes & Palette, 2oz Bottles, Rich Pigments Non-toxic Paint for Artists Kids & Adults, Art Supplies for Canvas Rock Ceramic Wood Painting</p><p>$27.99</p><a href="https://www.amazon.com/dp/B07Z93LQDB?tag=eloabder-20&linkCode=osi&th=1&psc=1">View Product</a></div><div class="product"><a href="https://www.amazon.com/dp/B002665SYY?tag=eloabder-20&linkCode=osi&th=1&psc=1"><img src="https://m.media-amazon.com/images/I/31sJJeWK6OS._SL500_.jpg" alt="Product Image"></a><p>Liquitex BASICS Acrylic Paint, 250ml (8.5-oz) Tube, Titanium White</p><p>$9.99 ($1.18 / Fl Oz)</p><a href="https://www.amazon.com/dp/B002665SYY?tag=eloabder-20&linkCode=osi&th=1&psc=1">View Product</a></div>
<div class="product"><a href="https://www.amazon.com/dp/B0CC98XLGL?tag=eloabder-20&linkCode=osi&th=1&psc=1"><img src="https://m.media-amazon.com/images/I/51ZLw+nThiL._SL500_.jpg" alt="Product Image"></a><p>HUIRUSO 4 Pack Double Sided Tape Roller, Scrapbook Supplies, Glue Tape Roller for Crafts, Double-Sided Adhesive Tape Runner for Scrapbooking, School Office Journaling Supplies (0.31 in X 26.25 ft)</p><p>$6.99 ($1.75 / Count)</p><a href="https://www.amazon.com/dp/B0CC98XLGL?tag=eloabder-20&linkCode=osi&th=1&psc=1">View Product</a></div><div class="product"><a href="https://www.amazon.com/dp/B007XAAE6K?tag=eloabder-20&linkCode=osi&th=1&psc=1"><img src="https://m.media-amazon.com/images/I/414qxYVR0wL._SL500_.jpg" alt="Product Image"></a><p>Scotch Double Sided Tape Runner, 1-Pack, 0.27 in x 26 ft., Perfect for Holiday Crafts, Gifts, and More</p><p>$4.47</p><a href="https://www.amazon.com/dp/B007XAAE6K?tag=eloabder-20&linkCode=osi&th=1&psc=1">View Product</a></div><div class="product"><a href="https://www.amazon.com/dp/B0BZVGPFSK?tag=eloabder-20&linkCode=osi&th=1&psc=1"><img src="https://m.media-amazon.com/images/I/51-ue9+7JkL._SL500_.jpg" alt="Product Image"></a><p>Birllaid Double Sided Tape for Walls, Picture Hanging Strips Removable Mounting Dots Adhesive Heavy Duty, Removable for Art Craft, Decoration, Party Supplies, Multipurpose</p><p>$11.99</p><a href="https://www.amazon.com/dp/B0BZVGPFSK?tag=eloabder-20&linkCode=osi&th=1&psc=1">View Product</a></div><div class="product"><a href="https://www.amazon.com/dp/B0CGVN9SL1?tag=eloabder-20&linkCode=osi&th=1&psc=1"><img src="https://m.media-amazon.com/images/I/41Hy+i4CnoL._SL500_.jpg" alt="Product Image"></a><p>30Ft x 1 Inch Hook and Loop Strips with Adhesive,Double Rolls of Heavy Duty Self Adhesive Tape with Backing, Nylon Self Adhesive Tape for Home Office School and Crafting,White</p><p>$9.99</p><a href="https://www.amazon.com/dp/B0CGVN9SL1?tag=eloabder-20&linkCode=osi&th=1&psc=1">View Product</a></div><div class="product"><a href="https://www.amazon.com/dp/B07Y3VDPLF?tag=eloabder-20&linkCode=osi&th=1&psc=1"><img src="https://m.media-amazon.com/images/I/41cyKQ2OMuL._SL500_.jpg" alt="Product Image"></a><p>Melsan 1x4 inch Hook and Loop Strips with Adhesive - 15 Sets, Strong Back Adhesive Fasten Mounting Tape for Home or Office Use - Instead of Holes and Screws, Black</p><p>$7.82</p><a href="https://www.amazon.com/dp/B07Y3VDPLF?tag=eloabder-20&linkCode=osi&th=1&psc=1">View Product</a></div><div class="product"><a href="https://www.amazon.com/dp/B07V57VJT5?tag=eloabder-20&linkCode=osi&th=1&psc=1"><img src="https://m.media-amazon.com/images/I/514JO3bvl3L._SL500_.jpg" alt="Product Image"></a><p>XFasten Adhesive Roller for Scrapbooking, 8mm x 30ft 4-Pack Double Sided Glue Tape Roller, Scrapbook Supplies for Adults, Photo Tape for Scrapbooking</p><p>$9.99 ($2.50 / Count)</p><a href="https://www.amazon.com/dp/B07V57VJT5?tag=eloabder-20&linkCode=osi&th=1&psc=1">View Product</a></div><div class="product"><a href="https://www.amazon.com/dp/B07JLTGQHX?tag=eloabder-20&linkCode=osi&th=1&psc=1"><img src="https://m.media-amazon.com/images/I/51Eqfo7kUZL._SL500_.jpg" alt="Product Image"></a><p>UPINS 120 Pack Double Sided Foam Tape Square Self-Adhesive Foam Tape Black Strong Tape Pads for DIY Art Crafts Supplies</p><p>$9.99 ($0.08 / Count)</p><a href="https://www.amazon.com/dp/B07JLTGQHX?tag=eloabder-20&linkCode=osi&th=1&psc=1">View Product</a></div><div class="product"><a href="https://www.amazon.com/dp/B005FM6XF4?tag=eloabder-20&linkCode=osi&th=1&psc=1"><img src="https://m.media-amazon.com/images/I/51-vp1WJ89L._SL500_.jpg" alt="Product Image"></a><p>AdTech 5603 Permanent Crafter's Tape, 0.31" x 315", Pack of 4</p><p>$7.84 ($0.07 / Foot)</p><a href="https://www.amazon.com/dp/B005FM6XF4?tag=eloabder-20&linkCode=osi&th=1&psc=1">View Product</a></div><div class="product"><a href="https://www.amazon.com/dp/B0CJF1FLFJ?tag=eloabder-20&linkCode=osi&th=1&psc=1"><img src="https://m.media-amazon.com/images/I/51dig1RqzdL._SL500_.jpg" alt="Product Image"></a><p>UPINS 150Pack Double Sided Foam Tape Strong Sticky Double Sided Foam Pads for Crafts Self-Adhesive Mounting Foam Tape Heavy Duty for Home Wall Decor 40 * 40 * 2mm</p><p>$8.99 ($0.06 / Count)</p><a href="https://www.amazon.com/dp/B0CJF1FLFJ?tag=eloabder-20&linkCode=osi&th=1&psc=1">View Product</a></div><div class="product"><a href="https://www.amazon.com/dp/B0D4YWRGCL?tag=eloabder-20&linkCode=osi&th=1&psc=1"><img src="https://m.media-amazon.com/images/I/41EqJ553-KL._SL500_.jpg" alt="Product Image"></a><p>Amanbo Glue Tape for Scrapbooking, 6 Pack Scrapbook Tape, Double Sided Tape Roller for Crafts, Total 120 Ft x 0.24 in Tape Runner, Craft Supplies for Scrapbooking, Gift Wrapping and Photo Tape</p><p>$6.99</p><a href="https://www.amazon.com/dp/B0D4YWRGCL?tag=eloabder-20&linkCode=osi&th=1&psc=1">View Product</a></div>
<div class="product"><a href="https://www.amazon.com/dp/B0CC5HPPTN?tag=eloabder-20&linkCode=osi&th=1&psc=1"><img src="https://m.media-amazon.com/images/I/519M81S201L._SL500_.jpg" alt="Product Image"></a><p>Airbrush Paint - 30 Colors with 3 Thinner, Ready to Spray Airbrush Paint Set, Water-Based Acrylic Air brush Paints for Metal, Plastic Models, Canvas, Wood, 20ml/Bottle</p><p>$32.99 ($1.48 / Fl Oz)</p><a href="https://www.amazon.com/dp/B0CC5HPPTN?tag=eloabder-20&linkCode=osi&th=1&psc=1">View Product</a></div>
<div class="product"><a href="https://www.amazon.com/dp/B0CXPSGK36?tag=eloabder-20&linkCode=osi&th=1&psc=1"><img src="https://m.media-amazon.com/images/I/51dd2dYOtrL._SL500_.jpg" alt="Product Image"></a><p>Letter Stickers 30 Sheets 1500 PCS Large Alphabet Sticker 2 Inch Vinyl Self Adhesive Stick on Stickers for Water Bottles Cup Mailbox Number Address Craft Scrapbooking Bulletin Board Decor Multicolor</p><p>$9.99</p><a href="https://www.amazon.com/dp/B0CXPSGK36?tag=eloabder-20&linkCode=osi&th=1&psc=1">View Product</a></div><div class="product"><a href="https://www.amazon.com/dp/B07NNYFMGY?tag=eloabder-20&linkCode=osi&th=1&psc=1"><img src="https://m.media-amazon.com/images/I/51yDnU+gEXL._SL500_.jpg" alt="Product Image"></a><p>20 Sheets Alphabet Letter Stickers 10 Colors Self Adhesive Sticker Colorful PU Material Convex Feeling (Colored Letter Stickers 1)</p><p>$6.99 ($0.35 / Count)</p><a href="https://www.amazon.com/dp/B07NNYFMGY?tag=eloabder-20&linkCode=osi&th=1&psc=1">View Product</a></div>

<div class="product"><a href="https://www.amazon.com/dp/B01DDN8854?tag=eloabder-20&linkCode=osi&th=1&psc=1"><img src="https://m.media-amazon.com/images/I/61dPubDZBSL._SL500_.jpg" alt="Product Image"></a><p>Hugs 'n Kisses HNKHABY13 Applique Paper (20 Pack)</p><p>$19.72 ($0.99 / Count)</p><a href="https://www.amazon.com/dp/B01DDN8854?tag=eloabder-20&linkCode=osi&th=1&psc=1">View Product</a></div>
<div class="product"><a href="https://www.amazon.com/dp/B09KPNFJW1?tag=eloabder-20&linkCode=osi&th=1&psc=1"><img src="https://m.media-amazon.com/images/I/41abn5fELmL._SL500_.jpg" alt="Product Image"></a><p>UniPleased Disposable Aprons (50 Count), Plastic apron for Painting Party, Cooking, Housework, Picnic etc.</p><p>$5.69</p><a href="https://www.amazon.com/dp/B09KPNFJW1?tag=eloabder-20&linkCode=osi&th=1&psc=1">View Product</a></div>
<div class="product"><a href="https://www.amazon.com/dp/B087M21MM2?tag=eloabder-20&linkCode=osi&th=1&psc=1"><img src="https://m.media-amazon.com/images/I/41Xf-jehhLL._SL500_.jpg" alt="Product Image"></a><p>GOTIDEAL Stretched Canvas, Multi Pack 4x4, 5x7, 8x10,9x12, 11x14 Set of 10, Primed White - 100% Cotton Artist Canvas Boards for Painting, Acrylic Pouring, Oil Paint Dry & Wet Art Media</p><p>$24.99</p><a href="https://www.amazon.com/dp/B087M21MM2?tag=eloabder-20&linkCode=osi&th=1&psc=1">View Product</a></div><div class="product"><a href="https://www.amazon.com/dp/B00OQJYISG?tag=eloabder-20&linkCode=osi&th=1&psc=1"><img src="https://m.media-amazon.com/images/I/31fEDLPkkcL._SL500_.jpg" alt="Product Image"></a><p>6 Count 12” x 16” Super Value Canvas by Artist's Loft Necessities - Acid Free Cotton Canvas for Paint, Acrylic, & Oils - 1 Pack</p><p>$19.99</p><a href="https://www.amazon.com/dp/B00OQJYISG?tag=eloabder-20&linkCode=osi&th=1&psc=1">View Product</a></div><div class="product"><a href="https://www.amazon.com/dp/B09CDKB9HY?tag=eloabder-20&linkCode=osi&th=1&psc=1"><img src="https://m.media-amazon.com/images/I/51+p5xnClGL._SL500_.jpg" alt="Product Image"></a><p>DPDIAN Canvas Boards for Painting 40 Pack, 8 inch x 10 inch Super Value Pack, Artist Canvas Panels for Oil & Acrylic Painting</p><p>$29.99</p><a href="https://www.amazon.com/dp/B09CDKB9HY?tag=eloabder-20&linkCode=osi&th=1&psc=1">View Product</a></div><div class="product"><a href="https://www.amazon.com/dp/B0CFBGP29G?tag=eloabder-20&linkCode=osi&th=1&psc=1"><img src="https://m.media-amazon.com/images/I/3147Az5plbL._SL500_.jpg" alt="Product Image"></a><p>ArtSkills Stretched Canvases for Painting, 12x16 Canvas Painting Supplies for Artists, Blank Canvas Pack, 2-Pack</p><p>$16.99</p><a href="https://www.amazon.com/dp/B0CFBGP29G?tag=eloabder-20&linkCode=osi&th=1&psc=1">View Product</a></div><div class="product"><a href="https://www.amazon.com/dp/B07BNGQ1SS?tag=eloabder-20&linkCode=osi&th=1&psc=1"><img src="https://m.media-amazon.com/images/I/410ZVtygUwS._SL500_.jpg" alt="Product Image"></a><p>PHOENIX Stretched Canvas for Painting 8x10 Inch/10 Value Pack, 8 Oz Triple Primed 5/8 Inch Profile 100% Cotton White Blank Canvas, Artist Framed Canvas for Oil Acrylic & Pouring Art</p><p>$22.99</p><a href="https://www.amazon.com/dp/B07BNGQ1SS?tag=eloabder-20&linkCode=osi&th=1&psc=1">View Product</a></div><div class="product"><a href="https://www.amazon.com/dp/B0922JP1H4?tag=eloabder-20&linkCode=osi&th=1&psc=1"><img src="https://m.media-amazon.com/images/I/41BmiEND1KL._SL500_.jpg" alt="Product Image"></a><p>GOTIDEAL Canvases for Painting, 18 Pack Canvas Boards Multipack 4x4, 5x7, 8x10, 9x12,11x14,Primed White Blank Artist Canvas Variety Pack for Acrylic Paint, Oil Paint, Watercolor, Gouache</p><p>$19.99</p><a href="https://www.amazon.com/dp/B0922JP1H4?tag=eloabder-20&linkCode=osi&th=1&psc=1">View Product</a></div>


<div class="product"><a href="https://www.amazon.com/dp/B0872VFHBH?tag=eloabder-20&linkCode=osi&th=1&psc=1"><img src="https://m.media-amazon.com/images/I/51k3bekQheS._SL500_.jpg" alt="Product Image"></a><p>Bachmore Drawing Pad 9X12 Inch (110lb/180g), 60 Sheets, Top Spiral Bound Multi-Media for Artist Pro & Amateurs | Acrylic Art, Ink, Paint, Oil Pastels,Watercolor Mixed Media Sketch</p><p>$11.99</p><a href="https://www.amazon.com/dp/B0872VFHBH?tag=eloabder-20&linkCode=osi&th=1&psc=1">View Product</a></div><div class="product"><a href="https://www.amazon.com/dp/B0027A75A4?tag=eloabder-20&linkCode=osi&th=1&psc=1"><img src="https://m.media-amazon.com/images/I/51dyOxxcgYL._SL500_.jpg" alt="Product Image"></a><p>Strathmore 200 Series Sketch Pad, 9x12 inch, 100 Sheets, Tape Bound - Artist Sketchbook for Drawing, Illustration, Art Class Students</p><p>$6.99 ($0.07 / Count)</p><a href="https://www.amazon.com/dp/B0027A75A4?tag=eloabder-20&linkCode=osi&th=1&psc=1">View Product</a></div><div class="product"><a href="https://www.amazon.com/dp/B0BV13YQKX?tag=eloabder-20&linkCode=osi&th=1&psc=1"><img src="https://m.media-amazon.com/images/I/41VYfMpvXUL._SL500_.jpg" alt="Product Image"></a><p>Canson Graduate Watercolor Pad, Foldover, 9x12 inch, 20 Sheets | Artist Paper for Adults and Students - Painting, Gouache, Mixed Media and Ink</p><p>$4.97 ($0.41 / Count)</p><a href="https://www.amazon.com/dp/B0BV13YQKX?tag=eloabder-20&linkCode=osi&th=1&psc=1">View Product</a></div><div class="product"><a href="https://www.amazon.com/dp/B0024KMQ6K?tag=eloabder-20&linkCode=osi&th=1&psc=1"><img src="https://m.media-amazon.com/images/I/51sYdvPPUCL._SL500_.jpg" alt="Product Image"></a><p>Strathmore 400 Series Pastel Pad, Assorted Colors, 9"x12" Glue Bound, 24 Sheets</p><p>$9.11</p><a href="https://www.amazon.com/dp/B0024KMQ6K?tag=eloabder-20&linkCode=osi&th=1&psc=1">View Product</a></div><div class="product"><a href="https://www.amazon.com/dp/B00246O6PI?tag=eloabder-20&linkCode=osi&th=1&psc=1"><img src="https://m.media-amazon.com/images/I/517TUmckOIL._SL500_.jpg" alt="Product Image"></a><p>Strathmore 300 Series Drawing Paper Pad, Top Wire Bound, 11x14 inches, 50 Sheets (70lb/114g) - Artist Paper for Adults and Students - Charcoal, Colored Pencil, Ink, Pastel, Marker</p><p>$13.33</p><a href="https://www.amazon.com/dp/B00246O6PI?tag=eloabder-20&linkCode=osi&th=1&psc=1">View Product</a></div>
<div class="product"><a href="https://www.amazon.com/dp/B08ZMH7LJY?tag=eloabder-20&linkCode=osi&th=1&psc=1"><img src="https://m.media-amazon.com/images/I/51mJIsLJA-S._SL500_.jpg" alt="Product Image"></a><p>PANDAFLY Professional Drawing Sketching Pencil Set - 12 Pieces Graphite Pencils(14B - 2H), Ideal for Drawing Art, Sketching, Shading, Artist Pencils for Beginners & Pro Artists</p><p>$5.11</p><a href="https://www.amazon.com/dp/B08ZMH7LJY?tag=eloabder-20&linkCode=osi&th=1&psc=1">View Product</a></div><div class="product"><a href="https://www.amazon.com/dp/B088K1G5NL?tag=eloabder-20&linkCode=osi&th=1&psc=1"><img src="https://m.media-amazon.com/images/I/51F2bOMZWnL._SL500_.jpg" alt="Product Image"></a><p>MARKART Professional Drawing Sketching Pencil Set - 14 Pieces,Graphite,(12B - 4H), Ideal for Drawing Art, Sketching, Shading, Artist Pencils for Beginners & Pro Artists</p><p>$5.24</p><a href="https://www.amazon.com/dp/B088K1G5NL?tag=eloabder-20&linkCode=osi&th=1&psc=1">View Product</a></div><div class="product"><a href="https://www.amazon.com/dp/B08FHMRW4L?tag=eloabder-20&linkCode=osi&th=1&psc=1"><img src="https://m.media-amazon.com/images/I/51Pmn5gjyzL._SL500_.jpg" alt="Product Image"></a><p>Mr. Pen- Sketch Pencils for Drawing, 14 Pack, Drawing Pencils, Art Pencils, Graphite Pencils, Graphite Pencils for Drawing, Art Pencils for Drawing and Shading</p><p>$5.95</p><a href="https://www.amazon.com/dp/B08FHMRW4L?tag=eloabder-20&linkCode=osi&th=1&psc=1">View Product</a></div><div class="product"><a href="https://www.amazon.com/dp/B0BNQ58DC4?tag=eloabder-20&linkCode=osi&th=1&psc=1"><img src="https://m.media-amazon.com/images/I/51e-gQtCcCL._SL500_.jpg" alt="Product Image"></a><p>MARTCOLOR Drawing Sketching Pencils Set, 12 Pack Graphite Pencils(14B - 2H), Ideal for Drawing Art, Sketching, Shading, Artist Pencils for Beginners & Pro Artists</p><p>$5.99</p><a href="https://www.amazon.com/dp/B0BNQ58DC4?tag=eloabder-20&linkCode=osi&th=1&psc=1">View Product</a></div>

<div class="product"><a href="https://www.amazon.com/dp/B0851M3749?tag=eloabder-20&linkCode=osi&th=1&psc=1"><img src="https://m.media-amazon.com/images/I/41KKSGSDl5L._SL500_.jpg" alt="Product Image"></a><p>N NOROCME 12 PCS Blending Stumps and Tortillions Paper Art Blenders with Sandpaper Pencil Sharpener Pointer for Student Artist Charcoal Sketch Drawing Tools</p><p>$4.99</p><a href="https://www.amazon.com/dp/B0851M3749?tag=eloabder-20&linkCode=osi&th=1&psc=1">View Product</a></div><div class="product"><a href="https://www.amazon.com/dp/B09J3HKN8F?tag=eloabder-20&linkCode=osi&th=1&psc=1"><img src="https://m.media-amazon.com/images/I/51Qvx81eQLL._SL500_.jpg" alt="Product Image"></a><p>Eraser Pencils Set for Artists, Wooden Sketch Eraser Pen for Charcoal Drawings, Professional Highlight Painting Eraser for Sketching, Revise Erasing Details for Students Limner</p><p>$6.99</p><a href="https://www.amazon.com/dp/B09J3HKN8F?tag=eloabder-20&linkCode=osi&th=1&psc=1">View Product</a></div>
<div class="product"><a href="https://www.amazon.com/dp/B09WCQ89T8?tag=eloabder-20&linkCode=osi&th=1&psc=1"><img src="https://m.media-amazon.com/images/I/41gZz0qgBFL._SL500_.jpg" alt="Product Image"></a><p>Bernat BABY BLANKET BB Blue Dreams Yarn - 1 Pack of 10.5oz/300g - Polyester - #6 Super Bulky - 220 Yards - Knitting/Crochet</p><p>$6.97</p><a href="https://www.amazon.com/dp/B09WCQ89T8?tag=eloabder-20&linkCode=osi&th=1&psc=1">View Product</a></div><div class="product"><a href="https://www.amazon.com/dp/B07V5JVNFD?tag=eloabder-20&linkCode=osi&th=1&psc=1"><img src="https://m.media-amazon.com/images/I/41IS+HdtiOL._SL500_.jpg" alt="Product Image"></a><p>Lion Brand Yarn Basic Stitch Anti-Pilling Knitting Yarn, Yarn for Crocheting, 1-Pack, Baby Blue</p><p>$8.40 ($0.02 / Foot)</p><a href="https://www.amazon.com/dp/B07V5JVNFD?tag=eloabder-20&linkCode=osi&th=1&psc=1">View Product</a></div><div class="product"><a href="https://www.amazon.com/dp/B01M0AJID2?tag=eloabder-20&linkCode=osi&th=1&psc=1"><img src="https://m.media-amazon.com/images/I/41yVau0AUpL._SL500_.jpg" alt="Product Image"></a><p>Lion Brand Yarn (1 Skein) Lion Brand Yarn Babysoft Baby Yarn Yarn, Little Boy Blue Multicolor</p><p>$7.19 ($0.01 / Foot)</p><a href="https://www.amazon.com/dp/B01M0AJID2?tag=eloabder-20&linkCode=osi&th=1&psc=1">View Product</a></div><div class="product"><a href="https://www.amazon.com/dp/B09W1KHF42?tag=eloabder-20&linkCode=osi&th=1&psc=1"><img src="https://m.media-amazon.com/images/I/41maDlrio5L._SL500_.jpg" alt="Product Image"></a><p>Red Heart Super Saver Light Blue Yarn - 3 Pack of 198g/7oz - Acrylic - 4 Medium (Worsted) - 364 Yards - Knitting/Crochet</p><p>$13.29 ($4.43 / Count)</p><a href="https://www.amazon.com/dp/B09W1KHF42?tag=eloabder-20&linkCode=osi&th=1&psc=1">View Product</a></div><div class="product"><a href="https://www.amazon.com/dp/B08LKVZ3CX?tag=eloabder-20&linkCode=osi&th=1&psc=1"><img src="https://m.media-amazon.com/images/I/41GLizNx8UL._SL500_.jpg" alt="Product Image"></a><p>Bernat Baby Blanket Baby Blue Yarn - 3 Pack of 100g/3.5oz - Polyester - 6 Super Bulky - 72 Yards - Knitting/Crochet</p><p>$21.81</p><a href="https://www.amazon.com/dp/B08LKVZ3CX?tag=eloabder-20&linkCode=osi&th=1&psc=1">View Product</a></div><div class="product"><a href="https://www.amazon.com/dp/B0CHJ95WHJ?tag=eloabder-20&linkCode=osi&th=1&psc=1"><img src="https://m.media-amazon.com/images/I/314E1EQdihL._SL500_.jpg" alt="Product Image"></a><p>NORCIA Soft Velvet Yarn Chenille Yarn for Crocheting Baby Blanket Yarn for Knitting Amigurumi Yarn Fancy Yarn for Crochet Weaving Craft (Baby Blue, 1 Skein)</p><p>$9.99</p><a href="https://www.amazon.com/dp/B0CHJ95WHJ?tag=eloabder-20&linkCode=osi&th=1&psc=1">View Product</a></div>
<div class="product"><a href="https://www.amazon.com/dp/B0779F2TXJ?tag=eloabder-20&linkCode=osi&th=1&psc=1"><img src="https://m.media-amazon.com/images/I/31kqZr8DJzL._SL500_.jpg" alt="Product Image"></a><p>OPENDGO Feather Ballpoint Pen ，Black Ink Vintage Feather Quill Refined Plated Rod Quill Ballpoint Pen For School Writing ▏Wedding Gift Signature Pen (Black)</p><p>$6.97</p><a href="https://www.amazon.com/dp/B0779F2TXJ?tag=eloabder-20&linkCode=osi&th=1&psc=1">View Product</a></div><div class="product"><a href="https://www.amazon.com/dp/B0CQF3BJ3S?tag=eloabder-20&linkCode=osi&th=1&psc=1"><img src="https://m.media-amazon.com/images/I/41gs6AOiP6L._SL500_.jpg" alt="Product Image"></a><p>3 in 1 Retractable Ballpoint Pen with Light and Stylus, Nice Pens for Journaling Writing in The Dark - White/Red Light Tip- 0.7mm Black Ink</p><p>$12.99</p><a href="https://www.amazon.com/dp/B0CQF3BJ3S?tag=eloabder-20&linkCode=osi&th=1&psc=1">View Product</a></div><div class="product"><a href="https://www.amazon.com/dp/B08BBZ3B8G?tag=eloabder-20&linkCode=osi&th=1&psc=1"><img src="https://m.media-amazon.com/images/I/41cMHyw60wL._SL500_.jpg" alt="Product Image"></a><p>Mr. Pen- Pens, Black Pens, 12 Pack, Fast Dry, No Smear Pens, Bible Pens, Pens for Journaling, Pens No Bleed Through, Pens Fine Point, Journal Pens, Fine Tip, Planner Pens, Ball Point Journal Pens</p><p>$9.99</p><a href="https://www.amazon.com/dp/B08BBZ3B8G?tag=eloabder-20&linkCode=osi&th=1&psc=1">View Product</a></div><div class="product"><a href="https://www.amazon.com/dp/B0D4YWWGX6?tag=eloabder-20&linkCode=osi&th=1&psc=1"><img src="https://m.media-amazon.com/images/I/31xHBCCzJqL._SL500_.jpg" alt="Product Image"></a><p>PATIKIL 21cm/8" Feather Ballpoint Pen, 1Pcs Ink Vintage Quill Pen Refined Plated Dip Pen for Calligraphy Writing Signature Wedding Gift, Yellow</p><p>$7.49</p><a href="https://www.amazon.com/dp/B0D4YWWGX6?tag=eloabder-20&linkCode=osi&th=1&psc=1">View Product</a></div>

<div class="product"><a href="https://www.amazon.com/dp/B001TLDEVQ?tag=eloabder-20&linkCode=osi&th=1&psc=1"><img src="https://m.media-amazon.com/images/I/41jYF39F6lL._SL500_.jpg" alt="Product Image"></a><p>Beadalon SuppleMax Illusion Beading Cord, 0.40 mm / 0.016 in, Clear Monofilament, 50 m / 164 ft</p><p>$4.74</p><a href="https://www.amazon.com/dp/B001TLDEVQ?tag=eloabder-20&linkCode=osi&th=1&psc=1">View Product</a></div><div class="product"><a href="https://www.amazon.com/dp/B0D2HVFZ7Q?tag=eloabder-20&linkCode=osi&th=1&psc=1"><img src="https://m.media-amazon.com/images/I/41R66LMYz7L._SL500_.jpg" alt="Product Image"></a><p>Zxiixz 116Yards 0.5mm Bracelet String, Waxed String Cord for Bracelet Making, Beading Thread for Bracelet Beads, Friendship Bracelet String for Bracelet Making, Waxed Polyester Cord for Jewelry Making</p><p>$6.99</p><a href="https://www.amazon.com/dp/B0D2HVFZ7Q?tag=eloabder-20&linkCode=osi&th=1&psc=1">View Product</a></div><div class="product"><a href="https://www.amazon.com/dp/B07BNF8KH5?tag=eloabder-20&linkCode=osi&th=1&psc=1"><img src="https://m.media-amazon.com/images/I/51jVByheyVL._SL500_.jpg" alt="Product Image"></a><p>PH PandaHall 100 Yards 1mm Waxed Cotton Cord Thread Beading String for Bracelet Necklace Making Crafting Beading Macrame Vase Decor, Burlywood</p><p>$7.19 ($0.02 / Foot)</p><a href="https://www.amazon.com/dp/B07BNF8KH5?tag=eloabder-20&linkCode=osi&th=1&psc=1">View Product</a></div><div class="product"><a href="https://www.amazon.com/dp/B07HBPGXJG?tag=eloabder-20&linkCode=osi&th=1&psc=1"><img src="https://m.media-amazon.com/images/I/41xi8gO6kDL._SL500_.jpg" alt="Product Image"></a><p>Paxcoo 0.8mm Elastic String, Stretchy Bracelet String Crystal String Bead Cord for Bracelet, Beading and Jewelry Making (120m)</p><p>$6.99 ($0.02 / Foot)</p><a href="https://www.amazon.com/dp/B07HBPGXJG?tag=eloabder-20&linkCode=osi&th=1&psc=1">View Product</a></div><div class="product"><a href="https://www.amazon.com/dp/B0CNPST7D9?tag=eloabder-20&linkCode=osi&th=1&psc=1"><img src="https://m.media-amazon.com/images/I/41A9VISFC4L._SL500_.jpg" alt="Product Image"></a><p>Kblick Black Nylon String Cord - 1MM 100 Yards Black Twine, Bracelet String for Bracelet Making, Braided Ornament Lanyard Sting, Jewelry Thread Clay Bead String for Crafts, Macrame Satin Cord</p><p>$5.99 ($0.02 / Foot)</p><a href="https://www.amazon.com/dp/B0CNPST7D9?tag=eloabder-20&linkCode=osi&th=1&psc=1">View Product</a></div><div class="product"><a href="https://www.amazon.com/dp/B08GC3JF9X?tag=eloabder-20&linkCode=osi&th=1&psc=1"><img src="https://m.media-amazon.com/images/I/41FQZYhvQpL._SL500_.jpg" alt="Product Image"></a><p>Cheriswelry 100M 0.8mm Nylon Beading Cord Black Chinese Knotting Rattail Macrame Thread String Roll for Jewelry Making Kumihimo Wrapping Supplies DIY Crafts</p><p>$6.99 ($0.02 / Fl Oz)</p><a href="https://www.amazon.com/dp/B08GC3JF9X?tag=eloabder-20&linkCode=osi&th=1&psc=1">View Product</a></div><div class="product"><a href="https://www.amazon.com/dp/B0B3V9RWQC?tag=eloabder-20&linkCode=osi&th=1&psc=1"><img src="https://m.media-amazon.com/images/I/41F-OP+yCxL._SL500_.jpg" alt="Product Image"></a><p>Griffin Silk Bead Cord Perlseide – Black Color – Size 3 (0.50mm) – 2 Meters per Card – Stainless Steel Needle Attached – for Knotting Pearls, Gemstones, Crystals and Beads</p><p>$4.99 ($0.76 / Foot)</p><a href="https://www.amazon.com/dp/B0B3V9RWQC?tag=eloabder-20&linkCode=osi&th=1&psc=1">View Product</a></div><div class="product"><a href="https://www.amazon.com/dp/B08F49YVQP?tag=eloabder-20&linkCode=osi&th=1&psc=1"><img src="https://m.media-amazon.com/images/I/41yCMIpj0rS._SL500_.jpg" alt="Product Image"></a><p>1mm Stretchy Bracelet String, Sturdy Rainbow Elastic String Elastic Cord for Jewelry Making, Necklaces, Beading and Crafts</p><p>$6.99 ($0.04 / Foot)</p><a href="https://www.amazon.com/dp/B08F49YVQP?tag=eloabder-20&linkCode=osi&th=1&psc=1">View Product</a></div>

<div class="product"><a href="https://www.amazon.com/dp/B001GMUBJ6?tag=eloabder-20&linkCode=osi&th=1&psc=1"><img src="https://m.media-amazon.com/images/I/41V5qzn3H5L._SL500_.jpg" alt="Product Image"></a><p>The Beadsmith Fireline by Berkley – Micro-Fused Braided Thread – 6lb. Test, 006”/.15mm Diameter, 50 Yard Spool, Crystal Color – Super Strong Stringing Material for Jewelry Making and Bead Weaving</p><p>$12.59</p><a href="https://www.amazon.com/dp/B001GMUBJ6?tag=eloabder-20&linkCode=osi&th=1&psc=1">View Product</a></div><div class="product"><a href="https://www.amazon.com/dp/B001UAKK0Y?tag=eloabder-20&linkCode=osi&th=1&psc=1"><img src="https://m.media-amazon.com/images/I/41rY1D0wfuL._SL500_.jpg" alt="Product Image"></a><p>Beadalon Wildfire, 0.006 in, 0.15 mm, Break Strength 10 lb / 4.5 kg, Frost, 50 yd / 45 m</p><p>$8.85 ($0.06 / Foot)</p><a href="https://www.amazon.com/dp/B001UAKK0Y?tag=eloabder-20&linkCode=osi&th=1&psc=1">View Product</a></div><div class="product"><a href="https://www.amazon.com/dp/B095WY58F4?tag=eloabder-20&linkCode=osi&th=1&psc=1"><img src="https://m.media-amazon.com/images/I/41mXRfJqcjL._SL500_.jpg" alt="Product Image"></a><p>PH PandaHall 0.1mm Nylon Seed Bead Thread 100 Yards Black White Bracelet Cord Beading Thread Invisible Sewing Thread Nylon Braided Thread String for Leather Stitching Beading Jewelry Bracelets Making</p><p>$9.99 ($0.03 / Foot)</p><a href="https://www.amazon.com/dp/B095WY58F4?tag=eloabder-20&linkCode=osi&th=1&psc=1">View Product</a></div><div class="product"><a href="https://www.amazon.com/dp/B08RN2R2SZ?tag=eloabder-20&linkCode=osi&th=1&psc=1"><img src="https://m.media-amazon.com/images/I/41Tg2MMC++L._SL500_.jpg" alt="Product Image"></a><p>KO Nylon Beading Thread, White Color, Japanese Pre-Waxed 100% Nylon, 330TEX, Tangle Resistant Knotting Cords, 50m /55 yds Spool, Use for Seed Bead Projects, Loom Work & Bead Weaving</p><p>$7.06 ($0.04 / Foot)</p><a href="https://www.amazon.com/dp/B08RN2R2SZ?tag=eloabder-20&linkCode=osi&th=1&psc=1">View Product</a></div><div class="product"><a href="https://www.amazon.com/dp/B09J89ST79?tag=eloabder-20&linkCode=osi&th=1&psc=1"><img src="https://m.media-amazon.com/images/I/41hLuuOZeXL._SL500_.jpg" alt="Product Image"></a><p>2 Roll Polyester Thread, Heavy Duty Thread, 1500Yard/Reel 210D/3 nylon thread for sewing, Sewing Thread for Upholstery, Outdoor Market, Drapery, Leather, Beading, Crafts</p><p>$7.99 ($0.00 / Foot)</p><a href="https://www.amazon.com/dp/B09J89ST79?tag=eloabder-20&linkCode=osi&th=1&psc=1">View Product</a></div><div class="product"><a href="https://www.amazon.com/dp/B0C6MSY7QQ?tag=eloabder-20&linkCode=osi&th=1&psc=1"><img src="https://m.media-amazon.com/images/I/31Bn-MyA62L._SL500_.jpg" alt="Product Image"></a><p>PH PandaHall 0.1mm Nylon String 100 Yards Beading Thread White Nylon Seed Bead Thread Bracelet Beading Thread Sewing String for Leather Stitching Beading Jewelry Bracelets Making</p><p>$7.99 ($0.03 / Foot)</p><a href="https://www.amazon.com/dp/B0C6MSY7QQ?tag=eloabder-20&linkCode=osi&th=1&psc=1">View Product</a></div>

<div class="product"><a href="https://www.amazon.com/dp/B07NMNDT1W?tag=eloabder-20&linkCode=osi&th=1&psc=1"><img src="https://m.media-amazon.com/images/I/41-zwQIcVcL._SL500_.jpg" alt="Product Image"></a><p>Howemon White Beeswax Pellets 2LB 100% Pure and Natural Triple Filtered for Skin, Face, Body and Hair Care DIY Creams, Lotions, Lip Balm and Soap Making Supplies</p><p>$13.99 ($0.44 / Fl Oz)</p><a href="https://www.amazon.com/dp/B07NMNDT1W?tag=eloabder-20&linkCode=osi&th=1&psc=1">View Product</a></div><div class="product"><a href="https://www.amazon.com/dp/B00B3U0FW4?tag=eloabder-20&linkCode=osi&th=1&psc=1"><img src="https://m.media-amazon.com/images/I/51rWFCST+TL._SL500_.jpg" alt="Product Image"></a><p>Beesworks Yellow Beeswax Pellets (1 lb) | 100% Pure, Cosmetic Grade, Triple-Filtered Beeswax for DIY Skin care, Lip Balm, Lotion, and Candle Making</p><p>$13.99 ($0.87 / Ounce)</p><a href="https://www.amazon.com/dp/B00B3U0FW4?tag=eloabder-20&linkCode=osi&th=1&psc=1">View Product</a></div><div class="product"><a href="https://www.amazon.com/dp/B01LWX2IO1?tag=eloabder-20&linkCode=osi&th=1&psc=1"><img src="https://m.media-amazon.com/images/I/41MlNqhDyCL._SL500_.jpg" alt="Product Image"></a><p>Beesworks Yellow Beeswax Bars (6 oz) | 100% Pure, Cosmetic Grade, Triple-Filtered Beeswax for DIY Skin Care, Lip Balm, Lotion and Candle Making (1 oz Bars - Pack of 6)</p><p>$6.99</p><a href="https://www.amazon.com/dp/B01LWX2IO1?tag=eloabder-20&linkCode=osi&th=1&psc=1">View Product</a></div><div class="product"><a href="https://www.amazon.com/dp/B0BV77F19N?tag=eloabder-20&linkCode=osi&th=1&psc=1"><img src="https://m.media-amazon.com/images/I/41xzHaO1-EL._SL500_.jpg" alt="Product Image"></a><p>Beeswax Pellets 10LB Cosmetic Beeswax Triple Filtered Beeswax Pastilles for Candle Making Great for DIY Projects Creams Lotions Lip Balm and Soap Making Supplies(10LB)</p><p>$32.99</p><a href="https://www.amazon.com/dp/B0BV77F19N?tag=eloabder-20&linkCode=osi&th=1&psc=1">View Product</a></div><div class="product"><a href="https://www.amazon.com/dp/B0C9QSG3CY?tag=eloabder-20&linkCode=osi&th=1&psc=1"><img src="https://m.media-amazon.com/images/I/414XQcU6SRL._SL500_.jpg" alt="Product Image"></a><p>YASNAY White Beeswax Pellets 2LB, 100% Organic Beeswax, Beeswax for Candle Making, Body, Skin Care DIY, Lip Balm and Soap Making Supplies</p><p>$11.99</p><a href="https://www.amazon.com/dp/B0C9QSG3CY?tag=eloabder-20&linkCode=osi&th=1&psc=1">View Product</a></div><div class="product"><a href="https://www.amazon.com/dp/B097HTC4WN?tag=eloabder-20&linkCode=osi&th=1&psc=1"><img src="https://m.media-amazon.com/images/I/51pwMM7C6-L._SL500_.jpg" alt="Product Image"></a><p>Eco Lux 8 Yellow Beeswax Blocks 100% Pure Natural Organic Bees Wax 6.5oz</p><p>$8.49 ($1.35 / Ounce)</p><a href="https://www.amazon.com/dp/B097HTC4WN?tag=eloabder-20&linkCode=osi&th=1&psc=1">View Product</a></div><div class="product"><a href="https://www.amazon.com/dp/B00HDHQQCE?tag=eloabder-20&linkCode=osi&th=1&psc=1"><img src="https://m.media-amazon.com/images/I/41vF-7MwNhL._SL500_.jpg" alt="Product Image"></a><p>Murray's 100% Pure Beeswax 4 oz</p><p>$5.98 ($1.50 / Ounce)</p><a href="https://www.amazon.com/dp/B00HDHQQCE?tag=eloabder-20&linkCode=osi&th=1&psc=1">View Product</a></div><div class="product"><a href="https://www.amazon.com/dp/B09YM8JTLM?tag=eloabder-20&linkCode=osi&th=1&psc=1"><img src="https://m.media-amazon.com/images/I/41cjNuBnFEL._SL500_.jpg" alt="Product Image"></a><p>TRINIDa Beeswax Pellets 2LB(32 oz), 100% Organic Yellow Bees Wax for DIY Candles, Beeswax for Candle Making, Skin, Body, Face, and Hair Care, Lotions, DIY Creams, Lip Balm and Soap Making Supplies</p><p>$11.99</p><a href="https://www.amazon.com/dp/B09YM8JTLM?tag=eloabder-20&linkCode=osi&th=1&psc=1">View Product</a></div><div class="product"><a href="https://www.amazon.com/dp/B00F3CNMV4?tag=eloabder-20&linkCode=osi&th=1&psc=1"><img src="https://m.media-amazon.com/images/I/31pjrRAEa4L._SL500_.jpg" alt="Product Image"></a><p>Stakich Yellow Beeswax Block - Natural, Triple Filtered - 1 Pound, Honey Scent</p><p>$13.95 ($0.87 / Ounce)</p><a href="https://www.amazon.com/dp/B00F3CNMV4?tag=eloabder-20&linkCode=osi&th=1&psc=1">View Product</a></div><div class="product"><a href="https://www.amazon.com/dp/B0BXFZBZS9?tag=eloabder-20&linkCode=osi&th=1&psc=1"><img src="https://m.media-amazon.com/images/I/4178i9IB9KL._SL500_.jpg" alt="Product Image"></a><p>5LB Beeswax Pellets Beeswax for Candle Making Organic Beeswax Pellets for Skin Beeswax Beads Beeswax Bulk Beeswax for Lotion Making Organic for DIY and Craft Project</p><p>$22.99</p><a href="https://www.amazon.com/dp/B0BXFZBZS9?tag=eloabder-20&linkCode=osi&th=1&psc=1">View Product</a></div>
<div class="product"><a href="https://www.amazon.com/dp/B0052F1BVK?tag=eloabder-20&linkCode=osi&th=1&psc=1"><img src="https://m.media-amazon.com/images/I/41zE9eiGoLL._SL500_.jpg" alt="Product Image"></a><p>ACC Staples Large Binder Clips, 2" Width, 1" Capacity, Black, 12/Pk</p><p>$6.30</p><a href="https://www.amazon.com/dp/B0052F1BVK?tag=eloabder-20&linkCode=osi&th=1&psc=1">View Product</a></div><div class="product"><a href="https://www.amazon.com/dp/B07MLFR771?tag=eloabder-20&linkCode=osi&th=1&psc=1"><img src="https://m.media-amazon.com/images/I/51N2wxA7N0L._SL500_.jpg" alt="Product Image"></a><p>CooBigo 50 Pack Binder Ring, Metal Book Ring Paper Ring Holder 5/8-Inch Loose Leaf Binder Ring Clip for Index Card, Flash Card Ring, Card Calendar, Keychain Key Ring - Bronze</p><p>$6.99</p><a href="https://www.amazon.com/dp/B07MLFR771?tag=eloabder-20&linkCode=osi&th=1&psc=1">View Product</a></div><div class="product"><a href="https://www.amazon.com/dp/B01563NHGY?tag=eloabder-20&linkCode=osi&th=1&psc=1"><img src="https://m.media-amazon.com/images/I/41gj+0ZftqL._SL500_.jpg" alt="Product Image"></a><p>vanki Pack of 40 Cute Lovely Smiling Face Spring-Loaded File Organizer Paper Holder Metal Binder Clips, Assorted Color</p><p>$8.99</p><a href="https://www.amazon.com/dp/B01563NHGY?tag=eloabder-20&linkCode=osi&th=1&psc=1">View Product</a></div><div class="product"><a href="https://www.amazon.com/dp/B000GOUDSO?tag=eloabder-20&linkCode=osi&th=1&psc=1"><img src="https://m.media-amazon.com/images/I/41ZANISHgML._SL500_.jpg" alt="Product Image"></a><p>Small Binder Clips .75" 8/Pkg-Assorted Colors</p><p>$4.46</p><a href="https://www.amazon.com/dp/B000GOUDSO?tag=eloabder-20&linkCode=osi&th=1&psc=1">View Product</a></div>
<div class="product"><a href="https://www.amazon.com/dp/B07PRPX4VR?tag=eloabder-20&linkCode=osi&th=1&psc=1"><img src="https://m.media-amazon.com/images/I/41IMH12fdPL._SL500_.jpg" alt="Product Image"></a><p>Durable Sheet Lifters, Durable Easy Flow, 11" x 3", Lifts Sheets Over Rings and Protects Sheets from Tearing, Fit Standard 3-Ring Binders, Black (20 Pack)</p><p>$14.99</p><a href="https://www.amazon.com/dp/B07PRPX4VR?tag=eloabder-20&linkCode=osi&th=1&psc=1">View Product</a></div><div class="product"><a href="https://www.amazon.com/dp/B0CM8QJHFW?tag=eloabder-20&linkCode=osi&th=1&psc=1"><img src="https://m.media-amazon.com/images/I/31cJGS74oCL._SL500_.jpg" alt="Product Image"></a><p>Wantane D-Shaped Tape Storage Ring Tape Storage Ring 4" D-Shaped Washi Tape Storage Ring for DIY Decoration and Storage（Nickel）-2PCS</p><p>$7.99</p><a href="https://www.amazon.com/dp/B0CM8QJHFW?tag=eloabder-20&linkCode=osi&th=1&psc=1">View Product</a></div>
<div class="product"><a href="https://www.amazon.com/dp/B00006IAS3?tag=eloabder-20&linkCode=osi&th=1&psc=1"><img src="https://m.media-amazon.com/images/I/317DvSXhT1L._SL500_.jpg" alt="Product Image"></a><p>GBC Binding System, Manual, Desktop Binding Punch, 6 Sheet Punch Capacity, ProClick P50 (2515650)</p><p>$123.89</p><a href="https://www.amazon.com/dp/B00006IAS3?tag=eloabder-20&linkCode=osi&th=1&psc=1">View Product</a></div><div class="product"><a href="https://www.amazon.com/dp/B004BP81KQ?tag=eloabder-20&linkCode=osi&th=1&psc=1"><img src="https://m.media-amazon.com/images/I/51SqfeZ12KL._SL500_.jpg" alt="Product Image"></a><p>We R Memory Keepers Cinch Book Binding Wire (1-Inch, Silver (2 Pack))</p><p>$5.99</p><a href="https://www.amazon.com/dp/B004BP81KQ?tag=eloabder-20&linkCode=osi&th=1&psc=1">View Product</a></div>

<div class="product"><a href="https://www.amazon.com/dp/B0007ZJ8TM?tag=eloabder-20&linkCode=osi&th=1&psc=1"><img src="https://m.media-amazon.com/images/I/41i49sz3UAL._SL500_.jpg" alt="Product Image"></a><p>Speedball Super Black India Ink, 2-Ounce</p><p>$9.99 ($9.99 / Count)</p><a href="https://www.amazon.com/dp/B0007ZJ8TM?tag=eloabder-20&linkCode=osi&th=1&psc=1">View Product</a></div><div class="product"><a href="https://www.amazon.com/dp/B0026I10AI?tag=eloabder-20&linkCode=osi&th=1&psc=1"><img src="https://m.media-amazon.com/images/I/31vklP4uBsL._SL500_.jpg" alt="Product Image"></a><p>Dr. Ph. Martin's Bombay India (7BY) Ink Bottle, 1.0 oz, Black</p><p>$6.99</p><a href="https://www.amazon.com/dp/B0026I10AI?tag=eloabder-20&linkCode=osi&th=1&psc=1">View Product</a></div><div class="product"><a href="https://www.amazon.com/dp/B000KNP96C?tag=eloabder-20&linkCode=osi&th=1&psc=1"><img src="https://m.media-amazon.com/images/I/51e9srYtG0L._SL500_.jpg" alt="Product Image"></a><p>Winsor & Newton Drawing Ink, 14ml Bottle, Black Indian</p><p>$10.99</p><a href="https://www.amazon.com/dp/B000KNP96C?tag=eloabder-20&linkCode=osi&th=1&psc=1">View Product</a></div><div class="product"><a href="https://www.amazon.com/dp/B07BQG5QF4?tag=eloabder-20&linkCode=osi&th=1&psc=1"><img src="https://m.media-amazon.com/images/I/41nEMDYZaiL._SL500_.jpg" alt="Product Image"></a><p>Speedball Super Black India Ink, 16-Ounce</p><p>$19.99</p><a href="https://www.amazon.com/dp/B07BQG5QF4?tag=eloabder-20&linkCode=osi&th=1&psc=1">View Product</a></div><div class="product"><a href="https://www.amazon.com/dp/B001038NLY?tag=eloabder-20&linkCode=osi&th=1&psc=1"><img src="https://m.media-amazon.com/images/I/418i4sxJJ0L._SL500_.jpg" alt="Product Image"></a><p>Speedball Fabric Screen Printing Ink, 8-Ounce, Black for T-Shirt and Silkscreen Printmaking</p><p>$12.99 ($1.62 / Fl Oz)</p><a href="https://www.amazon.com/dp/B001038NLY?tag=eloabder-20&linkCode=osi&th=1&psc=1">View Product</a></div><div class="product"><a href="https://www.amazon.com/dp/B00161OPSA?tag=eloabder-20&linkCode=osi&th=1&psc=1"><img src="https://m.media-amazon.com/images/I/41C32y3CJAL._SL500_.jpg" alt="Product Image"></a><p>Tsukineko VersaFine inkpad, Full-Size, Onyx Black</p><p>$4.99 ($4.99 / Count)</p><a href="https://www.amazon.com/dp/B00161OPSA?tag=eloabder-20&linkCode=osi&th=1&psc=1">View Product</a></div>
<div class="product"><a href="https://www.amazon.com/dp/B07Q4TJCDJ?tag=eloabder-20&linkCode=osi&th=1&psc=1"><img src="https://m.media-amazon.com/images/I/315HYvYg-BL._SL500_.jpg" alt="Product Image"></a><p>Primbeeks 300pcs Blank Business Cards, Premium Blank White Cards, 3.5" x 2.2" Small Blank Cards, Blank Cardstock Cards, Small Note Cards, white blank cards, white business cards, kraft paper cards</p><p>$7.99</p><a href="https://www.amazon.com/dp/B07Q4TJCDJ?tag=eloabder-20&linkCode=osi&th=1&psc=1">View Product</a></div><div class="product"><a href="https://www.amazon.com/dp/B0CRGHFLT8?tag=eloabder-20&linkCode=osi&th=1&psc=1"><img src="https://m.media-amazon.com/images/I/41S1NLpb8hL._SL500_.jpg" alt="Product Image"></a><p>Watercolor Cards and Envelopes Set - 50 Folded 5x7 Inch Blank Heavyweight Paper Cards (140lb/300gsm) with Matching Envelopes for DIY Greeting Cards, Festivals, and Events</p><p>$17.99 ($0.36 / Count)</p><a href="https://www.amazon.com/dp/B0CRGHFLT8?tag=eloabder-20&linkCode=osi&th=1&psc=1">View Product</a></div><div class="product"><a href="https://www.amazon.com/dp/B08MX4TZ3H?tag=eloabder-20&linkCode=osi&th=1&psc=1"><img src="https://m.media-amazon.com/images/I/41D2u4vdLQL._SL500_.jpg" alt="Product Image"></a><p>50 Pack Blank Kraft Cards Cardstock Thick Paper Brown Greeting Cards for DIY Gift Card Menus, Baby Shower and Wedding Invitations (Multicolored, 5x7IN)</p><p>$8.99</p><a href="https://www.amazon.com/dp/B08MX4TZ3H?tag=eloabder-20&linkCode=osi&th=1&psc=1">View Product</a></div><div class="product"><a href="https://www.amazon.com/dp/B08BDGGVMK?tag=eloabder-20&linkCode=osi&th=1&psc=1"><img src="https://m.media-amazon.com/images/I/41W-dTUoBqL._SL500_.jpg" alt="Product Image"></a><p>100pcs 3.54"x2" Blank Kraft Paper Business Card, Words Message Notes paper Tags, Mini Craft Cardboard Festival gifts - 6 colors</p><p>$5.98</p><a href="https://www.amazon.com/dp/B08BDGGVMK?tag=eloabder-20&linkCode=osi&th=1&psc=1">View Product</a></div><div class="product"><a href="https://www.amazon.com/dp/B08BFDJJ78?tag=eloabder-20&linkCode=osi&th=1&psc=1"><img src="https://m.media-amazon.com/images/I/61LZ1Csb+dL._SL500_.jpg" alt="Product Image"></a><p>Nettbe 100pcs 3.54"x2" Blank Kraft Paper Business Card, Words Message Notes paper Tags, Mini Craft Cardboard Festival gifts</p><p>$5.99</p><a href="https://www.amazon.com/dp/B08BFDJJ78?tag=eloabder-20&linkCode=osi&th=1&psc=1">View Product</a></div><div class="product"><a href="https://www.amazon.com/dp/B07Q8YBJM3?tag=eloabder-20&linkCode=osi&th=1&psc=1"><img src="https://m.media-amazon.com/images/I/31w6U4cCqEL._SL500_.jpg" alt="Product Image"></a><p>Primbeeks 228pcs Blank Business Cards, Premium Blank White Cards, 3.5" x 2.2" Small Blank Cards, Blank Cardstock Cards, Small Note Cards, white blank cards, white business cards, kraft paper cards</p><p>$5.99</p><a href="https://www.amazon.com/dp/B07Q8YBJM3?tag=eloabder-20&linkCode=osi&th=1&psc=1">View Product</a></div><div class="product"><a href="https://www.amazon.com/dp/B08X4Z9TGN?tag=eloabder-20&linkCode=osi&th=1&psc=1"><img src="https://m.media-amazon.com/images/I/41Jqhe35tDL._SL500_.jpg" alt="Product Image"></a><p>321Done Blank Rustic Cards, Made in USA - 4x6 Thick, Heavy Cardstock - Make Invites, Greeting, Note, Thank You Cards - Plain Kraft for Writing, Stamping, Printing, Art - No Envelopes - Set of 50</p><p>$14.99</p><a href="https://www.amazon.com/dp/B08X4Z9TGN?tag=eloabder-20&linkCode=osi&th=1&psc=1">View Product</a></div><div class="product"><a href="https://www.amazon.com/dp/B0D2KDWBNM?tag=eloabder-20&linkCode=osi&th=1&psc=1"><img src="https://m.media-amazon.com/images/I/31dAhnBJ7aL._SL500_.jpg" alt="Product Image"></a><p>4x6 Blank White Cardstock (Set of 100) - Card Stock for Printer Postcards, Photo Paper Invitations, Greeting, Note, Thank You, DIY Making, Index Cards - Plain for Writing, Stamping, Printing, Art</p><p>$8.99</p><a href="https://www.amazon.com/dp/B0D2KDWBNM?tag=eloabder-20&linkCode=osi&th=1&psc=1">View Product</a></div><div class="product"><a href="https://www.amazon.com/dp/B0BB858RYN?tag=eloabder-20&linkCode=osi&th=1&psc=1"><img src="https://m.media-amazon.com/images/I/317zmriPKNL._SL500_.jpg" alt="Product Image"></a><p>WANDERINGS Handmade White Deckle Edge Blank Greeting Cards- Folded to 5x7” - Pack of 25 - Writers, Artists, Crafters - Thank Yous, Invitations, Menus, Greeting Cards, Notes - Thick 150 GSM</p><p>$21.99 ($0.88 / Count)</p><a href="https://www.amazon.com/dp/B0BB858RYN?tag=eloabder-20&linkCode=osi&th=1&psc=1">View Product</a></div><div class="product"><a href="https://www.amazon.com/dp/B0BZPPXRZW?tag=eloabder-20&linkCode=osi&th=1&psc=1"><img src="https://m.media-amazon.com/images/I/21Da-WQhrpL._SL500_.jpg" alt="Product Image"></a><p>100 Pack Thick Paper Cardstock Blank Heavy Cards Stock for Invitations, Greeting Cards Making, Postcards, Photos, 250GSM Thick Paper (White, 2x3.5 inches)</p><p>$5.99</p><a href="https://www.amazon.com/dp/B0BZPPXRZW?tag=eloabder-20&linkCode=osi&th=1&psc=1">View Product</a></div>
<div class="product"><a href="https://www.amazon.com/dp/B0BZRDQKH6?tag=eloabder-20&linkCode=osi&th=1&psc=1"><img src="https://m.media-amazon.com/images/I/41GYYRiusgL._SL500_.jpg" alt="Product Image"></a><p>feela 8 Pack Unlined Kraft Paper Notebooks, Blank Journal Note Pad for Drawing Writing, Small Sketchbook Travel Journal Bulk for Women Kids Students Office School Supplies, A5, 60 Pages, 8.3” X 5.5”</p><p>$9.99</p><a href="https://www.amazon.com/dp/B0BZRDQKH6?tag=eloabder-20&linkCode=osi&th=1&psc=1">View Product</a></div><div class="product"><a href="https://www.amazon.com/dp/B0BXLB74KK?tag=eloabder-20&linkCode=osi&th=1&psc=1"><img src="https://m.media-amazon.com/images/I/313vYzg7HpL._SL500_.jpg" alt="Product Image"></a><p>ZZTX 4 Pack Blank Kraft Notebooks, Blank Paper Sketchbooks for Drawing Doodling Writing,Travel Journal Set, A5, 36 Pages, 8.3” X 5.5”</p><p>$5.99</p><a href="https://www.amazon.com/dp/B0BXLB74KK?tag=eloabder-20&linkCode=osi&th=1&psc=1">View Product</a></div><div class="product"><a href="https://www.amazon.com/dp/B0BW5TNPXJ?tag=eloabder-20&linkCode=osi&th=1&psc=1"><img src="https://m.media-amazon.com/images/I/31Wu8UP78iL._SL500_.jpg" alt="Product Image"></a><p>EOOUT Kraft Notebooks, Blank Page Journals in Bulk, 16pcs A5, 8.3 X 5.5 Inches, 60 Pages, 80gsm, Travel Journal Set, for Art Camp, Travelers, Students and Office Supplies Sketchbooks Bulk for Kids</p><p>$15.99</p><a href="https://www.amazon.com/dp/B0BW5TNPXJ?tag=eloabder-20&linkCode=osi&th=1&psc=1">View Product</a></div><div class="product"><a href="https://www.amazon.com/dp/B08P3F46SD?tag=eloabder-20&linkCode=osi&th=1&psc=1"><img src="https://m.media-amazon.com/images/I/41jeBDcZJ1L._SL500_.jpg" alt="Product Image"></a><p>Krafty Soft Cover Blank Notebook Journal, Spiral Sketchbook Pad, Drawing Book, 60 Sheets/140gsm (A4)/120 Pages</p><p>$7.99</p><a href="https://www.amazon.com/dp/B08P3F46SD?tag=eloabder-20&linkCode=osi&th=1&psc=1">View Product</a></div><div class="product"><a href="https://www.amazon.com/dp/B0CWNPMC4T?tag=eloabder-20&linkCode=osi&th=1&psc=1"><img src="https://m.media-amazon.com/images/I/31BZeVGe6TL._SL500_.jpg" alt="Product Image"></a><p>zmybcpack 5 Pack Blank Journal Notebooks, Blank Paper Sketchbook for Drawing Writing, Travel Journal Notebook Kraft Paper Notebook for Travelers, Students, Office, A5, 8.26” x 5.5”, 60 Pages/30 Sheets</p><p>$8.99</p><a href="https://www.amazon.com/dp/B0CWNPMC4T?tag=eloabder-20&linkCode=osi&th=1&psc=1">View Product</a></div><div class="product"><a href="https://www.amazon.com/dp/B07WHYP9WN?tag=eloabder-20&linkCode=osi&th=1&psc=1"><img src="https://m.media-amazon.com/images/I/41ZhyCux1yL._SL500_.jpg" alt="Product Image"></a><p>Thick Blank Journal Notebook with Unlined / Unruled / Plain Pages | Deluxe 120gsm Ink Resistant Paper for Writing, Sketch Book, 160 Pages | Hardcover Sketchbook with Pen Holder, Pocket, Ribbon (Black)</p><p>$14.99</p><a href="https://www.amazon.com/dp/B07WHYP9WN?tag=eloabder-20&linkCode=osi&th=1&psc=1">View Product</a></div>
<div class="product"><a href="https://www.amazon.com/dp/B07MT7HKZW?tag=eloabder-20&linkCode=osi&th=1&psc=1"><img src="https://m.media-amazon.com/images/I/413JwH5JREL._SL500_.jpg" alt="Product Image"></a><p>Spiral Sketch Book Large Notebook（Built-in Drawing Board） Kraft Cover Blank Sketch Pad Wirebound Sketching for Drawing Painting 8.5x11-Inch (2 Pack) 200 Sheets, 100 Sheets, 200Pages Each</p><p>$17.99 ($9.00 / Count)</p><a href="https://www.amazon.com/dp/B07MT7HKZW?tag=eloabder-20&linkCode=osi&th=1&psc=1">View Product</a></div><div class="product"><a href="https://www.amazon.com/dp/B0BDQ82WB9?tag=eloabder-20&linkCode=osi&th=1&psc=1"><img src="https://m.media-amazon.com/images/I/51FoWr3GPwL._SL500_.jpg" alt="Product Image"></a><p>feela 170 Pack Blank Kraft Notebooks, Unlined Sketchbook Mini Cute Note Pad for Drawing Writing, Journal Bulk For Kids Students Office School Supplies, A6, 48 Pages, 4.25” X 5.5”, Black and Brown</p><p>$51.99</p><a href="https://www.amazon.com/dp/B0BDQ82WB9?tag=eloabder-20&linkCode=osi&th=1&psc=1">View Product</a></div><div class="product"><a href="https://www.amazon.com/dp/B0B3WWHWT2?tag=eloabder-20&linkCode=osi&th=1&psc=1"><img src="https://m.media-amazon.com/images/I/31m0FzXtPxL._SL500_.jpg" alt="Product Image"></a><p>Tamaki 6 Pack Colorful Blank Books for kids to Write, Drawing, Cute Sketchbook for Kid, 6 Colors (4.25 x 5.5 Inches)</p><p>$6.99</p><a href="https://www.amazon.com/dp/B0B3WWHWT2?tag=eloabder-20&linkCode=osi&th=1&psc=1">View Product</a></div>
<div class="product"><a href="https://www.amazon.com/dp/B0BGH2P9M6?tag=eloabder-20&linkCode=osi&th=1&psc=1"><img src="https://m.media-amazon.com/images/I/41ozOaYoHEL._SL500_.jpg" alt="Product Image"></a><p>EOOUT 100pcs A5 Kraft Notebooks, Blank Page Journals in Bulk, Sketchbooks Bulk for Kids, 60 Pages, 80GSM, 8.3 X 5.5 Inch, Travel Journal Set, for Art Camp, Travelers, Students and Office Supplies</p><p>$51.99</p><a href="https://www.amazon.com/dp/B0BGH2P9M6?tag=eloabder-20&linkCode=osi&th=1&psc=1">View Product</a></div><div class="product"><a href="https://www.amazon.com/dp/B07MT99F94?tag=eloabder-20&linkCode=osi&th=1&psc=1"><img src="https://m.media-amazon.com/images/I/41Ug7gpSWDL._SL500_.jpg" alt="Product Image"></a><p>Spiral Sketch Book Large Notebook（Built-in Drawing Board） Kraft Cover Blank Sketch Pad Wirebound Sketching for Drawing Painting 8.5x11-Inch (1 Pack) 200 Pages, 100 Sheets</p><p>$9.99</p><a href="https://www.amazon.com/dp/B07MT99F94?tag=eloabder-20&linkCode=osi&th=1&psc=1">View Product</a></div><div class="product"><a href="https://www.amazon.com/dp/B07CM32KLM?tag=eloabder-20&linkCode=osi&th=1&psc=1"><img src="https://m.media-amazon.com/images/I/41ENhBLE9DL._SL500_.jpg" alt="Product Image"></a><p>Kraft Cover Drawing Notebook & Sketchbook – Set of 2 Blank Plain Sketch Books – 125g Thick Paper A5 Size, 150x210mm Paper Ideal for Drawing & Sketching- 128 sheets/256 pages – 180 Degree Opening, 2pcs</p><p>$20.99 ($0.08 / Count)</p><a href="https://www.amazon.com/dp/B07CM32KLM?tag=eloabder-20&linkCode=osi&th=1&psc=1">View Product</a></div><div class="product"><a href="https://www.amazon.com/dp/B08ZLMLF7C?tag=eloabder-20&linkCode=osi&th=1&psc=1"><img src="https://m.media-amazon.com/images/I/41X-5yj83vL._SL500_.jpg" alt="Product Image"></a><p>BEECHMORE BOOKS Sketch Book, A4 8.5 x 11.5 inch Blank Sketchbook for Drawing, Paint and Draw, 156 Pages Thick Paper 160gsm, Hardcover Leather Art Notebook, Boxed for Gifts (Chestnut Brown)</p><p>$21.20</p><a href="https://www.amazon.com/dp/B08ZLMLF7C?tag=eloabder-20&linkCode=osi&th=1&psc=1">View Product</a></div>
<div class="product"><a href="https://www.amazon.com/dp/B075M9MSFH?tag=eloabder-20&linkCode=osi&th=1&psc=1"><img src="https://m.media-amazon.com/images/I/51x+szTX6TL._SL500_.jpg" alt="Product Image"></a><p>Bianyo Bleedproof Marker Paper Pad, A4(8.27"X11.69"), 50 Sheets, 18 LB / 70 GSM, Glue-Bound, 100% Cotton, White, Ideal for Use with Markers and Ink Mediums</p><p>$9.99</p><a href="https://www.amazon.com/dp/B075M9MSFH?tag=eloabder-20&linkCode=osi&th=1&psc=1">View Product</a></div><div class="product"><a href="https://www.amazon.com/dp/B08FX5S2NL?tag=eloabder-20&linkCode=osi&th=1&psc=1"><img src="https://m.media-amazon.com/images/I/41CA0ZfazKL._SL500_.jpg" alt="Product Image"></a><p>Marker Paper Sketchbook, Bleedproof Art Marker Pad, (8.27 X 11.69) Inch, White, 40 Sheets</p><p>$6.99</p><a href="https://www.amazon.com/dp/B08FX5S2NL?tag=eloabder-20&linkCode=osi&th=1&psc=1">View Product</a></div><div class="product"><a href="https://www.amazon.com/dp/B0CJRBFSJ8?tag=eloabder-20&linkCode=osi&th=1&psc=1"><img src="https://m.media-amazon.com/images/I/51DLA8TpwEL._SL500_.jpg" alt="Product Image"></a><p>Shuttle Art Marker Pad, 8.3”x8.9” Portable Square Sketchbook, 80 Sheets Marker Drawing Paper, 120LB/200GSM Bleedproof Art Paper, Spiral-Bound, Great for Professional Artist to Draw, Paint & Sketch</p><p>$16.99</p><a href="https://www.amazon.com/dp/B0CJRBFSJ8?tag=eloabder-20&linkCode=osi&th=1&psc=1">View Product</a></div><div class="product"><a href="https://www.amazon.com/dp/B09N7VX5Z5?tag=eloabder-20&linkCode=osi&th=1&psc=1"><img src="https://m.media-amazon.com/images/I/51xCPs9HZyL._SL500_.jpg" alt="Product Image"></a><p>Marker Paper Sketchbook - Marker Sketchbook with Bleedproof Smooth Coated Art Paper, 120 GSM 80 LBS - Marker Pad for Alcohol Markers, Sketching, Drawing - 8.11 x 8.5 Inch | 50 Sheets, 2 Pack</p><p>$15.99 ($8.00 / Count)</p><a href="https://www.amazon.com/dp/B09N7VX5Z5?tag=eloabder-20&linkCode=osi&th=1&psc=1">View Product</a></div><div class="product"><a href="https://www.amazon.com/dp/B07CK94W9T?tag=eloabder-20&linkCode=osi&th=1&psc=1"><img src="https://m.media-amazon.com/images/I/41ocoSNDjdL._SL500_.jpg" alt="Product Image"></a><p>BOXUN Premium 50 Sheets Sketch Marker Paper Pad, Bleedproof Artist Drawing Paper, 8.27 x 11.69 Inch</p><p>$8.29 ($0.17 / Count)</p><a href="https://www.amazon.com/dp/B07CK94W9T?tag=eloabder-20&linkCode=osi&th=1&psc=1">View Product</a></div><div class="product"><a href="https://www.amazon.com/dp/B0CPXWD11W?tag=eloabder-20&linkCode=osi&th=1&psc=1"><img src="https://m.media-amazon.com/images/I/51ApKzpDVNL._SL500_.jpg" alt="Product Image"></a><p>FEITAKE Marker Paper Pad Sketchbook Bleedproof for Alcohol Markers 120lb/200gsm Double Sided Thick Art Drawing Papers 60pages (30Sheets) / A4(8.3"x11.7") Gift for Artists Students Kids</p><p>$13.99 ($0.47 / Count)</p><a href="https://www.amazon.com/dp/B0CPXWD11W?tag=eloabder-20&linkCode=osi&th=1&psc=1">View Product</a></div><div class="product"><a href="https://www.amazon.com/dp/B0025TWYW6?tag=eloabder-20&linkCode=osi&th=1&psc=1"><img src="https://m.media-amazon.com/images/I/51t6UkUHCvL._SL500_.jpg" alt="Product Image"></a><p>Bee Paper Bleedproof Marker Pack, 8-1/2-Inch by 11-Inch, 50 Sheets per Pack</p><p>$17.09 ($0.34 / Count)</p><a href="https://www.amazon.com/dp/B0025TWYW6?tag=eloabder-20&linkCode=osi&th=1&psc=1">View Product</a></div><div class="product"><a href="https://www.amazon.com/dp/B0CJRBYYQB?tag=eloabder-20&linkCode=osi&th=1&psc=1"><img src="https://m.media-amazon.com/images/I/41knBnjZ25L._SL500_.jpg" alt="Product Image"></a><p>Shuttle Art Marker Pad, 8.3”x7.67” Portable Square Sketchbook, 50 Sheets Marker Drawing Paper, 60LB/90GSM Smooth Surface Bleedproof Art Paper, Glue-Bound, Great for Beginners to Draw, Paint & Sketch</p><p>$8.99 ($0.18 / Count)</p><a href="https://www.amazon.com/dp/B0CJRBYYQB?tag=eloabder-20&linkCode=osi&th=1&psc=1">View Product</a></div>
<div class="product"><a href="https://www.amazon.com/dp/B00881IU8M?tag=eloabder-20&linkCode=osi&th=1&psc=1"><img src="https://m.media-amazon.com/images/I/41hbSgdLBtL._SL500_.jpg" alt="Product Image"></a><p>Speedball Fabric & Paper Block Printing Ink 6-Color Set, 1.25-Ounce x 6</p><p>$28.99 ($28.99 / Count)</p><a href="https://www.amazon.com/dp/B00881IU8M?tag=eloabder-20&linkCode=osi&th=1&psc=1">View Product</a></div><div class="product"><a href="https://www.amazon.com/dp/B000J09PFM?tag=eloabder-20&linkCode=osi&th=1&psc=1"><img src="https://m.media-amazon.com/images/I/51yPRc4nvoL._SL500_.jpg" alt="Product Image"></a><p>Speedball Water-Soluble Block Printing Ink Starter Set, 6 Bold Colors with Satin Finish, 1.25-Ounce Tubes</p><p>$29.99 ($4.00 / Fl Oz)</p><a href="https://www.amazon.com/dp/B000J09PFM?tag=eloabder-20&linkCode=osi&th=1&psc=1">View Product</a></div><div class="product"><a href="https://www.amazon.com/dp/B000BYT24U?tag=eloabder-20&linkCode=osi&th=1&psc=1"><img src="https://m.media-amazon.com/images/I/51pDlo+LlKL._SL500_.jpg" alt="Product Image"></a><p>Speedball Water-Soluble Block Printing Ink, 8-Ounce Jar, Black</p><p>$14.49</p><a href="https://www.amazon.com/dp/B000BYT24U?tag=eloabder-20&linkCode=osi&th=1&psc=1">View Product</a></div><div class="product"><a href="https://www.amazon.com/dp/B00C1JUJWW?tag=eloabder-20&linkCode=osi&th=1&psc=1"><img src="https://m.media-amazon.com/images/I/41zDtJ6f5hL._SL500_.jpg" alt="Product Image"></a><p>Speedball Fabric Block Printing Ink, 2.5-Ounce, Black</p><p>$9.99 ($4.00 / Fl Oz)</p><a href="https://www.amazon.com/dp/B00C1JUJWW?tag=eloabder-20&linkCode=osi&th=1&psc=1">View Product</a></div><div class="product"><a href="https://www.amazon.com/dp/B004PZ1ZJG?tag=eloabder-20&linkCode=osi&th=1&psc=1"><img src="https://m.media-amazon.com/images/I/41+GkhhpR5L._SL500_.jpg" alt="Product Image"></a><p>Speedball Water-Soluble Block Printing Ink Starter Set, 4-Color Set, 1.25-Ounce Tubes</p><p>$20.99</p><a href="https://www.amazon.com/dp/B004PZ1ZJG?tag=eloabder-20&linkCode=osi&th=1&psc=1">View Product</a></div><div class="product"><a href="https://www.amazon.com/dp/B0017CZF3C?tag=eloabder-20&linkCode=osi&th=1&psc=1"><img src="https://m.media-amazon.com/images/I/41S17SYPAZL._SL500_.jpg" alt="Product Image"></a><p>Speedball Water Soluble Block Printing Ink, Black, 2-1/2 Ounces - 380663</p><p>$9.99</p><a href="https://www.amazon.com/dp/B0017CZF3C?tag=eloabder-20&linkCode=osi&th=1&psc=1">View Product</a></div><div class="product"><a href="https://www.amazon.com/dp/B0BXNX8FSH?tag=eloabder-20&linkCode=osi&th=1&psc=1"><img src="https://m.media-amazon.com/images/I/51JGm1VxVOL._SL500_.jpg" alt="Product Image"></a><p>Falling in Art Water-Soluble Block Printing Ink, 6-Color Printmaking Ink Set for Linoleum Block, 3.5 floz</p><p>$28.99</p><a href="https://www.amazon.com/dp/B0BXNX8FSH?tag=eloabder-20&linkCode=osi&th=1&psc=1">View Product</a></div><div class="product"><a href="https://www.amazon.com/dp/B0027ACJBO?tag=eloabder-20&linkCode=osi&th=1&psc=1"><img src="https://m.media-amazon.com/images/I/41OzayB9ojL._SL500_.jpg" alt="Product Image"></a><p>Speedball 3476 Oil-Based Block Printing Ink Starter Set for Professional, Permanent Prints AP Certified – 1.25 FL OZ Tubes</p><p>$33.99</p><a href="https://www.amazon.com/dp/B0027ACJBO?tag=eloabder-20&linkCode=osi&th=1&psc=1">View Product</a></div>
<div class="product"><a href="https://www.amazon.com/dp/B0027AGDWK?tag=eloabder-20&linkCode=osi&th=1&psc=1"><img src="https://m.media-amazon.com/images/I/515LDer6GPL._SL500_.jpg" alt="Product Image"></a><p>Speedball Deluxe Block Printing Kit - Includes Inks, Brayer, Bench Hook, Lino Handle and Cutters, Speedy-Carve Block, Mounted Linoleum Block</p><p>$59.99</p><a href="https://www.amazon.com/dp/B0027AGDWK?tag=eloabder-20&linkCode=osi&th=1&psc=1">View Product</a></div><div class="product"><a href="https://www.amazon.com/dp/B07ZJBZN5S?tag=eloabder-20&linkCode=osi&th=1&psc=1"><img src="https://m.media-amazon.com/images/I/41UbN58y9uS._SL500_.jpg" alt="Product Image"></a><p>SGHUO 12pcs 4"x6" Pink Rubber Carving Blocks Linoleum Block Stamp Making Kit</p><p>$22.99 ($1.92 / Count)</p><a href="https://www.amazon.com/dp/B07ZJBZN5S?tag=eloabder-20&linkCode=osi&th=1&psc=1">View Product</a></div>

<div class="product"><a href="https://www.amazon.com/dp/B0D3HPD7WP?tag=eloabder-20&linkCode=osi&th=1&psc=1"><img src="https://m.media-amazon.com/images/I/31KSmmAWUWL._SL500_.jpg" alt="Product Image"></a><p>50 Sheets Grey Cardstock Paper, Colored Printer Paper 8.5 x 11, Thick Construction Paper for Cards Making, Scrapbook，Office Printing, Invitations, Certificates，DIY Crafting 92 lb/250gsm</p><p>$9.99</p><a href="https://www.amazon.com/dp/B0D3HPD7WP?tag=eloabder-20&linkCode=osi&th=1&psc=1">View Product</a></div>
<div class="product"><a href="https://www.amazon.com/dp/B076CP6F36?tag=eloabder-20&linkCode=osi&th=1&psc=1"><img src="https://m.media-amazon.com/images/I/51rfEIvgI+L._SL500_.jpg" alt="Product Image"></a><p>Apple Barrel, Vibrant Spectrum Collection Acrylic Craft Paint, PROMOABIII, 2 fl oz each, 16 assorted matte colors, 16 count</p><p>$15.97 ($0.50 / Fl Oz)</p><a href="https://www.amazon.com/dp/B076CP6F36?tag=eloabder-20&linkCode=osi&th=1&psc=1">View Product</a></div><div class="product"><a href="https://www.amazon.com/dp/B0BKFLSYQF?tag=eloabder-20&linkCode=osi&th=1&psc=1"><img src="https://m.media-amazon.com/images/I/51a0PmPRknL._SL500_.jpg" alt="Product Image"></a><p>72 Pack Acrylic Paint Set, Shuttle Art 60 Colors Acrylic Paint Including Extra White Black & 12 Brushes, 2oz/60ml, Rich Pigmented, Water Proof, Ideal for Artists, Beginners on Canvas Rock Wood Ceramic</p><p>$45.99 ($23.00 / Fl Oz)</p><a href="https://www.amazon.com/dp/B0BKFLSYQF?tag=eloabder-20&linkCode=osi&th=1&psc=1">View Product</a></div><div class="product"><a href="https://www.amazon.com/dp/B08CB3JH79?tag=eloabder-20&linkCode=osi&th=1&psc=1"><img src="https://m.media-amazon.com/images/I/51OUZsFdnTL._SL500_.jpg" alt="Product Image"></a><p>Acrylic Paint Set of 36 Colors 2fl oz 60ml Bottles,Non Toxic 36 Colors Acrylic Paint No Fading Rich Pigment for Kids Adults Artists Canvas Crafts Wood Painting</p><p>$32.99 ($0.46 / Fl Oz)</p><a href="https://www.amazon.com/dp/B08CB3JH79?tag=eloabder-20&linkCode=osi&th=1&psc=1">View Product</a></div><div class="product"><a href="https://www.amazon.com/dp/B0018NBVKQ?tag=eloabder-20&linkCode=osi&th=1&psc=1"><img src="https://m.media-amazon.com/images/I/31YlSvZMTCL._SL500_.jpg" alt="Product Image"></a><p>Apple Barrel Acrylic Paint in Assorted Colors (8 Ounce), 20403 White</p><p>$2.67 ($0.33 / Fl Oz)</p><a href="https://www.amazon.com/dp/B0018NBVKQ?tag=eloabder-20&linkCode=osi&th=1&psc=1">View Product</a></div><div class="product"><a href="https://www.amazon.com/dp/B077WSBLZ1?tag=eloabder-20&linkCode=osi&th=1&psc=1"><img src="https://m.media-amazon.com/images/I/51KPkXpLn1L._SL500_.jpg" alt="Product Image"></a><p>Shuttle Art Acrylic Paint Set, 30 x12ml Tubes Artist Quality Non Toxic Rich Pigments Colors Great for Kids Adults Professional Painting on Rocks Canvas Wood Clay Fabric Ceramic Crafts</p><p>$12.99 ($1.08 / Fl Oz)</p><a href="https://www.amazon.com/dp/B077WSBLZ1?tag=eloabder-20&linkCode=osi&th=1&psc=1">View Product</a></div><div class="product"><a href="https://www.amazon.com/dp/B00889Z5Y6?tag=eloabder-20&linkCode=osi&th=1&psc=1"><img src="https://m.media-amazon.com/images/I/41MQjsyDbSL._SL500_.jpg" alt="Product Image"></a><p>Apple Barrel Acrylic Paint in Assorted Colors (2 oz), 20764, Apricot</p><p>$0.58 ($0.29 / Fl Oz)</p><a href="https://www.amazon.com/dp/B00889Z5Y6?tag=eloabder-20&linkCode=osi&th=1&psc=1">View Product</a></div><div class="product"><a href="https://www.amazon.com/dp/B09TWQD5ZL?tag=eloabder-20&linkCode=osi&th=1&psc=1"><img src="https://m.media-amazon.com/images/I/41B0L003QXL._SL500_.jpg" alt="Product Image"></a><p>Artkey Acrylic Paint Set - 24 colors 2 oz/59 ml Acrylic Paints Professional Artists Painting Kit for Canvases Fabric Rock Leather Easter Egg Wood Ceramic Glass Art Craft Painting</p><p>$19.99 ($0.42 / Fl Oz)</p><a href="https://www.amazon.com/dp/B09TWQD5ZL?tag=eloabder-20&linkCode=osi&th=1&psc=1">View Product</a></div><div class="product"><a href="https://www.amazon.com/dp/B07Z93LQDB?tag=eloabder-20&linkCode=osi&th=1&psc=1"><img src="https://m.media-amazon.com/images/I/51veoN6zK0L._SL500_.jpg" alt="Product Image"></a><p>Shuttle Art Acrylic Paint Set, 36 Colors Acrylic Paint with Brushes & Palette, 2oz Bottles, Rich Pigments Non-toxic Paint for Artists Kids & Adults, Art Supplies for Canvas Rock Ceramic Wood Painting</p><p>$27.99</p><a href="https://www.amazon.com/dp/B07Z93LQDB?tag=eloabder-20&linkCode=osi&th=1&psc=1">View Product</a></div><div class="product"><a href="https://www.amazon.com/dp/B002665SYY?tag=eloabder-20&linkCode=osi&th=1&psc=1"><img src="https://m.media-amazon.com/images/I/31sJJeWK6OS._SL500_.jpg" alt="Product Image"></a><p>Liquitex BASICS Acrylic Paint, 250ml (8.5-oz) Tube, Titanium White</p><p>$9.99 ($1.18 / Fl Oz)</p><a href="https://www.amazon.com/dp/B002665SYY?tag=eloabder-20&linkCode=osi&th=1&psc=1">View Product</a></div>
<div class="product"><a href="https://www.amazon.com/dp/B0CC98XLGL?tag=eloabder-20&linkCode=osi&th=1&psc=1"><img src="https://m.media-amazon.com/images/I/51ZLw+nThiL._SL500_.jpg" alt="Product Image"></a><p>HUIRUSO 4 Pack Double Sided Tape Roller, Scrapbook Supplies, Glue Tape Roller for Crafts, Double-Sided Adhesive Tape Runner for Scrapbooking, School Office Journaling Supplies (0.31 in X 26.25 ft)</p><p>$6.99 ($1.75 / Count)</p><a href="https://www.amazon.com/dp/B0CC98XLGL?tag=eloabder-20&linkCode=osi&th=1&psc=1">View Product</a></div><div class="product"><a href="https://www.amazon.com/dp/B007XAAE6K?tag=eloabder-20&linkCode=osi&th=1&psc=1"><img src="https://m.media-amazon.com/images/I/414qxYVR0wL._SL500_.jpg" alt="Product Image"></a><p>Scotch Double Sided Tape Runner, 1-Pack, 0.27 in x 26 ft., Perfect for Holiday Crafts, Gifts, and More</p><p>$4.47</p><a href="https://www.amazon.com/dp/B007XAAE6K?tag=eloabder-20&linkCode=osi&th=1&psc=1">View Product</a></div><div class="product"><a href="https://www.amazon.com/dp/B0BZVGPFSK?tag=eloabder-20&linkCode=osi&th=1&psc=1"><img src="https://m.media-amazon.com/images/I/51-ue9+7JkL._SL500_.jpg" alt="Product Image"></a><p>Birllaid Double Sided Tape for Walls, Picture Hanging Strips Removable Mounting Dots Adhesive Heavy Duty, Removable for Art Craft, Decoration, Party Supplies, Multipurpose</p><p>$11.99</p><a href="https://www.amazon.com/dp/B0BZVGPFSK?tag=eloabder-20&linkCode=osi&th=1&psc=1">View Product</a></div><div class="product"><a href="https://www.amazon.com/dp/B0CGVN9SL1?tag=eloabder-20&linkCode=osi&th=1&psc=1"><img src="https://m.media-amazon.com/images/I/41Hy+i4CnoL._SL500_.jpg" alt="Product Image"></a><p>30Ft x 1 Inch Hook and Loop Strips with Adhesive,Double Rolls of Heavy Duty Self Adhesive Tape with Backing, Nylon Self Adhesive Tape for Home Office School and Crafting,White</p><p>$9.99</p><a href="https://www.amazon.com/dp/B0CGVN9SL1?tag=eloabder-20&linkCode=osi&th=1&psc=1">View Product</a></div><div class="product"><a href="https://www.amazon.com/dp/B07Y3VDPLF?tag=eloabder-20&linkCode=osi&th=1&psc=1"><img src="https://m.media-amazon.com/images/I/41cyKQ2OMuL._SL500_.jpg" alt="Product Image"></a><p>Melsan 1x4 inch Hook and Loop Strips with Adhesive - 15 Sets, Strong Back Adhesive Fasten Mounting Tape for Home or Office Use - Instead of Holes and Screws, Black</p><p>$7.82</p><a href="https://www.amazon.com/dp/B07Y3VDPLF?tag=eloabder-20&linkCode=osi&th=1&psc=1">View Product</a></div><div class="product"><a href="https://www.amazon.com/dp/B07V57VJT5?tag=eloabder-20&linkCode=osi&th=1&psc=1"><img src="https://m.media-amazon.com/images/I/514JO3bvl3L._SL500_.jpg" alt="Product Image"></a><p>XFasten Adhesive Roller for Scrapbooking, 8mm x 30ft 4-Pack Double Sided Glue Tape Roller, Scrapbook Supplies for Adults, Photo Tape for Scrapbooking</p><p>$9.99 ($2.50 / Count)</p><a href="https://www.amazon.com/dp/B07V57VJT5?tag=eloabder-20&linkCode=osi&th=1&psc=1">View Product</a></div><div class="product"><a href="https://www.amazon.com/dp/B07JLTGQHX?tag=eloabder-20&linkCode=osi&th=1&psc=1"><img src="https://m.media-amazon.com/images/I/51Eqfo7kUZL._SL500_.jpg" alt="Product Image"></a><p>UPINS 120 Pack Double Sided Foam Tape Square Self-Adhesive Foam Tape Black Strong Tape Pads for DIY Art Crafts Supplies</p><p>$9.99 ($0.08 / Count)</p><a href="https://www.amazon.com/dp/B07JLTGQHX?tag=eloabder-20&linkCode=osi&th=1&psc=1">View Product</a></div><div class="product"><a href="https://www.amazon.com/dp/B005FM6XF4?tag=eloabder-20&linkCode=osi&th=1&psc=1"><img src="https://m.media-amazon.com/images/I/51-vp1WJ89L._SL500_.jpg" alt="Product Image"></a><p>AdTech 5603 Permanent Crafter's Tape, 0.31" x 315", Pack of 4</p><p>$7.84 ($0.07 / Foot)</p><a href="https://www.amazon.com/dp/B005FM6XF4?tag=eloabder-20&linkCode=osi&th=1&psc=1">View Product</a></div><div class="product"><a href="https://www.amazon.com/dp/B0CJF1FLFJ?tag=eloabder-20&linkCode=osi&th=1&psc=1"><img src="https://m.media-amazon.com/images/I/51dig1RqzdL._SL500_.jpg" alt="Product Image"></a><p>UPINS 150Pack Double Sided Foam Tape Strong Sticky Double Sided Foam Pads for Crafts Self-Adhesive Mounting Foam Tape Heavy Duty for Home Wall Decor 40 * 40 * 2mm</p><p>$8.99 ($0.06 / Count)</p><a href="https://www.amazon.com/dp/B0CJF1FLFJ?tag=eloabder-20&linkCode=osi&th=1&psc=1">View Product</a></div><div class="product"><a href="https://www.amazon.com/dp/B0D4YWRGCL?tag=eloabder-20&linkCode=osi&th=1&psc=1"><img src="https://m.media-amazon.com/images/I/41EqJ553-KL._SL500_.jpg" alt="Product Image"></a><p>Amanbo Glue Tape for Scrapbooking, 6 Pack Scrapbook Tape, Double Sided Tape Roller for Crafts, Total 120 Ft x 0.24 in Tape Runner, Craft Supplies for Scrapbooking, Gift Wrapping and Photo Tape</p><p>$6.99</p><a href="https://www.amazon.com/dp/B0D4YWRGCL?tag=eloabder-20&linkCode=osi&th=1&psc=1">View Product</a></div>
<div class="product"><a href="https://www.amazon.com/dp/B0CC5HPPTN?tag=eloabder-20&linkCode=osi&th=1&psc=1"><img src="https://m.media-amazon.com/images/I/519M81S201L._SL500_.jpg" alt="Product Image"></a><p>Airbrush Paint - 30 Colors with 3 Thinner, Ready to Spray Airbrush Paint Set, Water-Based Acrylic Air brush Paints for Metal, Plastic Models, Canvas, Wood, 20ml/Bottle</p><p>$32.99 ($1.48 / Fl Oz)</p><a href="https://www.amazon.com/dp/B0CC5HPPTN?tag=eloabder-20&linkCode=osi&th=1&psc=1">View Product</a></div>
<div class="product"><a href="https://www.amazon.com/dp/B0CXPSGK36?tag=eloabder-20&linkCode=osi&th=1&psc=1"><img src="https://m.media-amazon.com/images/I/51dd2dYOtrL._SL500_.jpg" alt="Product Image"></a><p>Letter Stickers 30 Sheets 1500 PCS Large Alphabet Sticker 2 Inch Vinyl Self Adhesive Stick on Stickers for Water Bottles Cup Mailbox Number Address Craft Scrapbooking Bulletin Board Decor Multicolor</p><p>$9.99</p><a href="https://www.amazon.com/dp/B0CXPSGK36?tag=eloabder-20&linkCode=osi&th=1&psc=1">View Product</a></div><div class="product"><a href="https://www.amazon.com/dp/B07NNYFMGY?tag=eloabder-20&linkCode=osi&th=1&psc=1"><img src="https://m.media-amazon.com/images/I/51yDnU+gEXL._SL500_.jpg" alt="Product Image"></a><p>20 Sheets Alphabet Letter Stickers 10 Colors Self Adhesive Sticker Colorful PU Material Convex Feeling (Colored Letter Stickers 1)</p><p>$6.99 ($0.35 / Count)</p><a href="https://www.amazon.com/dp/B07NNYFMGY?tag=eloabder-20&linkCode=osi&th=1&psc=1">View Product</a></div>

<div class="product"><a href="https://www.amazon.com/dp/B01DDN8854?tag=eloabder-20&linkCode=osi&th=1&psc=1"><img src="https://m.media-amazon.com/images/I/61dPubDZBSL._SL500_.jpg" alt="Product Image"></a><p>Hugs 'n Kisses HNKHABY13 Applique Paper (20 Pack)</p><p>$19.72 ($0.99 / Count)</p><a href="https://www.amazon.com/dp/B01DDN8854?tag=eloabder-20&linkCode=osi&th=1&psc=1">View Product</a></div>
<div class="product"><a href="https://www.amazon.com/dp/B09KPNFJW1?tag=eloabder-20&linkCode=osi&th=1&psc=1"><img src="https://m.media-amazon.com/images/I/41abn5fELmL._SL500_.jpg" alt="Product Image"></a><p>UniPleased Disposable Aprons (50 Count), Plastic apron for Painting Party, Cooking, Housework, Picnic etc.</p><p>$5.69</p><a href="https://www.amazon.com/dp/B09KPNFJW1?tag=eloabder-20&linkCode=osi&th=1&psc=1">View Product</a></div>
<div class="product"><a href="https://www.amazon.com/dp/B087M21MM2?tag=eloabder-20&linkCode=osi&th=1&psc=1"><img src="https://m.media-amazon.com/images/I/41Xf-jehhLL._SL500_.jpg" alt="Product Image"></a><p>GOTIDEAL Stretched Canvas, Multi Pack 4x4, 5x7, 8x10,9x12, 11x14 Set of 10, Primed White - 100% Cotton Artist Canvas Boards for Painting, Acrylic Pouring, Oil Paint Dry & Wet Art Media</p><p>$24.99</p><a href="https://www.amazon.com/dp/B087M21MM2?tag=eloabder-20&linkCode=osi&th=1&psc=1">View Product</a></div><div class="product"><a href="https://www.amazon.com/dp/B00OQJYISG?tag=eloabder-20&linkCode=osi&th=1&psc=1"><img src="https://m.media-amazon.com/images/I/31fEDLPkkcL._SL500_.jpg" alt="Product Image"></a><p>6 Count 12” x 16” Super Value Canvas by Artist's Loft Necessities - Acid Free Cotton Canvas for Paint, Acrylic, & Oils - 1 Pack</p><p>$19.99</p><a href="https://www.amazon.com/dp/B00OQJYISG?tag=eloabder-20&linkCode=osi&th=1&psc=1">View Product</a></div><div class="product"><a href="https://www.amazon.com/dp/B09CDKB9HY?tag=eloabder-20&linkCode=osi&th=1&psc=1"><img src="https://m.media-amazon.com/images/I/51+p5xnClGL._SL500_.jpg" alt="Product Image"></a><p>DPDIAN Canvas Boards for Painting 40 Pack, 8 inch x 10 inch Super Value Pack, Artist Canvas Panels for Oil & Acrylic Painting</p><p>$29.99</p><a href="https://www.amazon.com/dp/B09CDKB9HY?tag=eloabder-20&linkCode=osi&th=1&psc=1">View Product</a></div><div class="product"><a href="https://www.amazon.com/dp/B0CFBGP29G?tag=eloabder-20&linkCode=osi&th=1&psc=1"><img src="https://m.media-amazon.com/images/I/3147Az5plbL._SL500_.jpg" alt="Product Image"></a><p>ArtSkills Stretched Canvases for Painting, 12x16 Canvas Painting Supplies for Artists, Blank Canvas Pack, 2-Pack</p><p>$16.99</p><a href="https://www.amazon.com/dp/B0CFBGP29G?tag=eloabder-20&linkCode=osi&th=1&psc=1">View Product</a></div><div class="product"><a href="https://www.amazon.com/dp/B07BNGQ1SS?tag=eloabder-20&linkCode=osi&th=1&psc=1"><img src="https://m.media-amazon.com/images/I/410ZVtygUwS._SL500_.jpg" alt="Product Image"></a><p>PHOENIX Stretched Canvas for Painting 8x10 Inch/10 Value Pack, 8 Oz Triple Primed 5/8 Inch Profile 100% Cotton White Blank Canvas, Artist Framed Canvas for Oil Acrylic & Pouring Art</p><p>$22.99</p><a href="https://www.amazon.com/dp/B07BNGQ1SS?tag=eloabder-20&linkCode=osi&th=1&psc=1">View Product</a></div><div class="product"><a href="https://www.amazon.com/dp/B0922JP1H4?tag=eloabder-20&linkCode=osi&th=1&psc=1"><img src="https://m.media-amazon.com/images/I/41BmiEND1KL._SL500_.jpg" alt="Product Image"></a><p>GOTIDEAL Canvases for Painting, 18 Pack Canvas Boards Multipack 4x4, 5x7, 8x10, 9x12,11x14,Primed White Blank Artist Canvas Variety Pack for Acrylic Paint, Oil Paint, Watercolor, Gouache</p><p>$19.99</p><a href="https://www.amazon.com/dp/B0922JP1H4?tag=eloabder-20&linkCode=osi&th=1&psc=1">View Product</a></div>


<div class="product"><a href="https://www.amazon.com/dp/B0872VFHBH?tag=eloabder-20&linkCode=osi&th=1&psc=1"><img src="https://m.media-amazon.com/images/I/51k3bekQheS._SL500_.jpg" alt="Product Image"></a><p>Bachmore Drawing Pad 9X12 Inch (110lb/180g), 60 Sheets, Top Spiral Bound Multi-Media for Artist Pro & Amateurs | Acrylic Art, Ink, Paint, Oil Pastels,Watercolor Mixed Media Sketch</p><p>$11.99</p><a href="https://www.amazon.com/dp/B0872VFHBH?tag=eloabder-20&linkCode=osi&th=1&psc=1">View Product</a></div><div class="product"><a href="https://www.amazon.com/dp/B0027A75A4?tag=eloabder-20&linkCode=osi&th=1&psc=1"><img src="https://m.media-amazon.com/images/I/51dyOxxcgYL._SL500_.jpg" alt="Product Image"></a><p>Strathmore 200 Series Sketch Pad, 9x12 inch, 100 Sheets, Tape Bound - Artist Sketchbook for Drawing, Illustration, Art Class Students</p><p>$6.99 ($0.07 / Count)</p><a href="https://www.amazon.com/dp/B0027A75A4?tag=eloabder-20&linkCode=osi&th=1&psc=1">View Product</a></div><div class="product"><a href="https://www.amazon.com/dp/B0BV13YQKX?tag=eloabder-20&linkCode=osi&th=1&psc=1"><img src="https://m.media-amazon.com/images/I/41VYfMpvXUL._SL500_.jpg" alt="Product Image"></a><p>Canson Graduate Watercolor Pad, Foldover, 9x12 inch, 20 Sheets | Artist Paper for Adults and Students - Painting, Gouache, Mixed Media and Ink</p><p>$4.97 ($0.41 / Count)</p><a href="https://www.amazon.com/dp/B0BV13YQKX?tag=eloabder-20&linkCode=osi&th=1&psc=1">View Product</a></div><div class="product"><a href="https://www.amazon.com/dp/B0024KMQ6K?tag=eloabder-20&linkCode=osi&th=1&psc=1"><img src="https://m.media-amazon.com/images/I/51sYdvPPUCL._SL500_.jpg" alt="Product Image"></a><p>Strathmore 400 Series Pastel Pad, Assorted Colors, 9"x12" Glue Bound, 24 Sheets</p><p>$9.11</p><a href="https://www.amazon.com/dp/B0024KMQ6K?tag=eloabder-20&linkCode=osi&th=1&psc=1">View Product</a></div><div class="product"><a href="https://www.amazon.com/dp/B00246O6PI?tag=eloabder-20&linkCode=osi&th=1&psc=1"><img src="https://m.media-amazon.com/images/I/517TUmckOIL._SL500_.jpg" alt="Product Image"></a><p>Strathmore 300 Series Drawing Paper Pad, Top Wire Bound, 11x14 inches, 50 Sheets (70lb/114g) - Artist Paper for Adults and Students - Charcoal, Colored Pencil, Ink, Pastel, Marker</p><p>$13.33</p><a href="https://www.amazon.com/dp/B00246O6PI?tag=eloabder-20&linkCode=osi&th=1&psc=1">View Product</a></div>
<div class="product"><a href="https://www.amazon.com/dp/B08ZMH7LJY?tag=eloabder-20&linkCode=osi&th=1&psc=1"><img src="https://m.media-amazon.com/images/I/51mJIsLJA-S._SL500_.jpg" alt="Product Image"></a><p>PANDAFLY Professional Drawing Sketching Pencil Set - 12 Pieces Graphite Pencils(14B - 2H), Ideal for Drawing Art, Sketching, Shading, Artist Pencils for Beginners & Pro Artists</p><p>$5.11</p><a href="https://www.amazon.com/dp/B08ZMH7LJY?tag=eloabder-20&linkCode=osi&th=1&psc=1">View Product</a></div><div class="product"><a href="https://www.amazon.com/dp/B088K1G5NL?tag=eloabder-20&linkCode=osi&th=1&psc=1"><img src="https://m.media-amazon.com/images/I/51F2bOMZWnL._SL500_.jpg" alt="Product Image"></a><p>MARKART Professional Drawing Sketching Pencil Set - 14 Pieces,Graphite,(12B - 4H), Ideal for Drawing Art, Sketching, Shading, Artist Pencils for Beginners & Pro Artists</p><p>$5.24</p><a href="https://www.amazon.com/dp/B088K1G5NL?tag=eloabder-20&linkCode=osi&th=1&psc=1">View Product</a></div><div class="product"><a href="https://www.amazon.com/dp/B08FHMRW4L?tag=eloabder-20&linkCode=osi&th=1&psc=1"><img src="https://m.media-amazon.com/images/I/51Pmn5gjyzL._SL500_.jpg" alt="Product Image"></a><p>Mr. Pen- Sketch Pencils for Drawing, 14 Pack, Drawing Pencils, Art Pencils, Graphite Pencils, Graphite Pencils for Drawing, Art Pencils for Drawing and Shading</p><p>$5.95</p><a href="https://www.amazon.com/dp/B08FHMRW4L?tag=eloabder-20&linkCode=osi&th=1&psc=1">View Product</a></div><div class="product"><a href="https://www.amazon.com/dp/B0BNQ58DC4?tag=eloabder-20&linkCode=osi&th=1&psc=1"><img src="https://m.media-amazon.com/images/I/51e-gQtCcCL._SL500_.jpg" alt="Product Image"></a><p>MARTCOLOR Drawing Sketching Pencils Set, 12 Pack Graphite Pencils(14B - 2H), Ideal for Drawing Art, Sketching, Shading, Artist Pencils for Beginners & Pro Artists</p><p>$5.99</p><a href="https://www.amazon.com/dp/B0BNQ58DC4?tag=eloabder-20&linkCode=osi&th=1&psc=1">View Product</a></div>

<div class="product"><a href="https://www.amazon.com/dp/B0851M3749?tag=eloabder-20&linkCode=osi&th=1&psc=1"><img src="https://m.media-amazon.com/images/I/41KKSGSDl5L._SL500_.jpg" alt="Product Image"></a><p>N NOROCME 12 PCS Blending Stumps and Tortillions Paper Art Blenders with Sandpaper Pencil Sharpener Pointer for Student Artist Charcoal Sketch Drawing Tools</p><p>$4.99</p><a href="https://www.amazon.com/dp/B0851M3749?tag=eloabder-20&linkCode=osi&th=1&psc=1">View Product</a></div><div class="product"><a href="https://www.amazon.com/dp/B09J3HKN8F?tag=eloabder-20&linkCode=osi&th=1&psc=1"><img src="https://m.media-amazon.com/images/I/51Qvx81eQLL._SL500_.jpg" alt="Product Image"></a><p>Eraser Pencils Set for Artists, Wooden Sketch Eraser Pen for Charcoal Drawings, Professional Highlight Painting Eraser for Sketching, Revise Erasing Details for Students Limner</p><p>$6.99</p><a href="https://www.amazon.com/dp/B09J3HKN8F?tag=eloabder-20&linkCode=osi&th=1&psc=1">View Product</a></div>
<div class="product"><a href="https://www.amazon.com/dp/B09WCQ89T8?tag=eloabder-20&linkCode=osi&th=1&psc=1"><img src="https://m.media-amazon.com/images/I/41gZz0qgBFL._SL500_.jpg" alt="Product Image"></a><p>Bernat BABY BLANKET BB Blue Dreams Yarn - 1 Pack of 10.5oz/300g - Polyester - #6 Super Bulky - 220 Yards - Knitting/Crochet</p><p>$6.97</p><a href="https://www.amazon.com/dp/B09WCQ89T8?tag=eloabder-20&linkCode=osi&th=1&psc=1">View Product</a></div><div class="product"><a href="https://www.amazon.com/dp/B07V5JVNFD?tag=eloabder-20&linkCode=osi&th=1&psc=1"><img src="https://m.media-amazon.com/images/I/41IS+HdtiOL._SL500_.jpg" alt="Product Image"></a><p>Lion Brand Yarn Basic Stitch Anti-Pilling Knitting Yarn, Yarn for Crocheting, 1-Pack, Baby Blue</p><p>$8.40 ($0.02 / Foot)</p><a href="https://www.amazon.com/dp/B07V5JVNFD?tag=eloabder-20&linkCode=osi&th=1&psc=1">View Product</a></div><div class="product"><a href="https://www.amazon.com/dp/B01M0AJID2?tag=eloabder-20&linkCode=osi&th=1&psc=1"><img src="https://m.media-amazon.com/images/I/41yVau0AUpL._SL500_.jpg" alt="Product Image"></a><p>Lion Brand Yarn (1 Skein) Lion Brand Yarn Babysoft Baby Yarn Yarn, Little Boy Blue Multicolor</p><p>$7.19 ($0.01 / Foot)</p><a href="https://www.amazon.com/dp/B01M0AJID2?tag=eloabder-20&linkCode=osi&th=1&psc=1">View Product</a></div><div class="product"><a href="https://www.amazon.com/dp/B09W1KHF42?tag=eloabder-20&linkCode=osi&th=1&psc=1"><img src="https://m.media-amazon.com/images/I/41maDlrio5L._SL500_.jpg" alt="Product Image"></a><p>Red Heart Super Saver Light Blue Yarn - 3 Pack of 198g/7oz - Acrylic - 4 Medium (Worsted) - 364 Yards - Knitting/Crochet</p><p>$13.29 ($4.43 / Count)</p><a href="https://www.amazon.com/dp/B09W1KHF42?tag=eloabder-20&linkCode=osi&th=1&psc=1">View Product</a></div><div class="product"><a href="https://www.amazon.com/dp/B08LKVZ3CX?tag=eloabder-20&linkCode=osi&th=1&psc=1"><img src="https://m.media-amazon.com/images/I/41GLizNx8UL._SL500_.jpg" alt="Product Image"></a><p>Bernat Baby Blanket Baby Blue Yarn - 3 Pack of 100g/3.5oz - Polyester - 6 Super Bulky - 72 Yards - Knitting/Crochet</p><p>$21.81</p><a href="https://www.amazon.com/dp/B08LKVZ3CX?tag=eloabder-20&linkCode=osi&th=1&psc=1">View Product</a></div><div class="product"><a href="https://www.amazon.com/dp/B0CHJ95WHJ?tag=eloabder-20&linkCode=osi&th=1&psc=1"><img src="https://m.media-amazon.com/images/I/314E1EQdihL._SL500_.jpg" alt="Product Image"></a><p>NORCIA Soft Velvet Yarn Chenille Yarn for Crocheting Baby Blanket Yarn for Knitting Amigurumi Yarn Fancy Yarn for Crochet Weaving Craft (Baby Blue, 1 Skein)</p><p>$9.99</p><a href="https://www.amazon.com/dp/B0CHJ95WHJ?tag=eloabder-20&linkCode=osi&th=1&psc=1">View Product</a></div>
<div class="product"><a href="https://www.amazon.com/dp/B0779F2TXJ?tag=eloabder-20&linkCode=osi&th=1&psc=1"><img src="https://m.media-amazon.com/images/I/31kqZr8DJzL._SL500_.jpg" alt="Product Image"></a><p>OPENDGO Feather Ballpoint Pen ，Black Ink Vintage Feather Quill Refined Plated Rod Quill Ballpoint Pen For School Writing ▏Wedding Gift Signature Pen (Black)</p><p>$6.97</p><a href="https://www.amazon.com/dp/B0779F2TXJ?tag=eloabder-20&linkCode=osi&th=1&psc=1">View Product</a></div><div class="product"><a href="https://www.amazon.com/dp/B0CQF3BJ3S?tag=eloabder-20&linkCode=osi&th=1&psc=1"><img src="https://m.media-amazon.com/images/I/41gs6AOiP6L._SL500_.jpg" alt="Product Image"></a><p>3 in 1 Retractable Ballpoint Pen with Light and Stylus, Nice Pens for Journaling Writing in The Dark - White/Red Light Tip- 0.7mm Black Ink</p><p>$12.99</p><a href="https://www.amazon.com/dp/B0CQF3BJ3S?tag=eloabder-20&linkCode=osi&th=1&psc=1">View Product</a></div><div class="product"><a href="https://www.amazon.com/dp/B08BBZ3B8G?tag=eloabder-20&linkCode=osi&th=1&psc=1"><img src="https://m.media-amazon.com/images/I/41cMHyw60wL._SL500_.jpg" alt="Product Image"></a><p>Mr. Pen- Pens, Black Pens, 12 Pack, Fast Dry, No Smear Pens, Bible Pens, Pens for Journaling, Pens No Bleed Through, Pens Fine Point, Journal Pens, Fine Tip, Planner Pens, Ball Point Journal Pens</p><p>$9.99</p><a href="https://www.amazon.com/dp/B08BBZ3B8G?tag=eloabder-20&linkCode=osi&th=1&psc=1">View Product</a></div><div class="product"><a href="https://www.amazon.com/dp/B0D4YWWGX6?tag=eloabder-20&linkCode=osi&th=1&psc=1"><img src="https://m.media-amazon.com/images/I/31xHBCCzJqL._SL500_.jpg" alt="Product Image"></a><p>PATIKIL 21cm/8" Feather Ballpoint Pen, 1Pcs Ink Vintage Quill Pen Refined Plated Dip Pen for Calligraphy Writing Signature Wedding Gift, Yellow</p><p>$7.49</p><a href="https://www.amazon.com/dp/B0D4YWWGX6?tag=eloabder-20&linkCode=osi&th=1&psc=1">View Product</a></div>

<div class="product"><a href="https://www.amazon.com/dp/B001TLDEVQ?tag=eloabder-20&linkCode=osi&th=1&psc=1"><img src="https://m.media-amazon.com/images/I/41jYF39F6lL._SL500_.jpg" alt="Product Image"></a><p>Beadalon SuppleMax Illusion Beading Cord, 0.40 mm / 0.016 in, Clear Monofilament, 50 m / 164 ft</p><p>$4.74</p><a href="https://www.amazon.com/dp/B001TLDEVQ?tag=eloabder-20&linkCode=osi&th=1&psc=1">View Product</a></div><div class="product"><a href="https://www.amazon.com/dp/B0D2HVFZ7Q?tag=eloabder-20&linkCode=osi&th=1&psc=1"><img src="https://m.media-amazon.com/images/I/41R66LMYz7L._SL500_.jpg" alt="Product Image"></a><p>Zxiixz 116Yards 0.5mm Bracelet String, Waxed String Cord for Bracelet Making, Beading Thread for Bracelet Beads, Friendship Bracelet String for Bracelet Making, Waxed Polyester Cord for Jewelry Making</p><p>$6.99</p><a href="https://www.amazon.com/dp/B0D2HVFZ7Q?tag=eloabder-20&linkCode=osi&th=1&psc=1">View Product</a></div><div class="product"><a href="https://www.amazon.com/dp/B07BNF8KH5?tag=eloabder-20&linkCode=osi&th=1&psc=1"><img src="https://m.media-amazon.com/images/I/51jVByheyVL._SL500_.jpg" alt="Product Image"></a><p>PH PandaHall 100 Yards 1mm Waxed Cotton Cord Thread Beading String for Bracelet Necklace Making Crafting Beading Macrame Vase Decor, Burlywood</p><p>$7.19 ($0.02 / Foot)</p><a href="https://www.amazon.com/dp/B07BNF8KH5?tag=eloabder-20&linkCode=osi&th=1&psc=1">View Product</a></div><div class="product"><a href="https://www.amazon.com/dp/B07HBPGXJG?tag=eloabder-20&linkCode=osi&th=1&psc=1"><img src="https://m.media-amazon.com/images/I/41xi8gO6kDL._SL500_.jpg" alt="Product Image"></a><p>Paxcoo 0.8mm Elastic String, Stretchy Bracelet String Crystal String Bead Cord for Bracelet, Beading and Jewelry Making (120m)</p><p>$6.99 ($0.02 / Foot)</p><a href="https://www.amazon.com/dp/B07HBPGXJG?tag=eloabder-20&linkCode=osi&th=1&psc=1">View Product</a></div><div class="product"><a href="https://www.amazon.com/dp/B0CNPST7D9?tag=eloabder-20&linkCode=osi&th=1&psc=1"><img src="https://m.media-amazon.com/images/I/41A9VISFC4L._SL500_.jpg" alt="Product Image"></a><p>Kblick Black Nylon String Cord - 1MM 100 Yards Black Twine, Bracelet String for Bracelet Making, Braided Ornament Lanyard Sting, Jewelry Thread Clay Bead String for Crafts, Macrame Satin Cord</p><p>$5.99 ($0.02 / Foot)</p><a href="https://www.amazon.com/dp/B0CNPST7D9?tag=eloabder-20&linkCode=osi&th=1&psc=1">View Product</a></div><div class="product"><a href="https://www.amazon.com/dp/B08GC3JF9X?tag=eloabder-20&linkCode=osi&th=1&psc=1"><img src="https://m.media-amazon.com/images/I/41FQZYhvQpL._SL500_.jpg" alt="Product Image"></a><p>Cheriswelry 100M 0.8mm Nylon Beading Cord Black Chinese Knotting Rattail Macrame Thread String Roll for Jewelry Making Kumihimo Wrapping Supplies DIY Crafts</p><p>$6.99 ($0.02 / Fl Oz)</p><a href="https://www.amazon.com/dp/B08GC3JF9X?tag=eloabder-20&linkCode=osi&th=1&psc=1">View Product</a></div><div class="product"><a href="https://www.amazon.com/dp/B0B3V9RWQC?tag=eloabder-20&linkCode=osi&th=1&psc=1"><img src="https://m.media-amazon.com/images/I/41F-OP+yCxL._SL500_.jpg" alt="Product Image"></a><p>Griffin Silk Bead Cord Perlseide – Black Color – Size 3 (0.50mm) – 2 Meters per Card – Stainless Steel Needle Attached – for Knotting Pearls, Gemstones, Crystals and Beads</p><p>$4.99 ($0.76 / Foot)</p><a href="https://www.amazon.com/dp/B0B3V9RWQC?tag=eloabder-20&linkCode=osi&th=1&psc=1">View Product</a></div><div class="product"><a href="https://www.amazon.com/dp/B08F49YVQP?tag=eloabder-20&linkCode=osi&th=1&psc=1"><img src="https://m.media-amazon.com/images/I/41yCMIpj0rS._SL500_.jpg" alt="Product Image"></a><p>1mm Stretchy Bracelet String, Sturdy Rainbow Elastic String Elastic Cord for Jewelry Making, Necklaces, Beading and Crafts</p><p>$6.99 ($0.04 / Foot)</p><a href="https://www.amazon.com/dp/B08F49YVQP?tag=eloabder-20&linkCode=osi&th=1&psc=1">View Product</a></div>

<div class="product"><a href="https://www.amazon.com/dp/B001GMUBJ6?tag=eloabder-20&linkCode=osi&th=1&psc=1"><img src="https://m.media-amazon.com/images/I/41V5qzn3H5L._SL500_.jpg" alt="Product Image"></a><p>The Beadsmith Fireline by Berkley – Micro-Fused Braided Thread – 6lb. Test, 006”/.15mm Diameter, 50 Yard Spool, Crystal Color – Super Strong Stringing Material for Jewelry Making and Bead Weaving</p><p>$12.59</p><a href="https://www.amazon.com/dp/B001GMUBJ6?tag=eloabder-20&linkCode=osi&th=1&psc=1">View Product</a></div><div class="product"><a href="https://www.amazon.com/dp/B001UAKK0Y?tag=eloabder-20&linkCode=osi&th=1&psc=1"><img src="https://m.media-amazon.com/images/I/41rY1D0wfuL._SL500_.jpg" alt="Product Image"></a><p>Beadalon Wildfire, 0.006 in, 0.15 mm, Break Strength 10 lb / 4.5 kg, Frost, 50 yd / 45 m</p><p>$8.85 ($0.06 / Foot)</p><a href="https://www.amazon.com/dp/B001UAKK0Y?tag=eloabder-20&linkCode=osi&th=1&psc=1">View Product</a></div><div class="product"><a href="https://www.amazon.com/dp/B095WY58F4?tag=eloabder-20&linkCode=osi&th=1&psc=1"><img src="https://m.media-amazon.com/images/I/41mXRfJqcjL._SL500_.jpg" alt="Product Image"></a><p>PH PandaHall 0.1mm Nylon Seed Bead Thread 100 Yards Black White Bracelet Cord Beading Thread Invisible Sewing Thread Nylon Braided Thread String for Leather Stitching Beading Jewelry Bracelets Making</p><p>$9.99 ($0.03 / Foot)</p><a href="https://www.amazon.com/dp/B095WY58F4?tag=eloabder-20&linkCode=osi&th=1&psc=1">View Product</a></div><div class="product"><a href="https://www.amazon.com/dp/B08RN2R2SZ?tag=eloabder-20&linkCode=osi&th=1&psc=1"><img src="https://m.media-amazon.com/images/I/41Tg2MMC++L._SL500_.jpg" alt="Product Image"></a><p>KO Nylon Beading Thread, White Color, Japanese Pre-Waxed 100% Nylon, 330TEX, Tangle Resistant Knotting Cords, 50m /55 yds Spool, Use for Seed Bead Projects, Loom Work & Bead Weaving</p><p>$7.06 ($0.04 / Foot)</p><a href="https://www.amazon.com/dp/B08RN2R2SZ?tag=eloabder-20&linkCode=osi&th=1&psc=1">View Product</a></div><div class="product"><a href="https://www.amazon.com/dp/B09J89ST79?tag=eloabder-20&linkCode=osi&th=1&psc=1"><img src="https://m.media-amazon.com/images/I/41hLuuOZeXL._SL500_.jpg" alt="Product Image"></a><p>2 Roll Polyester Thread, Heavy Duty Thread, 1500Yard/Reel 210D/3 nylon thread for sewing, Sewing Thread for Upholstery, Outdoor Market, Drapery, Leather, Beading, Crafts</p><p>$7.99 ($0.00 / Foot)</p><a href="https://www.amazon.com/dp/B09J89ST79?tag=eloabder-20&linkCode=osi&th=1&psc=1">View Product</a></div><div class="product"><a href="https://www.amazon.com/dp/B0C6MSY7QQ?tag=eloabder-20&linkCode=osi&th=1&psc=1"><img src="https://m.media-amazon.com/images/I/31Bn-MyA62L._SL500_.jpg" alt="Product Image"></a><p>PH PandaHall 0.1mm Nylon String 100 Yards Beading Thread White Nylon Seed Bead Thread Bracelet Beading Thread Sewing String for Leather Stitching Beading Jewelry Bracelets Making</p><p>$7.99 ($0.03 / Foot)</p><a href="https://www.amazon.com/dp/B0C6MSY7QQ?tag=eloabder-20&linkCode=osi&th=1&psc=1">View Product</a></div>

<div class="product"><a href="https://www.amazon.com/dp/B07NMNDT1W?tag=eloabder-20&linkCode=osi&th=1&psc=1"><img src="https://m.media-amazon.com/images/I/41-zwQIcVcL._SL500_.jpg" alt="Product Image"></a><p>Howemon White Beeswax Pellets 2LB 100% Pure and Natural Triple Filtered for Skin, Face, Body and Hair Care DIY Creams, Lotions, Lip Balm and Soap Making Supplies</p><p>$13.99 ($0.44 / Fl Oz)</p><a href="https://www.amazon.com/dp/B07NMNDT1W?tag=eloabder-20&linkCode=osi&th=1&psc=1">View Product</a></div><div class="product"><a href="https://www.amazon.com/dp/B00B3U0FW4?tag=eloabder-20&linkCode=osi&th=1&psc=1"><img src="https://m.media-amazon.com/images/I/51rWFCST+TL._SL500_.jpg" alt="Product Image"></a><p>Beesworks Yellow Beeswax Pellets (1 lb) | 100% Pure, Cosmetic Grade, Triple-Filtered Beeswax for DIY Skin care, Lip Balm, Lotion, and Candle Making</p><p>$13.99 ($0.87 / Ounce)</p><a href="https://www.amazon.com/dp/B00B3U0FW4?tag=eloabder-20&linkCode=osi&th=1&psc=1">View Product</a></div><div class="product"><a href="https://www.amazon.com/dp/B01LWX2IO1?tag=eloabder-20&linkCode=osi&th=1&psc=1"><img src="https://m.media-amazon.com/images/I/41MlNqhDyCL._SL500_.jpg" alt="Product Image"></a><p>Beesworks Yellow Beeswax Bars (6 oz) | 100% Pure, Cosmetic Grade, Triple-Filtered Beeswax for DIY Skin Care, Lip Balm, Lotion and Candle Making (1 oz Bars - Pack of 6)</p><p>$6.99</p><a href="https://www.amazon.com/dp/B01LWX2IO1?tag=eloabder-20&linkCode=osi&th=1&psc=1">View Product</a></div><div class="product"><a href="https://www.amazon.com/dp/B0BV77F19N?tag=eloabder-20&linkCode=osi&th=1&psc=1"><img src="https://m.media-amazon.com/images/I/41xzHaO1-EL._SL500_.jpg" alt="Product Image"></a><p>Beeswax Pellets 10LB Cosmetic Beeswax Triple Filtered Beeswax Pastilles for Candle Making Great for DIY Projects Creams Lotions Lip Balm and Soap Making Supplies(10LB)</p><p>$32.99</p><a href="https://www.amazon.com/dp/B0BV77F19N?tag=eloabder-20&linkCode=osi&th=1&psc=1">View Product</a></div><div class="product"><a href="https://www.amazon.com/dp/B0C9QSG3CY?tag=eloabder-20&linkCode=osi&th=1&psc=1"><img src="https://m.media-amazon.com/images/I/414XQcU6SRL._SL500_.jpg" alt="Product Image"></a><p>YASNAY White Beeswax Pellets 2LB, 100% Organic Beeswax, Beeswax for Candle Making, Body, Skin Care DIY, Lip Balm and Soap Making Supplies</p><p>$11.99</p><a href="https://www.amazon.com/dp/B0C9QSG3CY?tag=eloabder-20&linkCode=osi&th=1&psc=1">View Product</a></div><div class="product"><a href="https://www.amazon.com/dp/B097HTC4WN?tag=eloabder-20&linkCode=osi&th=1&psc=1"><img src="https://m.media-amazon.com/images/I/51pwMM7C6-L._SL500_.jpg" alt="Product Image"></a><p>Eco Lux 8 Yellow Beeswax Blocks 100% Pure Natural Organic Bees Wax 6.5oz</p><p>$8.49 ($1.35 / Ounce)</p><a href="https://www.amazon.com/dp/B097HTC4WN?tag=eloabder-20&linkCode=osi&th=1&psc=1">View Product</a></div><div class="product"><a href="https://www.amazon.com/dp/B00HDHQQCE?tag=eloabder-20&linkCode=osi&th=1&psc=1"><img src="https://m.media-amazon.com/images/I/41vF-7MwNhL._SL500_.jpg" alt="Product Image"></a><p>Murray's 100% Pure Beeswax 4 oz</p><p>$5.98 ($1.50 / Ounce)</p><a href="https://www.amazon.com/dp/B00HDHQQCE?tag=eloabder-20&linkCode=osi&th=1&psc=1">View Product</a></div><div class="product"><a href="https://www.amazon.com/dp/B09YM8JTLM?tag=eloabder-20&linkCode=osi&th=1&psc=1"><img src="https://m.media-amazon.com/images/I/41cjNuBnFEL._SL500_.jpg" alt="Product Image"></a><p>TRINIDa Beeswax Pellets 2LB(32 oz), 100% Organic Yellow Bees Wax for DIY Candles, Beeswax for Candle Making, Skin, Body, Face, and Hair Care, Lotions, DIY Creams, Lip Balm and Soap Making Supplies</p><p>$11.99</p><a href="https://www.amazon.com/dp/B09YM8JTLM?tag=eloabder-20&linkCode=osi&th=1&psc=1">View Product</a></div><div class="product"><a href="https://www.amazon.com/dp/B00F3CNMV4?tag=eloabder-20&linkCode=osi&th=1&psc=1"><img src="https://m.media-amazon.com/images/I/31pjrRAEa4L._SL500_.jpg" alt="Product Image"></a><p>Stakich Yellow Beeswax Block - Natural, Triple Filtered - 1 Pound, Honey Scent</p><p>$13.95 ($0.87 / Ounce)</p><a href="https://www.amazon.com/dp/B00F3CNMV4?tag=eloabder-20&linkCode=osi&th=1&psc=1">View Product</a></div><div class="product"><a href="https://www.amazon.com/dp/B0BXFZBZS9?tag=eloabder-20&linkCode=osi&th=1&psc=1"><img src="https://m.media-amazon.com/images/I/4178i9IB9KL._SL500_.jpg" alt="Product Image"></a><p>5LB Beeswax Pellets Beeswax for Candle Making Organic Beeswax Pellets for Skin Beeswax Beads Beeswax Bulk Beeswax for Lotion Making Organic for DIY and Craft Project</p><p>$22.99</p><a href="https://www.amazon.com/dp/B0BXFZBZS9?tag=eloabder-20&linkCode=osi&th=1&psc=1">View Product</a></div>
<div class="product"><a href="https://www.amazon.com/dp/B0052F1BVK?tag=eloabder-20&linkCode=osi&th=1&psc=1"><img src="https://m.media-amazon.com/images/I/41zE9eiGoLL._SL500_.jpg" alt="Product Image"></a><p>ACC Staples Large Binder Clips, 2" Width, 1" Capacity, Black, 12/Pk</p><p>$6.30</p><a href="https://www.amazon.com/dp/B0052F1BVK?tag=eloabder-20&linkCode=osi&th=1&psc=1">View Product</a></div><div class="product"><a href="https://www.amazon.com/dp/B07MLFR771?tag=eloabder-20&linkCode=osi&th=1&psc=1"><img src="https://m.media-amazon.com/images/I/51N2wxA7N0L._SL500_.jpg" alt="Product Image"></a><p>CooBigo 50 Pack Binder Ring, Metal Book Ring Paper Ring Holder 5/8-Inch Loose Leaf Binder Ring Clip for Index Card, Flash Card Ring, Card Calendar, Keychain Key Ring - Bronze</p><p>$6.99</p><a href="https://www.amazon.com/dp/B07MLFR771?tag=eloabder-20&linkCode=osi&th=1&psc=1">View Product</a></div><div class="product"><a href="https://www.amazon.com/dp/B01563NHGY?tag=eloabder-20&linkCode=osi&th=1&psc=1"><img src="https://m.media-amazon.com/images/I/41gj+0ZftqL._SL500_.jpg" alt="Product Image"></a><p>vanki Pack of 40 Cute Lovely Smiling Face Spring-Loaded File Organizer Paper Holder Metal Binder Clips, Assorted Color</p><p>$8.99</p><a href="https://www.amazon.com/dp/B01563NHGY?tag=eloabder-20&linkCode=osi&th=1&psc=1">View Product</a></div><div class="product"><a href="https://www.amazon.com/dp/B000GOUDSO?tag=eloabder-20&linkCode=osi&th=1&psc=1"><img src="https://m.media-amazon.com/images/I/41ZANISHgML._SL500_.jpg" alt="Product Image"></a><p>Small Binder Clips .75" 8/Pkg-Assorted Colors</p><p>$4.46</p><a href="https://www.amazon.com/dp/B000GOUDSO?tag=eloabder-20&linkCode=osi&th=1&psc=1">View Product</a></div>
<div class="product"><a href="https://www.amazon.com/dp/B07PRPX4VR?tag=eloabder-20&linkCode=osi&th=1&psc=1"><img src="https://m.media-amazon.com/images/I/41IMH12fdPL._SL500_.jpg" alt="Product Image"></a><p>Durable Sheet Lifters, Durable Easy Flow, 11" x 3", Lifts Sheets Over Rings and Protects Sheets from Tearing, Fit Standard 3-Ring Binders, Black (20 Pack)</p><p>$14.99</p><a href="https://www.amazon.com/dp/B07PRPX4VR?tag=eloabder-20&linkCode=osi&th=1&psc=1">View Product</a></div><div class="product"><a href="https://www.amazon.com/dp/B0CM8QJHFW?tag=eloabder-20&linkCode=osi&th=1&psc=1"><img src="https://m.media-amazon.com/images/I/31cJGS74oCL._SL500_.jpg" alt="Product Image"></a><p>Wantane D-Shaped Tape Storage Ring Tape Storage Ring 4" D-Shaped Washi Tape Storage Ring for DIY Decoration and Storage（Nickel）-2PCS</p><p>$7.99</p><a href="https://www.amazon.com/dp/B0CM8QJHFW?tag=eloabder-20&linkCode=osi&th=1&psc=1">View Product</a></div>
<div class="product"><a href="https://www.amazon.com/dp/B00006IAS3?tag=eloabder-20&linkCode=osi&th=1&psc=1"><img src="https://m.media-amazon.com/images/I/317DvSXhT1L._SL500_.jpg" alt="Product Image"></a><p>GBC Binding System, Manual, Desktop Binding Punch, 6 Sheet Punch Capacity, ProClick P50 (2515650)</p><p>$123.89</p><a href="https://www.amazon.com/dp/B00006IAS3?tag=eloabder-20&linkCode=osi&th=1&psc=1">View Product</a></div><div class="product"><a href="https://www.amazon.com/dp/B004BP81KQ?tag=eloabder-20&linkCode=osi&th=1&psc=1"><img src="https://m.media-amazon.com/images/I/51SqfeZ12KL._SL500_.jpg" alt="Product Image"></a><p>We R Memory Keepers Cinch Book Binding Wire (1-Inch, Silver (2 Pack))</p><p>$5.99</p><a href="https://www.amazon.com/dp/B004BP81KQ?tag=eloabder-20&linkCode=osi&th=1&psc=1">View Product</a></div>

<div class="product"><a href="https://www.amazon.com/dp/B0007ZJ8TM?tag=eloabder-20&linkCode=osi&th=1&psc=1"><img src="https://m.media-amazon.com/images/I/41i49sz3UAL._SL500_.jpg" alt="Product Image"></a><p>Speedball Super Black India Ink, 2-Ounce</p><p>$9.99 ($9.99 / Count)</p><a href="https://www.amazon.com/dp/B0007ZJ8TM?tag=eloabder-20&linkCode=osi&th=1&psc=1">View Product</a></div><div class="product"><a href="https://www.amazon.com/dp/B0026I10AI?tag=eloabder-20&linkCode=osi&th=1&psc=1"><img src="https://m.media-amazon.com/images/I/31vklP4uBsL._SL500_.jpg" alt="Product Image"></a><p>Dr. Ph. Martin's Bombay India (7BY) Ink Bottle, 1.0 oz, Black</p><p>$6.99</p><a href="https://www.amazon.com/dp/B0026I10AI?tag=eloabder-20&linkCode=osi&th=1&psc=1">View Product</a></div><div class="product"><a href="https://www.amazon.com/dp/B000KNP96C?tag=eloabder-20&linkCode=osi&th=1&psc=1"><img src="https://m.media-amazon.com/images/I/51e9srYtG0L._SL500_.jpg" alt="Product Image"></a><p>Winsor & Newton Drawing Ink, 14ml Bottle, Black Indian</p><p>$10.99</p><a href="https://www.amazon.com/dp/B000KNP96C?tag=eloabder-20&linkCode=osi&th=1&psc=1">View Product</a></div><div class="product"><a href="https://www.amazon.com/dp/B07BQG5QF4?tag=eloabder-20&linkCode=osi&th=1&psc=1"><img src="https://m.media-amazon.com/images/I/41nEMDYZaiL._SL500_.jpg" alt="Product Image"></a><p>Speedball Super Black India Ink, 16-Ounce</p><p>$19.99</p><a href="https://www.amazon.com/dp/B07BQG5QF4?tag=eloabder-20&linkCode=osi&th=1&psc=1">View Product</a></div><div class="product"><a href="https://www.amazon.com/dp/B001038NLY?tag=eloabder-20&linkCode=osi&th=1&psc=1"><img src="https://m.media-amazon.com/images/I/418i4sxJJ0L._SL500_.jpg" alt="Product Image"></a><p>Speedball Fabric Screen Printing Ink, 8-Ounce, Black for T-Shirt and Silkscreen Printmaking</p><p>$12.99 ($1.62 / Fl Oz)</p><a href="https://www.amazon.com/dp/B001038NLY?tag=eloabder-20&linkCode=osi&th=1&psc=1">View Product</a></div><div class="product"><a href="https://www.amazon.com/dp/B00161OPSA?tag=eloabder-20&linkCode=osi&th=1&psc=1"><img src="https://m.media-amazon.com/images/I/41C32y3CJAL._SL500_.jpg" alt="Product Image"></a><p>Tsukineko VersaFine inkpad, Full-Size, Onyx Black</p><p>$4.99 ($4.99 / Count)</p><a href="https://www.amazon.com/dp/B00161OPSA?tag=eloabder-20&linkCode=osi&th=1&psc=1">View Product</a></div>
<div class="product"><a href="https://www.amazon.com/dp/B07Q4TJCDJ?tag=eloabder-20&linkCode=osi&th=1&psc=1"><img src="https://m.media-amazon.com/images/I/315HYvYg-BL._SL500_.jpg" alt="Product Image"></a><p>Primbeeks 300pcs Blank Business Cards, Premium Blank White Cards, 3.5" x 2.2" Small Blank Cards, Blank Cardstock Cards, Small Note Cards, white blank cards, white business cards, kraft paper cards</p><p>$7.99</p><a href="https://www.amazon.com/dp/B07Q4TJCDJ?tag=eloabder-20&linkCode=osi&th=1&psc=1">View Product</a></div><div class="product"><a href="https://www.amazon.com/dp/B0CRGHFLT8?tag=eloabder-20&linkCode=osi&th=1&psc=1"><img src="https://m.media-amazon.com/images/I/41S1NLpb8hL._SL500_.jpg" alt="Product Image"></a><p>Watercolor Cards and Envelopes Set - 50 Folded 5x7 Inch Blank Heavyweight Paper Cards (140lb/300gsm) with Matching Envelopes for DIY Greeting Cards, Festivals, and Events</p><p>$17.99 ($0.36 / Count)</p><a href="https://www.amazon.com/dp/B0CRGHFLT8?tag=eloabder-20&linkCode=osi&th=1&psc=1">View Product</a></div><div class="product"><a href="https://www.amazon.com/dp/B08MX4TZ3H?tag=eloabder-20&linkCode=osi&th=1&psc=1"><img src="https://m.media-amazon.com/images/I/41D2u4vdLQL._SL500_.jpg" alt="Product Image"></a><p>50 Pack Blank Kraft Cards Cardstock Thick Paper Brown Greeting Cards for DIY Gift Card Menus, Baby Shower and Wedding Invitations (Multicolored, 5x7IN)</p><p>$8.99</p><a href="https://www.amazon.com/dp/B08MX4TZ3H?tag=eloabder-20&linkCode=osi&th=1&psc=1">View Product</a></div><div class="product"><a href="https://www.amazon.com/dp/B08BDGGVMK?tag=eloabder-20&linkCode=osi&th=1&psc=1"><img src="https://m.media-amazon.com/images/I/41W-dTUoBqL._SL500_.jpg" alt="Product Image"></a><p>100pcs 3.54"x2" Blank Kraft Paper Business Card, Words Message Notes paper Tags, Mini Craft Cardboard Festival gifts - 6 colors</p><p>$5.98</p><a href="https://www.amazon.com/dp/B08BDGGVMK?tag=eloabder-20&linkCode=osi&th=1&psc=1">View Product</a></div><div class="product"><a href="https://www.amazon.com/dp/B08BFDJJ78?tag=eloabder-20&linkCode=osi&th=1&psc=1"><img src="https://m.media-amazon.com/images/I/61LZ1Csb+dL._SL500_.jpg" alt="Product Image"></a><p>Nettbe 100pcs 3.54"x2" Blank Kraft Paper Business Card, Words Message Notes paper Tags, Mini Craft Cardboard Festival gifts</p><p>$5.99</p><a href="https://www.amazon.com/dp/B08BFDJJ78?tag=eloabder-20&linkCode=osi&th=1&psc=1">View Product</a></div><div class="product"><a href="https://www.amazon.com/dp/B07Q8YBJM3?tag=eloabder-20&linkCode=osi&th=1&psc=1"><img src="https://m.media-amazon.com/images/I/31w6U4cCqEL._SL500_.jpg" alt="Product Image"></a><p>Primbeeks 228pcs Blank Business Cards, Premium Blank White Cards, 3.5" x 2.2" Small Blank Cards, Blank Cardstock Cards, Small Note Cards, white blank cards, white business cards, kraft paper cards</p><p>$5.99</p><a href="https://www.amazon.com/dp/B07Q8YBJM3?tag=eloabder-20&linkCode=osi&th=1&psc=1">View Product</a></div><div class="product"><a href="https://www.amazon.com/dp/B08X4Z9TGN?tag=eloabder-20&linkCode=osi&th=1&psc=1"><img src="https://m.media-amazon.com/images/I/41Jqhe35tDL._SL500_.jpg" alt="Product Image"></a><p>321Done Blank Rustic Cards, Made in USA - 4x6 Thick, Heavy Cardstock - Make Invites, Greeting, Note, Thank You Cards - Plain Kraft for Writing, Stamping, Printing, Art - No Envelopes - Set of 50</p><p>$14.99</p><a href="https://www.amazon.com/dp/B08X4Z9TGN?tag=eloabder-20&linkCode=osi&th=1&psc=1">View Product</a></div><div class="product"><a href="https://www.amazon.com/dp/B0D2KDWBNM?tag=eloabder-20&linkCode=osi&th=1&psc=1"><img src="https://m.media-amazon.com/images/I/31dAhnBJ7aL._SL500_.jpg" alt="Product Image"></a><p>4x6 Blank White Cardstock (Set of 100) - Card Stock for Printer Postcards, Photo Paper Invitations, Greeting, Note, Thank You, DIY Making, Index Cards - Plain for Writing, Stamping, Printing, Art</p><p>$8.99</p><a href="https://www.amazon.com/dp/B0D2KDWBNM?tag=eloabder-20&linkCode=osi&th=1&psc=1">View Product</a></div><div class="product"><a href="https://www.amazon.com/dp/B0BB858RYN?tag=eloabder-20&linkCode=osi&th=1&psc=1"><img src="https://m.media-amazon.com/images/I/317zmriPKNL._SL500_.jpg" alt="Product Image"></a><p>WANDERINGS Handmade White Deckle Edge Blank Greeting Cards- Folded to 5x7” - Pack of 25 - Writers, Artists, Crafters - Thank Yous, Invitations, Menus, Greeting Cards, Notes - Thick 150 GSM</p><p>$21.99 ($0.88 / Count)</p><a href="https://www.amazon.com/dp/B0BB858RYN?tag=eloabder-20&linkCode=osi&th=1&psc=1">View Product</a></div><div class="product"><a href="https://www.amazon.com/dp/B0BZPPXRZW?tag=eloabder-20&linkCode=osi&th=1&psc=1"><img src="https://m.media-amazon.com/images/I/21Da-WQhrpL._SL500_.jpg" alt="Product Image"></a><p>100 Pack Thick Paper Cardstock Blank Heavy Cards Stock for Invitations, Greeting Cards Making, Postcards, Photos, 250GSM Thick Paper (White, 2x3.5 inches)</p><p>$5.99</p><a href="https://www.amazon.com/dp/B0BZPPXRZW?tag=eloabder-20&linkCode=osi&th=1&psc=1">View Product</a></div>
<div class="product"><a href="https://www.amazon.com/dp/B0BZRDQKH6?tag=eloabder-20&linkCode=osi&th=1&psc=1"><img src="https://m.media-amazon.com/images/I/41GYYRiusgL._SL500_.jpg" alt="Product Image"></a><p>feela 8 Pack Unlined Kraft Paper Notebooks, Blank Journal Note Pad for Drawing Writing, Small Sketchbook Travel Journal Bulk for Women Kids Students Office School Supplies, A5, 60 Pages, 8.3” X 5.5”</p><p>$9.99</p><a href="https://www.amazon.com/dp/B0BZRDQKH6?tag=eloabder-20&linkCode=osi&th=1&psc=1">View Product</a></div><div class="product"><a href="https://www.amazon.com/dp/B0BXLB74KK?tag=eloabder-20&linkCode=osi&th=1&psc=1"><img src="https://m.media-amazon.com/images/I/313vYzg7HpL._SL500_.jpg" alt="Product Image"></a><p>ZZTX 4 Pack Blank Kraft Notebooks, Blank Paper Sketchbooks for Drawing Doodling Writing,Travel Journal Set, A5, 36 Pages, 8.3” X 5.5”</p><p>$5.99</p><a href="https://www.amazon.com/dp/B0BXLB74KK?tag=eloabder-20&linkCode=osi&th=1&psc=1">View Product</a></div><div class="product"><a href="https://www.amazon.com/dp/B0BW5TNPXJ?tag=eloabder-20&linkCode=osi&th=1&psc=1"><img src="https://m.media-amazon.com/images/I/31Wu8UP78iL._SL500_.jpg" alt="Product Image"></a><p>EOOUT Kraft Notebooks, Blank Page Journals in Bulk, 16pcs A5, 8.3 X 5.5 Inches, 60 Pages, 80gsm, Travel Journal Set, for Art Camp, Travelers, Students and Office Supplies Sketchbooks Bulk for Kids</p><p>$15.99</p><a href="https://www.amazon.com/dp/B0BW5TNPXJ?tag=eloabder-20&linkCode=osi&th=1&psc=1">View Product</a></div><div class="product"><a href="https://www.amazon.com/dp/B08P3F46SD?tag=eloabder-20&linkCode=osi&th=1&psc=1"><img src="https://m.media-amazon.com/images/I/41jeBDcZJ1L._SL500_.jpg" alt="Product Image"></a><p>Krafty Soft Cover Blank Notebook Journal, Spiral Sketchbook Pad, Drawing Book, 60 Sheets/140gsm (A4)/120 Pages</p><p>$7.99</p><a href="https://www.amazon.com/dp/B08P3F46SD?tag=eloabder-20&linkCode=osi&th=1&psc=1">View Product</a></div><div class="product"><a href="https://www.amazon.com/dp/B0CWNPMC4T?tag=eloabder-20&linkCode=osi&th=1&psc=1"><img src="https://m.media-amazon.com/images/I/31BZeVGe6TL._SL500_.jpg" alt="Product Image"></a><p>zmybcpack 5 Pack Blank Journal Notebooks, Blank Paper Sketchbook for Drawing Writing, Travel Journal Notebook Kraft Paper Notebook for Travelers, Students, Office, A5, 8.26” x 5.5”, 60 Pages/30 Sheets</p><p>$8.99</p><a href="https://www.amazon.com/dp/B0CWNPMC4T?tag=eloabder-20&linkCode=osi&th=1&psc=1">View Product</a></div><div class="product"><a href="https://www.amazon.com/dp/B07WHYP9WN?tag=eloabder-20&linkCode=osi&th=1&psc=1"><img src="https://m.media-amazon.com/images/I/41ZhyCux1yL._SL500_.jpg" alt="Product Image"></a><p>Thick Blank Journal Notebook with Unlined / Unruled / Plain Pages | Deluxe 120gsm Ink Resistant Paper for Writing, Sketch Book, 160 Pages | Hardcover Sketchbook with Pen Holder, Pocket, Ribbon (Black)</p><p>$14.99</p><a href="https://www.amazon.com/dp/B07WHYP9WN?tag=eloabder-20&linkCode=osi&th=1&psc=1">View Product</a></div>
<div class="product"><a href="https://www.amazon.com/dp/B07MT7HKZW?tag=eloabder-20&linkCode=osi&th=1&psc=1"><img src="https://m.media-amazon.com/images/I/413JwH5JREL._SL500_.jpg" alt="Product Image"></a><p>Spiral Sketch Book Large Notebook（Built-in Drawing Board） Kraft Cover Blank Sketch Pad Wirebound Sketching for Drawing Painting 8.5x11-Inch (2 Pack) 200 Sheets, 100 Sheets, 200Pages Each</p><p>$17.99 ($9.00 / Count)</p><a href="https://www.amazon.com/dp/B07MT7HKZW?tag=eloabder-20&linkCode=osi&th=1&psc=1">View Product</a></div><div class="product"><a href="https://www.amazon.com/dp/B0BDQ82WB9?tag=eloabder-20&linkCode=osi&th=1&psc=1"><img src="https://m.media-amazon.com/images/I/51FoWr3GPwL._SL500_.jpg" alt="Product Image"></a><p>feela 170 Pack Blank Kraft Notebooks, Unlined Sketchbook Mini Cute Note Pad for Drawing Writing, Journal Bulk For Kids Students Office School Supplies, A6, 48 Pages, 4.25” X 5.5”, Black and Brown</p><p>$51.99</p><a href="https://www.amazon.com/dp/B0BDQ82WB9?tag=eloabder-20&linkCode=osi&th=1&psc=1">View Product</a></div><div class="product"><a href="https://www.amazon.com/dp/B0B3WWHWT2?tag=eloabder-20&linkCode=osi&th=1&psc=1"><img src="https://m.media-amazon.com/images/I/31m0FzXtPxL._SL500_.jpg" alt="Product Image"></a><p>Tamaki 6 Pack Colorful Blank Books for kids to Write, Drawing, Cute Sketchbook for Kid, 6 Colors (4.25 x 5.5 Inches)</p><p>$6.99</p><a href="https://www.amazon.com/dp/B0B3WWHWT2?tag=eloabder-20&linkCode=osi&th=1&psc=1">View Product</a></div>
<div class="product"><a href="https://www.amazon.com/dp/B0BGH2P9M6?tag=eloabder-20&linkCode=osi&th=1&psc=1"><img src="https://m.media-amazon.com/images/I/41ozOaYoHEL._SL500_.jpg" alt="Product Image"></a><p>EOOUT 100pcs A5 Kraft Notebooks, Blank Page Journals in Bulk, Sketchbooks Bulk for Kids, 60 Pages, 80GSM, 8.3 X 5.5 Inch, Travel Journal Set, for Art Camp, Travelers, Students and Office Supplies</p><p>$51.99</p><a href="https://www.amazon.com/dp/B0BGH2P9M6?tag=eloabder-20&linkCode=osi&th=1&psc=1">View Product</a></div><div class="product"><a href="https://www.amazon.com/dp/B07MT99F94?tag=eloabder-20&linkCode=osi&th=1&psc=1"><img src="https://m.media-amazon.com/images/I/41Ug7gpSWDL._SL500_.jpg" alt="Product Image"></a><p>Spiral Sketch Book Large Notebook（Built-in Drawing Board） Kraft Cover Blank Sketch Pad Wirebound Sketching for Drawing Painting 8.5x11-Inch (1 Pack) 200 Pages, 100 Sheets</p><p>$9.99</p><a href="https://www.amazon.com/dp/B07MT99F94?tag=eloabder-20&linkCode=osi&th=1&psc=1">View Product</a></div><div class="product"><a href="https://www.amazon.com/dp/B07CM32KLM?tag=eloabder-20&linkCode=osi&th=1&psc=1"><img src="https://m.media-amazon.com/images/I/41ENhBLE9DL._SL500_.jpg" alt="Product Image"></a><p>Kraft Cover Drawing Notebook & Sketchbook – Set of 2 Blank Plain Sketch Books – 125g Thick Paper A5 Size, 150x210mm Paper Ideal for Drawing & Sketching- 128 sheets/256 pages – 180 Degree Opening, 2pcs</p><p>$20.99 ($0.08 / Count)</p><a href="https://www.amazon.com/dp/B07CM32KLM?tag=eloabder-20&linkCode=osi&th=1&psc=1">View Product</a></div><div class="product"><a href="https://www.amazon.com/dp/B08ZLMLF7C?tag=eloabder-20&linkCode=osi&th=1&psc=1"><img src="https://m.media-amazon.com/images/I/41X-5yj83vL._SL500_.jpg" alt="Product Image"></a><p>BEECHMORE BOOKS Sketch Book, A4 8.5 x 11.5 inch Blank Sketchbook for Drawing, Paint and Draw, 156 Pages Thick Paper 160gsm, Hardcover Leather Art Notebook, Boxed for Gifts (Chestnut Brown)</p><p>$21.20</p><a href="https://www.amazon.com/dp/B08ZLMLF7C?tag=eloabder-20&linkCode=osi&th=1&psc=1">View Product</a></div>
<div class="product"><a href="https://www.amazon.com/dp/B075M9MSFH?tag=eloabder-20&linkCode=osi&th=1&psc=1"><img src="https://m.media-amazon.com/images/I/51x+szTX6TL._SL500_.jpg" alt="Product Image"></a><p>Bianyo Bleedproof Marker Paper Pad, A4(8.27"X11.69"), 50 Sheets, 18 LB / 70 GSM, Glue-Bound, 100% Cotton, White, Ideal for Use with Markers and Ink Mediums</p><p>$9.99</p><a href="https://www.amazon.com/dp/B075M9MSFH?tag=eloabder-20&linkCode=osi&th=1&psc=1">View Product</a></div><div class="product"><a href="https://www.amazon.com/dp/B08FX5S2NL?tag=eloabder-20&linkCode=osi&th=1&psc=1"><img src="https://m.media-amazon.com/images/I/41CA0ZfazKL._SL500_.jpg" alt="Product Image"></a><p>Marker Paper Sketchbook, Bleedproof Art Marker Pad, (8.27 X 11.69) Inch, White, 40 Sheets</p><p>$6.99</p><a href="https://www.amazon.com/dp/B08FX5S2NL?tag=eloabder-20&linkCode=osi&th=1&psc=1">View Product</a></div><div class="product"><a href="https://www.amazon.com/dp/B0CJRBFSJ8?tag=eloabder-20&linkCode=osi&th=1&psc=1"><img src="https://m.media-amazon.com/images/I/51DLA8TpwEL._SL500_.jpg" alt="Product Image"></a><p>Shuttle Art Marker Pad, 8.3”x8.9” Portable Square Sketchbook, 80 Sheets Marker Drawing Paper, 120LB/200GSM Bleedproof Art Paper, Spiral-Bound, Great for Professional Artist to Draw, Paint & Sketch</p><p>$16.99</p><a href="https://www.amazon.com/dp/B0CJRBFSJ8?tag=eloabder-20&linkCode=osi&th=1&psc=1">View Product</a></div><div class="product"><a href="https://www.amazon.com/dp/B09N7VX5Z5?tag=eloabder-20&linkCode=osi&th=1&psc=1"><img src="https://m.media-amazon.com/images/I/51xCPs9HZyL._SL500_.jpg" alt="Product Image"></a><p>Marker Paper Sketchbook - Marker Sketchbook with Bleedproof Smooth Coated Art Paper, 120 GSM 80 LBS - Marker Pad for Alcohol Markers, Sketching, Drawing - 8.11 x 8.5 Inch | 50 Sheets, 2 Pack</p><p>$15.99 ($8.00 / Count)</p><a href="https://www.amazon.com/dp/B09N7VX5Z5?tag=eloabder-20&linkCode=osi&th=1&psc=1">View Product</a></div><div class="product"><a href="https://www.amazon.com/dp/B07CK94W9T?tag=eloabder-20&linkCode=osi&th=1&psc=1"><img src="https://m.media-amazon.com/images/I/41ocoSNDjdL._SL500_.jpg" alt="Product Image"></a><p>BOXUN Premium 50 Sheets Sketch Marker Paper Pad, Bleedproof Artist Drawing Paper, 8.27 x 11.69 Inch</p><p>$8.29 ($0.17 / Count)</p><a href="https://www.amazon.com/dp/B07CK94W9T?tag=eloabder-20&linkCode=osi&th=1&psc=1">View Product</a></div><div class="product"><a href="https://www.amazon.com/dp/B0CPXWD11W?tag=eloabder-20&linkCode=osi&th=1&psc=1"><img src="https://m.media-amazon.com/images/I/51ApKzpDVNL._SL500_.jpg" alt="Product Image"></a><p>FEITAKE Marker Paper Pad Sketchbook Bleedproof for Alcohol Markers 120lb/200gsm Double Sided Thick Art Drawing Papers 60pages (30Sheets) / A4(8.3"x11.7") Gift for Artists Students Kids</p><p>$13.99 ($0.47 / Count)</p><a href="https://www.amazon.com/dp/B0CPXWD11W?tag=eloabder-20&linkCode=osi&th=1&psc=1">View Product</a></div><div class="product"><a href="https://www.amazon.com/dp/B0025TWYW6?tag=eloabder-20&linkCode=osi&th=1&psc=1"><img src="https://m.media-amazon.com/images/I/51t6UkUHCvL._SL500_.jpg" alt="Product Image"></a><p>Bee Paper Bleedproof Marker Pack, 8-1/2-Inch by 11-Inch, 50 Sheets per Pack</p><p>$17.09 ($0.34 / Count)</p><a href="https://www.amazon.com/dp/B0025TWYW6?tag=eloabder-20&linkCode=osi&th=1&psc=1">View Product</a></div><div class="product"><a href="https://www.amazon.com/dp/B0CJRBYYQB?tag=eloabder-20&linkCode=osi&th=1&psc=1"><img src="https://m.media-amazon.com/images/I/41knBnjZ25L._SL500_.jpg" alt="Product Image"></a><p>Shuttle Art Marker Pad, 8.3”x7.67” Portable Square Sketchbook, 50 Sheets Marker Drawing Paper, 60LB/90GSM Smooth Surface Bleedproof Art Paper, Glue-Bound, Great for Beginners to Draw, Paint & Sketch</p><p>$8.99 ($0.18 / Count)</p><a href="https://www.amazon.com/dp/B0CJRBYYQB?tag=eloabder-20&linkCode=osi&th=1&psc=1">View Product</a></div>
<div class="product"><a href="https://www.amazon.com/dp/B00881IU8M?tag=eloabder-20&linkCode=osi&th=1&psc=1"><img src="https://m.media-amazon.com/images/I/41hbSgdLBtL._SL500_.jpg" alt="Product Image"></a><p>Speedball Fabric & Paper Block Printing Ink 6-Color Set, 1.25-Ounce x 6</p><p>$28.99 ($28.99 / Count)</p><a href="https://www.amazon.com/dp/B00881IU8M?tag=eloabder-20&linkCode=osi&th=1&psc=1">View Product</a></div><div class="product"><a href="https://www.amazon.com/dp/B000J09PFM?tag=eloabder-20&linkCode=osi&th=1&psc=1"><img src="https://m.media-amazon.com/images/I/51yPRc4nvoL._SL500_.jpg" alt="Product Image"></a><p>Speedball Water-Soluble Block Printing Ink Starter Set, 6 Bold Colors with Satin Finish, 1.25-Ounce Tubes</p><p>$29.99 ($4.00 / Fl Oz)</p><a href="https://www.amazon.com/dp/B000J09PFM?tag=eloabder-20&linkCode=osi&th=1&psc=1">View Product</a></div><div class="product"><a href="https://www.amazon.com/dp/B000BYT24U?tag=eloabder-20&linkCode=osi&th=1&psc=1"><img src="https://m.media-amazon.com/images/I/51pDlo+LlKL._SL500_.jpg" alt="Product Image"></a><p>Speedball Water-Soluble Block Printing Ink, 8-Ounce Jar, Black</p><p>$14.49</p><a href="https://www.amazon.com/dp/B000BYT24U?tag=eloabder-20&linkCode=osi&th=1&psc=1">View Product</a></div><div class="product"><a href="https://www.amazon.com/dp/B00C1JUJWW?tag=eloabder-20&linkCode=osi&th=1&psc=1"><img src="https://m.media-amazon.com/images/I/41zDtJ6f5hL._SL500_.jpg" alt="Product Image"></a><p>Speedball Fabric Block Printing Ink, 2.5-Ounce, Black</p><p>$9.99 ($4.00 / Fl Oz)</p><a href="https://www.amazon.com/dp/B00C1JUJWW?tag=eloabder-20&linkCode=osi&th=1&psc=1">View Product</a></div><div class="product"><a href="https://www.amazon.com/dp/B004PZ1ZJG?tag=eloabder-20&linkCode=osi&th=1&psc=1"><img src="https://m.media-amazon.com/images/I/41+GkhhpR5L._SL500_.jpg" alt="Product Image"></a><p>Speedball Water-Soluble Block Printing Ink Starter Set, 4-Color Set, 1.25-Ounce Tubes</p><p>$20.99</p><a href="https://www.amazon.com/dp/B004PZ1ZJG?tag=eloabder-20&linkCode=osi&th=1&psc=1">View Product</a></div><div class="product"><a href="https://www.amazon.com/dp/B0017CZF3C?tag=eloabder-20&linkCode=osi&th=1&psc=1"><img src="https://m.media-amazon.com/images/I/41S17SYPAZL._SL500_.jpg" alt="Product Image"></a><p>Speedball Water Soluble Block Printing Ink, Black, 2-1/2 Ounces - 380663</p><p>$9.99</p><a href="https://www.amazon.com/dp/B0017CZF3C?tag=eloabder-20&linkCode=osi&th=1&psc=1">View Product</a></div><div class="product"><a href="https://www.amazon.com/dp/B0BXNX8FSH?tag=eloabder-20&linkCode=osi&th=1&psc=1"><img src="https://m.media-amazon.com/images/I/51JGm1VxVOL._SL500_.jpg" alt="Product Image"></a><p>Falling in Art Water-Soluble Block Printing Ink, 6-Color Printmaking Ink Set for Linoleum Block, 3.5 floz</p><p>$28.99</p><a href="https://www.amazon.com/dp/B0BXNX8FSH?tag=eloabder-20&linkCode=osi&th=1&psc=1">View Product</a></div><div class="product"><a href="https://www.amazon.com/dp/B0027ACJBO?tag=eloabder-20&linkCode=osi&th=1&psc=1"><img src="https://m.media-amazon.com/images/I/41OzayB9ojL._SL500_.jpg" alt="Product Image"></a><p>Speedball 3476 Oil-Based Block Printing Ink Starter Set for Professional, Permanent Prints AP Certified – 1.25 FL OZ Tubes</p><p>$33.99</p><a href="https://www.amazon.com/dp/B0027ACJBO?tag=eloabder-20&linkCode=osi&th=1&psc=1">View Product</a></div>
<div class="product"><a href="https://www.amazon.com/dp/B0027AGDWK?tag=eloabder-20&linkCode=osi&th=1&psc=1"><img src="https://m.media-amazon.com/images/I/515LDer6GPL._SL500_.jpg" alt="Product Image"></a><p>Speedball Deluxe Block Printing Kit - Includes Inks, Brayer, Bench Hook, Lino Handle and Cutters, Speedy-Carve Block, Mounted Linoleum Block</p><p>$59.99</p><a href="https://www.amazon.com/dp/B0027AGDWK?tag=eloabder-20&linkCode=osi&th=1&psc=1">View Product</a></div><div class="product"><a href="https://www.amazon.com/dp/B07ZJBZN5S?tag=eloabder-20&linkCode=osi&th=1&psc=1"><img src="https://m.media-amazon.com/images/I/41UbN58y9uS._SL500_.jpg" alt="Product Image"></a><p>SGHUO 12pcs 4"x6" Pink Rubber Carving Blocks Linoleum Block Stamp Making Kit</p><p>$22.99 ($1.92 / Count)</p><a href="https://www.amazon.com/dp/B07ZJBZN5S?tag=eloabder-20&linkCode=osi&th=1&psc=1">View Product</a></div>
<div class="product"><a href="https://www.amazon.com/dp/B00L2DYUM8?tag=eloabder-20&linkCode=osi&th=1&psc=1"><img src="https://m.media-amazon.com/images/I/51l5FZ0+5AL._SL500_.jpg" alt="Product Image"></a><p>Strathmore 300 Series Printmaking Paper Pad, Glue Bound, 5x7 inches, 40 Sheets (120g) - Artist Paper for Adults and Students - Block Printing, Linocut, Screen Printing, White</p><p>$7.26</p><a href="https://www.amazon.com/dp/B00L2DYUM8?tag=eloabder-20&linkCode=osi&th=1&psc=1">View Product</a></div><div class="product"><a href="https://www.amazon.com/dp/B07BSYS5XC?tag=eloabder-20&linkCode=osi&th=1&psc=1"><img src="https://m.media-amazon.com/images/I/51Uwfq0jv+L._SL500_.jpg" alt="Product Image"></a><p>Ucreate Printmaking Paper, 9"x12", White, 100 Sheet, P9001</p><p>$9.79</p><a href="https://www.amazon.com/dp/B07BSYS5XC?tag=eloabder-20&linkCode=osi&th=1&psc=1">View Product</a></div><div class="product"><a href="https://www.amazon.com/dp/B00K5562WA?tag=eloabder-20&linkCode=osi&th=1&psc=1"><img src="https://m.media-amazon.com/images/I/51Dm+TeJGdL._SL500_.jpg" alt="Product Image"></a><p>Strathmore Printmaking Paper Pad 8"X10"-20 Sheets -62433800, White</p><p>$10.19</p><a href="https://www.amazon.com/dp/B00K5562WA?tag=eloabder-20&linkCode=osi&th=1&psc=1">View Product</a></div><div class="product"><a href="https://www.amazon.com/dp/B001DNH8I0?tag=eloabder-20&linkCode=osi&th=1&psc=1"><img src="https://m.media-amazon.com/images/I/51UzoKdUojL._SL500_.jpg" alt="Product Image"></a><p>Black Ink 9-Inch by 12-Inch Bleached Mulberry Block Printing Paper, 25-Pack</p><p>$19.35 ($0.77 / Count)</p><a href="https://www.amazon.com/dp/B001DNH8I0?tag=eloabder-20&linkCode=osi&th=1&psc=1">View Product</a></div><div class="product"><a href="https://www.amazon.com/dp/B00C6G6L5Y?tag=eloabder-20&linkCode=osi&th=1&psc=1"><img src="https://m.media-amazon.com/images/I/5103h0Rm8sL._SL500_.jpg" alt="Product Image"></a><p>Black Ink Thai Mulberry Block Printing Paper Packs small assorted colors</p><p>$21.99</p><a href="https://www.amazon.com/dp/B00C6G6L5Y?tag=eloabder-20&linkCode=osi&th=1&psc=1">View Product</a></div>

<div class="product"><a href="https://www.amazon.com/dp/B0D3HPD7WP?tag=eloabder-20&linkCode=osi&th=1&psc=1"><img src="https://m.media-amazon.com/images/I/31KSmmAWUWL._SL500_.jpg" alt="Product Image"></a><p>50 Sheets Grey Cardstock Paper, Colored Printer Paper 8.5 x 11, Thick Construction Paper for Cards Making, Scrapbook，Office Printing, Invitations, Certificates，DIY Crafting 92 lb/250gsm</p><p>$9.99</p><a href="https://www.amazon.com/dp/B0D3HPD7WP?tag=eloabder-20&linkCode=osi&th=1&psc=1">View Product</a></div>
<div class="product"><a href="https://www.amazon.com/dp/B076CP6F36?tag=eloabder-20&linkCode=osi&th=1&psc=1"><img src="https://m.media-amazon.com/images/I/51rfEIvgI+L._SL500_.jpg" alt="Product Image"></a><p>Apple Barrel, Vibrant Spectrum Collection Acrylic Craft Paint, PROMOABIII, 2 fl oz each, 16 assorted matte colors, 16 count</p><p>$15.97 ($0.50 / Fl Oz)</p><a href="https://www.amazon.com/dp/B076CP6F36?tag=eloabder-20&linkCode=osi&th=1&psc=1">View Product</a></div><div class="product"><a href="https://www.amazon.com/dp/B0BKFLSYQF?tag=eloabder-20&linkCode=osi&th=1&psc=1"><img src="https://m.media-amazon.com/images/I/51a0PmPRknL._SL500_.jpg" alt="Product Image"></a><p>72 Pack Acrylic Paint Set, Shuttle Art 60 Colors Acrylic Paint Including Extra White Black & 12 Brushes, 2oz/60ml, Rich Pigmented, Water Proof, Ideal for Artists, Beginners on Canvas Rock Wood Ceramic</p><p>$45.99 ($23.00 / Fl Oz)</p><a href="https://www.amazon.com/dp/B0BKFLSYQF?tag=eloabder-20&linkCode=osi&th=1&psc=1">View Product</a></div><div class="product"><a href="https://www.amazon.com/dp/B08CB3JH79?tag=eloabder-20&linkCode=osi&th=1&psc=1"><img src="https://m.media-amazon.com/images/I/51OUZsFdnTL._SL500_.jpg" alt="Product Image"></a><p>Acrylic Paint Set of 36 Colors 2fl oz 60ml Bottles,Non Toxic 36 Colors Acrylic Paint No Fading Rich Pigment for Kids Adults Artists Canvas Crafts Wood Painting</p><p>$32.99 ($0.46 / Fl Oz)</p><a href="https://www.amazon.com/dp/B08CB3JH79?tag=eloabder-20&linkCode=osi&th=1&psc=1">View Product</a></div><div class="product"><a href="https://www.amazon.com/dp/B0018NBVKQ?tag=eloabder-20&linkCode=osi&th=1&psc=1"><img src="https://m.media-amazon.com/images/I/31YlSvZMTCL._SL500_.jpg" alt="Product Image"></a><p>Apple Barrel Acrylic Paint in Assorted Colors (8 Ounce), 20403 White</p><p>$2.67 ($0.33 / Fl Oz)</p><a href="https://www.amazon.com/dp/B0018NBVKQ?tag=eloabder-20&linkCode=osi&th=1&psc=1">View Product</a></div><div class="product"><a href="https://www.amazon.com/dp/B077WSBLZ1?tag=eloabder-20&linkCode=osi&th=1&psc=1"><img src="https://m.media-amazon.com/images/I/51KPkXpLn1L._SL500_.jpg" alt="Product Image"></a><p>Shuttle Art Acrylic Paint Set, 30 x12ml Tubes Artist Quality Non Toxic Rich Pigments Colors Great for Kids Adults Professional Painting on Rocks Canvas Wood Clay Fabric Ceramic Crafts</p><p>$12.99 ($1.08 / Fl Oz)</p><a href="https://www.amazon.com/dp/B077WSBLZ1?tag=eloabder-20&linkCode=osi&th=1&psc=1">View Product</a></div><div class="product"><a href="https://www.amazon.com/dp/B00889Z5Y6?tag=eloabder-20&linkCode=osi&th=1&psc=1"><img src="https://m.media-amazon.com/images/I/41MQjsyDbSL._SL500_.jpg" alt="Product Image"></a><p>Apple Barrel Acrylic Paint in Assorted Colors (2 oz), 20764, Apricot</p><p>$0.58 ($0.29 / Fl Oz)</p><a href="https://www.amazon.com/dp/B00889Z5Y6?tag=eloabder-20&linkCode=osi&th=1&psc=1">View Product</a></div><div class="product"><a href="https://www.amazon.com/dp/B09TWQD5ZL?tag=eloabder-20&linkCode=osi&th=1&psc=1"><img src="https://m.media-amazon.com/images/I/41B0L003QXL._SL500_.jpg" alt="Product Image"></a><p>Artkey Acrylic Paint Set - 24 colors 2 oz/59 ml Acrylic Paints Professional Artists Painting Kit for Canvases Fabric Rock Leather Easter Egg Wood Ceramic Glass Art Craft Painting</p><p>$19.99 ($0.42 / Fl Oz)</p><a href="https://www.amazon.com/dp/B09TWQD5ZL?tag=eloabder-20&linkCode=osi&th=1&psc=1">View Product</a></div><div class="product"><a href="https://www.amazon.com/dp/B07Z93LQDB?tag=eloabder-20&linkCode=osi&th=1&psc=1"><img src="https://m.media-amazon.com/images/I/51veoN6zK0L._SL500_.jpg" alt="Product Image"></a><p>Shuttle Art Acrylic Paint Set, 36 Colors Acrylic Paint with Brushes & Palette, 2oz Bottles, Rich Pigments Non-toxic Paint for Artists Kids & Adults, Art Supplies for Canvas Rock Ceramic Wood Painting</p><p>$27.99</p><a href="https://www.amazon.com/dp/B07Z93LQDB?tag=eloabder-20&linkCode=osi&th=1&psc=1">View Product</a></div><div class="product"><a href="https://www.amazon.com/dp/B002665SYY?tag=eloabder-20&linkCode=osi&th=1&psc=1"><img src="https://m.media-amazon.com/images/I/31sJJeWK6OS._SL500_.jpg" alt="Product Image"></a><p>Liquitex BASICS Acrylic Paint, 250ml (8.5-oz) Tube, Titanium White</p><p>$9.99 ($1.18 / Fl Oz)</p><a href="https://www.amazon.com/dp/B002665SYY?tag=eloabder-20&linkCode=osi&th=1&psc=1">View Product</a></div>
<div class="product"><a href="https://www.amazon.com/dp/B0CC98XLGL?tag=eloabder-20&linkCode=osi&th=1&psc=1"><img src="https://m.media-amazon.com/images/I/51ZLw+nThiL._SL500_.jpg" alt="Product Image"></a><p>HUIRUSO 4 Pack Double Sided Tape Roller, Scrapbook Supplies, Glue Tape Roller for Crafts, Double-Sided Adhesive Tape Runner for Scrapbooking, School Office Journaling Supplies (0.31 in X 26.25 ft)</p><p>$6.99 ($1.75 / Count)</p><a href="https://www.amazon.com/dp/B0CC98XLGL?tag=eloabder-20&linkCode=osi&th=1&psc=1">View Product</a></div><div class="product"><a href="https://www.amazon.com/dp/B007XAAE6K?tag=eloabder-20&linkCode=osi&th=1&psc=1"><img src="https://m.media-amazon.com/images/I/414qxYVR0wL._SL500_.jpg" alt="Product Image"></a><p>Scotch Double Sided Tape Runner, 1-Pack, 0.27 in x 26 ft., Perfect for Holiday Crafts, Gifts, and More</p><p>$4.47</p><a href="https://www.amazon.com/dp/B007XAAE6K?tag=eloabder-20&linkCode=osi&th=1&psc=1">View Product</a></div><div class="product"><a href="https://www.amazon.com/dp/B0BZVGPFSK?tag=eloabder-20&linkCode=osi&th=1&psc=1"><img src="https://m.media-amazon.com/images/I/51-ue9+7JkL._SL500_.jpg" alt="Product Image"></a><p>Birllaid Double Sided Tape for Walls, Picture Hanging Strips Removable Mounting Dots Adhesive Heavy Duty, Removable for Art Craft, Decoration, Party Supplies, Multipurpose</p><p>$11.99</p><a href="https://www.amazon.com/dp/B0BZVGPFSK?tag=eloabder-20&linkCode=osi&th=1&psc=1">View Product</a></div><div class="product"><a href="https://www.amazon.com/dp/B0CGVN9SL1?tag=eloabder-20&linkCode=osi&th=1&psc=1"><img src="https://m.media-amazon.com/images/I/41Hy+i4CnoL._SL500_.jpg" alt="Product Image"></a><p>30Ft x 1 Inch Hook and Loop Strips with Adhesive,Double Rolls of Heavy Duty Self Adhesive Tape with Backing, Nylon Self Adhesive Tape for Home Office School and Crafting,White</p><p>$9.99</p><a href="https://www.amazon.com/dp/B0CGVN9SL1?tag=eloabder-20&linkCode=osi&th=1&psc=1">View Product</a></div><div class="product"><a href="https://www.amazon.com/dp/B07Y3VDPLF?tag=eloabder-20&linkCode=osi&th=1&psc=1"><img src="https://m.media-amazon.com/images/I/41cyKQ2OMuL._SL500_.jpg" alt="Product Image"></a><p>Melsan 1x4 inch Hook and Loop Strips with Adhesive - 15 Sets, Strong Back Adhesive Fasten Mounting Tape for Home or Office Use - Instead of Holes and Screws, Black</p><p>$7.82</p><a href="https://www.amazon.com/dp/B07Y3VDPLF?tag=eloabder-20&linkCode=osi&th=1&psc=1">View Product</a></div><div class="product"><a href="https://www.amazon.com/dp/B07V57VJT5?tag=eloabder-20&linkCode=osi&th=1&psc=1"><img src="https://m.media-amazon.com/images/I/514JO3bvl3L._SL500_.jpg" alt="Product Image"></a><p>XFasten Adhesive Roller for Scrapbooking, 8mm x 30ft 4-Pack Double Sided Glue Tape Roller, Scrapbook Supplies for Adults, Photo Tape for Scrapbooking</p><p>$9.99 ($2.50 / Count)</p><a href="https://www.amazon.com/dp/B07V57VJT5?tag=eloabder-20&linkCode=osi&th=1&psc=1">View Product</a></div><div class="product"><a href="https://www.amazon.com/dp/B07JLTGQHX?tag=eloabder-20&linkCode=osi&th=1&psc=1"><img src="https://m.media-amazon.com/images/I/51Eqfo7kUZL._SL500_.jpg" alt="Product Image"></a><p>UPINS 120 Pack Double Sided Foam Tape Square Self-Adhesive Foam Tape Black Strong Tape Pads for DIY Art Crafts Supplies</p><p>$9.99 ($0.08 / Count)</p><a href="https://www.amazon.com/dp/B07JLTGQHX?tag=eloabder-20&linkCode=osi&th=1&psc=1">View Product</a></div><div class="product"><a href="https://www.amazon.com/dp/B005FM6XF4?tag=eloabder-20&linkCode=osi&th=1&psc=1"><img src="https://m.media-amazon.com/images/I/51-vp1WJ89L._SL500_.jpg" alt="Product Image"></a><p>AdTech 5603 Permanent Crafter's Tape, 0.31" x 315", Pack of 4</p><p>$7.84 ($0.07 / Foot)</p><a href="https://www.amazon.com/dp/B005FM6XF4?tag=eloabder-20&linkCode=osi&th=1&psc=1">View Product</a></div><div class="product"><a href="https://www.amazon.com/dp/B0CJF1FLFJ?tag=eloabder-20&linkCode=osi&th=1&psc=1"><img src="https://m.media-amazon.com/images/I/51dig1RqzdL._SL500_.jpg" alt="Product Image"></a><p>UPINS 150Pack Double Sided Foam Tape Strong Sticky Double Sided Foam Pads for Crafts Self-Adhesive Mounting Foam Tape Heavy Duty for Home Wall Decor 40 * 40 * 2mm</p><p>$8.99 ($0.06 / Count)</p><a href="https://www.amazon.com/dp/B0CJF1FLFJ?tag=eloabder-20&linkCode=osi&th=1&psc=1">View Product</a></div><div class="product"><a href="https://www.amazon.com/dp/B0D4YWRGCL?tag=eloabder-20&linkCode=osi&th=1&psc=1"><img src="https://m.media-amazon.com/images/I/41EqJ553-KL._SL500_.jpg" alt="Product Image"></a><p>Amanbo Glue Tape for Scrapbooking, 6 Pack Scrapbook Tape, Double Sided Tape Roller for Crafts, Total 120 Ft x 0.24 in Tape Runner, Craft Supplies for Scrapbooking, Gift Wrapping and Photo Tape</p><p>$6.99</p><a href="https://www.amazon.com/dp/B0D4YWRGCL?tag=eloabder-20&linkCode=osi&th=1&psc=1">View Product</a></div>
<div class="product"><a href="https://www.amazon.com/dp/B0CC5HPPTN?tag=eloabder-20&linkCode=osi&th=1&psc=1"><img src="https://m.media-amazon.com/images/I/519M81S201L._SL500_.jpg" alt="Product Image"></a><p>Airbrush Paint - 30 Colors with 3 Thinner, Ready to Spray Airbrush Paint Set, Water-Based Acrylic Air brush Paints for Metal, Plastic Models, Canvas, Wood, 20ml/Bottle</p><p>$32.99 ($1.48 / Fl Oz)</p><a href="https://www.amazon.com/dp/B0CC5HPPTN?tag=eloabder-20&linkCode=osi&th=1&psc=1">View Product</a></div>
<div class="product"><a href="https://www.amazon.com/dp/B0CXPSGK36?tag=eloabder-20&linkCode=osi&th=1&psc=1"><img src="https://m.media-amazon.com/images/I/51dd2dYOtrL._SL500_.jpg" alt="Product Image"></a><p>Letter Stickers 30 Sheets 1500 PCS Large Alphabet Sticker 2 Inch Vinyl Self Adhesive Stick on Stickers for Water Bottles Cup Mailbox Number Address Craft Scrapbooking Bulletin Board Decor Multicolor</p><p>$9.99</p><a href="https://www.amazon.com/dp/B0CXPSGK36?tag=eloabder-20&linkCode=osi&th=1&psc=1">View Product</a></div><div class="product"><a href="https://www.amazon.com/dp/B07NNYFMGY?tag=eloabder-20&linkCode=osi&th=1&psc=1"><img src="https://m.media-amazon.com/images/I/51yDnU+gEXL._SL500_.jpg" alt="Product Image"></a><p>20 Sheets Alphabet Letter Stickers 10 Colors Self Adhesive Sticker Colorful PU Material Convex Feeling (Colored Letter Stickers 1)</p><p>$6.99 ($0.35 / Count)</p><a href="https://www.amazon.com/dp/B07NNYFMGY?tag=eloabder-20&linkCode=osi&th=1&psc=1">View Product</a></div>

<div class="product"><a href="https://www.amazon.com/dp/B01DDN8854?tag=eloabder-20&linkCode=osi&th=1&psc=1"><img src="https://m.media-amazon.com/images/I/61dPubDZBSL._SL500_.jpg" alt="Product Image"></a><p>Hugs 'n Kisses HNKHABY13 Applique Paper (20 Pack)</p><p>$19.72 ($0.99 / Count)</p><a href="https://www.amazon.com/dp/B01DDN8854?tag=eloabder-20&linkCode=osi&th=1&psc=1">View Product</a></div>
<div class="product"><a href="https://www.amazon.com/dp/B09KPNFJW1?tag=eloabder-20&linkCode=osi&th=1&psc=1"><img src="https://m.media-amazon.com/images/I/41abn5fELmL._SL500_.jpg" alt="Product Image"></a><p>UniPleased Disposable Aprons (50 Count), Plastic apron for Painting Party, Cooking, Housework, Picnic etc.</p><p>$5.69</p><a href="https://www.amazon.com/dp/B09KPNFJW1?tag=eloabder-20&linkCode=osi&th=1&psc=1">View Product</a></div>
<div class="product"><a href="https://www.amazon.com/dp/B087M21MM2?tag=eloabder-20&linkCode=osi&th=1&psc=1"><img src="https://m.media-amazon.com/images/I/41Xf-jehhLL._SL500_.jpg" alt="Product Image"></a><p>GOTIDEAL Stretched Canvas, Multi Pack 4x4, 5x7, 8x10,9x12, 11x14 Set of 10, Primed White - 100% Cotton Artist Canvas Boards for Painting, Acrylic Pouring, Oil Paint Dry & Wet Art Media</p><p>$24.99</p><a href="https://www.amazon.com/dp/B087M21MM2?tag=eloabder-20&linkCode=osi&th=1&psc=1">View Product</a></div><div class="product"><a href="https://www.amazon.com/dp/B00OQJYISG?tag=eloabder-20&linkCode=osi&th=1&psc=1"><img src="https://m.media-amazon.com/images/I/31fEDLPkkcL._SL500_.jpg" alt="Product Image"></a><p>6 Count 12” x 16” Super Value Canvas by Artist's Loft Necessities - Acid Free Cotton Canvas for Paint, Acrylic, & Oils - 1 Pack</p><p>$19.99</p><a href="https://www.amazon.com/dp/B00OQJYISG?tag=eloabder-20&linkCode=osi&th=1&psc=1">View Product</a></div><div class="product"><a href="https://www.amazon.com/dp/B09CDKB9HY?tag=eloabder-20&linkCode=osi&th=1&psc=1"><img src="https://m.media-amazon.com/images/I/51+p5xnClGL._SL500_.jpg" alt="Product Image"></a><p>DPDIAN Canvas Boards for Painting 40 Pack, 8 inch x 10 inch Super Value Pack, Artist Canvas Panels for Oil & Acrylic Painting</p><p>$29.99</p><a href="https://www.amazon.com/dp/B09CDKB9HY?tag=eloabder-20&linkCode=osi&th=1&psc=1">View Product</a></div><div class="product"><a href="https://www.amazon.com/dp/B0CFBGP29G?tag=eloabder-20&linkCode=osi&th=1&psc=1"><img src="https://m.media-amazon.com/images/I/3147Az5plbL._SL500_.jpg" alt="Product Image"></a><p>ArtSkills Stretched Canvases for Painting, 12x16 Canvas Painting Supplies for Artists, Blank Canvas Pack, 2-Pack</p><p>$16.99</p><a href="https://www.amazon.com/dp/B0CFBGP29G?tag=eloabder-20&linkCode=osi&th=1&psc=1">View Product</a></div><div class="product"><a href="https://www.amazon.com/dp/B07BNGQ1SS?tag=eloabder-20&linkCode=osi&th=1&psc=1"><img src="https://m.media-amazon.com/images/I/410ZVtygUwS._SL500_.jpg" alt="Product Image"></a><p>PHOENIX Stretched Canvas for Painting 8x10 Inch/10 Value Pack, 8 Oz Triple Primed 5/8 Inch Profile 100% Cotton White Blank Canvas, Artist Framed Canvas for Oil Acrylic & Pouring Art</p><p>$22.99</p><a href="https://www.amazon.com/dp/B07BNGQ1SS?tag=eloabder-20&linkCode=osi&th=1&psc=1">View Product</a></div><div class="product"><a href="https://www.amazon.com/dp/B0922JP1H4?tag=eloabder-20&linkCode=osi&th=1&psc=1"><img src="https://m.media-amazon.com/images/I/41BmiEND1KL._SL500_.jpg" alt="Product Image"></a><p>GOTIDEAL Canvases for Painting, 18 Pack Canvas Boards Multipack 4x4, 5x7, 8x10, 9x12,11x14,Primed White Blank Artist Canvas Variety Pack for Acrylic Paint, Oil Paint, Watercolor, Gouache</p><p>$19.99</p><a href="https://www.amazon.com/dp/B0922JP1H4?tag=eloabder-20&linkCode=osi&th=1&psc=1">View Product</a></div>


<div class="product"><a href="https://www.amazon.com/dp/B0872VFHBH?tag=eloabder-20&linkCode=osi&th=1&psc=1"><img src="https://m.media-amazon.com/images/I/51k3bekQheS._SL500_.jpg" alt="Product Image"></a><p>Bachmore Drawing Pad 9X12 Inch (110lb/180g), 60 Sheets, Top Spiral Bound Multi-Media for Artist Pro & Amateurs | Acrylic Art, Ink, Paint, Oil Pastels,Watercolor Mixed Media Sketch</p><p>$11.99</p><a href="https://www.amazon.com/dp/B0872VFHBH?tag=eloabder-20&linkCode=osi&th=1&psc=1">View Product</a></div><div class="product"><a href="https://www.amazon.com/dp/B0027A75A4?tag=eloabder-20&linkCode=osi&th=1&psc=1"><img src="https://m.media-amazon.com/images/I/51dyOxxcgYL._SL500_.jpg" alt="Product Image"></a><p>Strathmore 200 Series Sketch Pad, 9x12 inch, 100 Sheets, Tape Bound - Artist Sketchbook for Drawing, Illustration, Art Class Students</p><p>$6.99 ($0.07 / Count)</p><a href="https://www.amazon.com/dp/B0027A75A4?tag=eloabder-20&linkCode=osi&th=1&psc=1">View Product</a></div><div class="product"><a href="https://www.amazon.com/dp/B0BV13YQKX?tag=eloabder-20&linkCode=osi&th=1&psc=1"><img src="https://m.media-amazon.com/images/I/41VYfMpvXUL._SL500_.jpg" alt="Product Image"></a><p>Canson Graduate Watercolor Pad, Foldover, 9x12 inch, 20 Sheets | Artist Paper for Adults and Students - Painting, Gouache, Mixed Media and Ink</p><p>$4.97 ($0.41 / Count)</p><a href="https://www.amazon.com/dp/B0BV13YQKX?tag=eloabder-20&linkCode=osi&th=1&psc=1">View Product</a></div><div class="product"><a href="https://www.amazon.com/dp/B0024KMQ6K?tag=eloabder-20&linkCode=osi&th=1&psc=1"><img src="https://m.media-amazon.com/images/I/51sYdvPPUCL._SL500_.jpg" alt="Product Image"></a><p>Strathmore 400 Series Pastel Pad, Assorted Colors, 9"x12" Glue Bound, 24 Sheets</p><p>$9.11</p><a href="https://www.amazon.com/dp/B0024KMQ6K?tag=eloabder-20&linkCode=osi&th=1&psc=1">View Product</a></div><div class="product"><a href="https://www.amazon.com/dp/B00246O6PI?tag=eloabder-20&linkCode=osi&th=1&psc=1"><img src="https://m.media-amazon.com/images/I/517TUmckOIL._SL500_.jpg" alt="Product Image"></a><p>Strathmore 300 Series Drawing Paper Pad, Top Wire Bound, 11x14 inches, 50 Sheets (70lb/114g) - Artist Paper for Adults and Students - Charcoal, Colored Pencil, Ink, Pastel, Marker</p><p>$13.33</p><a href="https://www.amazon.com/dp/B00246O6PI?tag=eloabder-20&linkCode=osi&th=1&psc=1">View Product</a></div>
<div class="product"><a href="https://www.amazon.com/dp/B08ZMH7LJY?tag=eloabder-20&linkCode=osi&th=1&psc=1"><img src="https://m.media-amazon.com/images/I/51mJIsLJA-S._SL500_.jpg" alt="Product Image"></a><p>PANDAFLY Professional Drawing Sketching Pencil Set - 12 Pieces Graphite Pencils(14B - 2H), Ideal for Drawing Art, Sketching, Shading, Artist Pencils for Beginners & Pro Artists</p><p>$5.11</p><a href="https://www.amazon.com/dp/B08ZMH7LJY?tag=eloabder-20&linkCode=osi&th=1&psc=1">View Product</a></div><div class="product"><a href="https://www.amazon.com/dp/B088K1G5NL?tag=eloabder-20&linkCode=osi&th=1&psc=1"><img src="https://m.media-amazon.com/images/I/51F2bOMZWnL._SL500_.jpg" alt="Product Image"></a><p>MARKART Professional Drawing Sketching Pencil Set - 14 Pieces,Graphite,(12B - 4H), Ideal for Drawing Art, Sketching, Shading, Artist Pencils for Beginners & Pro Artists</p><p>$5.24</p><a href="https://www.amazon.com/dp/B088K1G5NL?tag=eloabder-20&linkCode=osi&th=1&psc=1">View Product</a></div><div class="product"><a href="https://www.amazon.com/dp/B08FHMRW4L?tag=eloabder-20&linkCode=osi&th=1&psc=1"><img src="https://m.media-amazon.com/images/I/51Pmn5gjyzL._SL500_.jpg" alt="Product Image"></a><p>Mr. Pen- Sketch Pencils for Drawing, 14 Pack, Drawing Pencils, Art Pencils, Graphite Pencils, Graphite Pencils for Drawing, Art Pencils for Drawing and Shading</p><p>$5.95</p><a href="https://www.amazon.com/dp/B08FHMRW4L?tag=eloabder-20&linkCode=osi&th=1&psc=1">View Product</a></div><div class="product"><a href="https://www.amazon.com/dp/B0BNQ58DC4?tag=eloabder-20&linkCode=osi&th=1&psc=1"><img src="https://m.media-amazon.com/images/I/51e-gQtCcCL._SL500_.jpg" alt="Product Image"></a><p>MARTCOLOR Drawing Sketching Pencils Set, 12 Pack Graphite Pencils(14B - 2H), Ideal for Drawing Art, Sketching, Shading, Artist Pencils for Beginners & Pro Artists</p><p>$5.99</p><a href="https://www.amazon.com/dp/B0BNQ58DC4?tag=eloabder-20&linkCode=osi&th=1&psc=1">View Product</a></div>

<div class="product"><a href="https://www.amazon.com/dp/B0851M3749?tag=eloabder-20&linkCode=osi&th=1&psc=1"><img src="https://m.media-amazon.com/images/I/41KKSGSDl5L._SL500_.jpg" alt="Product Image"></a><p>N NOROCME 12 PCS Blending Stumps and Tortillions Paper Art Blenders with Sandpaper Pencil Sharpener Pointer for Student Artist Charcoal Sketch Drawing Tools</p><p>$4.99</p><a href="https://www.amazon.com/dp/B0851M3749?tag=eloabder-20&linkCode=osi&th=1&psc=1">View Product</a></div><div class="product"><a href="https://www.amazon.com/dp/B09J3HKN8F?tag=eloabder-20&linkCode=osi&th=1&psc=1"><img src="https://m.media-amazon.com/images/I/51Qvx81eQLL._SL500_.jpg" alt="Product Image"></a><p>Eraser Pencils Set for Artists, Wooden Sketch Eraser Pen for Charcoal Drawings, Professional Highlight Painting Eraser for Sketching, Revise Erasing Details for Students Limner</p><p>$6.99</p><a href="https://www.amazon.com/dp/B09J3HKN8F?tag=eloabder-20&linkCode=osi&th=1&psc=1">View Product</a></div>
<div class="product"><a href="https://www.amazon.com/dp/B09WCQ89T8?tag=eloabder-20&linkCode=osi&th=1&psc=1"><img src="https://m.media-amazon.com/images/I/41gZz0qgBFL._SL500_.jpg" alt="Product Image"></a><p>Bernat BABY BLANKET BB Blue Dreams Yarn - 1 Pack of 10.5oz/300g - Polyester - #6 Super Bulky - 220 Yards - Knitting/Crochet</p><p>$6.97</p><a href="https://www.amazon.com/dp/B09WCQ89T8?tag=eloabder-20&linkCode=osi&th=1&psc=1">View Product</a></div><div class="product"><a href="https://www.amazon.com/dp/B07V5JVNFD?tag=eloabder-20&linkCode=osi&th=1&psc=1"><img src="https://m.media-amazon.com/images/I/41IS+HdtiOL._SL500_.jpg" alt="Product Image"></a><p>Lion Brand Yarn Basic Stitch Anti-Pilling Knitting Yarn, Yarn for Crocheting, 1-Pack, Baby Blue</p><p>$8.40 ($0.02 / Foot)</p><a href="https://www.amazon.com/dp/B07V5JVNFD?tag=eloabder-20&linkCode=osi&th=1&psc=1">View Product</a></div><div class="product"><a href="https://www.amazon.com/dp/B01M0AJID2?tag=eloabder-20&linkCode=osi&th=1&psc=1"><img src="https://m.media-amazon.com/images/I/41yVau0AUpL._SL500_.jpg" alt="Product Image"></a><p>Lion Brand Yarn (1 Skein) Lion Brand Yarn Babysoft Baby Yarn Yarn, Little Boy Blue Multicolor</p><p>$7.19 ($0.01 / Foot)</p><a href="https://www.amazon.com/dp/B01M0AJID2?tag=eloabder-20&linkCode=osi&th=1&psc=1">View Product</a></div><div class="product"><a href="https://www.amazon.com/dp/B09W1KHF42?tag=eloabder-20&linkCode=osi&th=1&psc=1"><img src="https://m.media-amazon.com/images/I/41maDlrio5L._SL500_.jpg" alt="Product Image"></a><p>Red Heart Super Saver Light Blue Yarn - 3 Pack of 198g/7oz - Acrylic - 4 Medium (Worsted) - 364 Yards - Knitting/Crochet</p><p>$13.29 ($4.43 / Count)</p><a href="https://www.amazon.com/dp/B09W1KHF42?tag=eloabder-20&linkCode=osi&th=1&psc=1">View Product</a></div><div class="product"><a href="https://www.amazon.com/dp/B08LKVZ3CX?tag=eloabder-20&linkCode=osi&th=1&psc=1"><img src="https://m.media-amazon.com/images/I/41GLizNx8UL._SL500_.jpg" alt="Product Image"></a><p>Bernat Baby Blanket Baby Blue Yarn - 3 Pack of 100g/3.5oz - Polyester - 6 Super Bulky - 72 Yards - Knitting/Crochet</p><p>$21.81</p><a href="https://www.amazon.com/dp/B08LKVZ3CX?tag=eloabder-20&linkCode=osi&th=1&psc=1">View Product</a></div><div class="product"><a href="https://www.amazon.com/dp/B0CHJ95WHJ?tag=eloabder-20&linkCode=osi&th=1&psc=1"><img src="https://m.media-amazon.com/images/I/314E1EQdihL._SL500_.jpg" alt="Product Image"></a><p>NORCIA Soft Velvet Yarn Chenille Yarn for Crocheting Baby Blanket Yarn for Knitting Amigurumi Yarn Fancy Yarn for Crochet Weaving Craft (Baby Blue, 1 Skein)</p><p>$9.99</p><a href="https://www.amazon.com/dp/B0CHJ95WHJ?tag=eloabder-20&linkCode=osi&th=1&psc=1">View Product</a></div>
<div class="product"><a href="https://www.amazon.com/dp/B0779F2TXJ?tag=eloabder-20&linkCode=osi&th=1&psc=1"><img src="https://m.media-amazon.com/images/I/31kqZr8DJzL._SL500_.jpg" alt="Product Image"></a><p>OPENDGO Feather Ballpoint Pen ，Black Ink Vintage Feather Quill Refined Plated Rod Quill Ballpoint Pen For School Writing ▏Wedding Gift Signature Pen (Black)</p><p>$6.97</p><a href="https://www.amazon.com/dp/B0779F2TXJ?tag=eloabder-20&linkCode=osi&th=1&psc=1">View Product</a></div><div class="product"><a href="https://www.amazon.com/dp/B0CQF3BJ3S?tag=eloabder-20&linkCode=osi&th=1&psc=1"><img src="https://m.media-amazon.com/images/I/41gs6AOiP6L._SL500_.jpg" alt="Product Image"></a><p>3 in 1 Retractable Ballpoint Pen with Light and Stylus, Nice Pens for Journaling Writing in The Dark - White/Red Light Tip- 0.7mm Black Ink</p><p>$12.99</p><a href="https://www.amazon.com/dp/B0CQF3BJ3S?tag=eloabder-20&linkCode=osi&th=1&psc=1">View Product</a></div><div class="product"><a href="https://www.amazon.com/dp/B08BBZ3B8G?tag=eloabder-20&linkCode=osi&th=1&psc=1"><img src="https://m.media-amazon.com/images/I/41cMHyw60wL._SL500_.jpg" alt="Product Image"></a><p>Mr. Pen- Pens, Black Pens, 12 Pack, Fast Dry, No Smear Pens, Bible Pens, Pens for Journaling, Pens No Bleed Through, Pens Fine Point, Journal Pens, Fine Tip, Planner Pens, Ball Point Journal Pens</p><p>$9.99</p><a href="https://www.amazon.com/dp/B08BBZ3B8G?tag=eloabder-20&linkCode=osi&th=1&psc=1">View Product</a></div><div class="product"><a href="https://www.amazon.com/dp/B0D4YWWGX6?tag=eloabder-20&linkCode=osi&th=1&psc=1"><img src="https://m.media-amazon.com/images/I/31xHBCCzJqL._SL500_.jpg" alt="Product Image"></a><p>PATIKIL 21cm/8" Feather Ballpoint Pen, 1Pcs Ink Vintage Quill Pen Refined Plated Dip Pen for Calligraphy Writing Signature Wedding Gift, Yellow</p><p>$7.49</p><a href="https://www.amazon.com/dp/B0D4YWWGX6?tag=eloabder-20&linkCode=osi&th=1&psc=1">View Product</a></div>

<div class="product"><a href="https://www.amazon.com/dp/B001TLDEVQ?tag=eloabder-20&linkCode=osi&th=1&psc=1"><img src="https://m.media-amazon.com/images/I/41jYF39F6lL._SL500_.jpg" alt="Product Image"></a><p>Beadalon SuppleMax Illusion Beading Cord, 0.40 mm / 0.016 in, Clear Monofilament, 50 m / 164 ft</p><p>$4.74</p><a href="https://www.amazon.com/dp/B001TLDEVQ?tag=eloabder-20&linkCode=osi&th=1&psc=1">View Product</a></div><div class="product"><a href="https://www.amazon.com/dp/B0D2HVFZ7Q?tag=eloabder-20&linkCode=osi&th=1&psc=1"><img src="https://m.media-amazon.com/images/I/41R66LMYz7L._SL500_.jpg" alt="Product Image"></a><p>Zxiixz 116Yards 0.5mm Bracelet String, Waxed String Cord for Bracelet Making, Beading Thread for Bracelet Beads, Friendship Bracelet String for Bracelet Making, Waxed Polyester Cord for Jewelry Making</p><p>$6.99</p><a href="https://www.amazon.com/dp/B0D2HVFZ7Q?tag=eloabder-20&linkCode=osi&th=1&psc=1">View Product</a></div><div class="product"><a href="https://www.amazon.com/dp/B07BNF8KH5?tag=eloabder-20&linkCode=osi&th=1&psc=1"><img src="https://m.media-amazon.com/images/I/51jVByheyVL._SL500_.jpg" alt="Product Image"></a><p>PH PandaHall 100 Yards 1mm Waxed Cotton Cord Thread Beading String for Bracelet Necklace Making Crafting Beading Macrame Vase Decor, Burlywood</p><p>$7.19 ($0.02 / Foot)</p><a href="https://www.amazon.com/dp/B07BNF8KH5?tag=eloabder-20&linkCode=osi&th=1&psc=1">View Product</a></div><div class="product"><a href="https://www.amazon.com/dp/B07HBPGXJG?tag=eloabder-20&linkCode=osi&th=1&psc=1"><img src="https://m.media-amazon.com/images/I/41xi8gO6kDL._SL500_.jpg" alt="Product Image"></a><p>Paxcoo 0.8mm Elastic String, Stretchy Bracelet String Crystal String Bead Cord for Bracelet, Beading and Jewelry Making (120m)</p><p>$6.99 ($0.02 / Foot)</p><a href="https://www.amazon.com/dp/B07HBPGXJG?tag=eloabder-20&linkCode=osi&th=1&psc=1">View Product</a></div><div class="product"><a href="https://www.amazon.com/dp/B0CNPST7D9?tag=eloabder-20&linkCode=osi&th=1&psc=1"><img src="https://m.media-amazon.com/images/I/41A9VISFC4L._SL500_.jpg" alt="Product Image"></a><p>Kblick Black Nylon String Cord - 1MM 100 Yards Black Twine, Bracelet String for Bracelet Making, Braided Ornament Lanyard Sting, Jewelry Thread Clay Bead String for Crafts, Macrame Satin Cord</p><p>$5.99 ($0.02 / Foot)</p><a href="https://www.amazon.com/dp/B0CNPST7D9?tag=eloabder-20&linkCode=osi&th=1&psc=1">View Product</a></div><div class="product"><a href="https://www.amazon.com/dp/B08GC3JF9X?tag=eloabder-20&linkCode=osi&th=1&psc=1"><img src="https://m.media-amazon.com/images/I/41FQZYhvQpL._SL500_.jpg" alt="Product Image"></a><p>Cheriswelry 100M 0.8mm Nylon Beading Cord Black Chinese Knotting Rattail Macrame Thread String Roll for Jewelry Making Kumihimo Wrapping Supplies DIY Crafts</p><p>$6.99 ($0.02 / Fl Oz)</p><a href="https://www.amazon.com/dp/B08GC3JF9X?tag=eloabder-20&linkCode=osi&th=1&psc=1">View Product</a></div><div class="product"><a href="https://www.amazon.com/dp/B0B3V9RWQC?tag=eloabder-20&linkCode=osi&th=1&psc=1"><img src="https://m.media-amazon.com/images/I/41F-OP+yCxL._SL500_.jpg" alt="Product Image"></a><p>Griffin Silk Bead Cord Perlseide – Black Color – Size 3 (0.50mm) – 2 Meters per Card – Stainless Steel Needle Attached – for Knotting Pearls, Gemstones, Crystals and Beads</p><p>$4.99 ($0.76 / Foot)</p><a href="https://www.amazon.com/dp/B0B3V9RWQC?tag=eloabder-20&linkCode=osi&th=1&psc=1">View Product</a></div><div class="product"><a href="https://www.amazon.com/dp/B08F49YVQP?tag=eloabder-20&linkCode=osi&th=1&psc=1"><img src="https://m.media-amazon.com/images/I/41yCMIpj0rS._SL500_.jpg" alt="Product Image"></a><p>1mm Stretchy Bracelet String, Sturdy Rainbow Elastic String Elastic Cord for Jewelry Making, Necklaces, Beading and Crafts</p><p>$6.99 ($0.04 / Foot)</p><a href="https://www.amazon.com/dp/B08F49YVQP?tag=eloabder-20&linkCode=osi&th=1&psc=1">View Product</a></div>

<div class="product"><a href="https://www.amazon.com/dp/B001GMUBJ6?tag=eloabder-20&linkCode=osi&th=1&psc=1"><img src="https://m.media-amazon.com/images/I/41V5qzn3H5L._SL500_.jpg" alt="Product Image"></a><p>The Beadsmith Fireline by Berkley – Micro-Fused Braided Thread – 6lb. Test, 006”/.15mm Diameter, 50 Yard Spool, Crystal Color – Super Strong Stringing Material for Jewelry Making and Bead Weaving</p><p>$12.59</p><a href="https://www.amazon.com/dp/B001GMUBJ6?tag=eloabder-20&linkCode=osi&th=1&psc=1">View Product</a></div><div class="product"><a href="https://www.amazon.com/dp/B001UAKK0Y?tag=eloabder-20&linkCode=osi&th=1&psc=1"><img src="https://m.media-amazon.com/images/I/41rY1D0wfuL._SL500_.jpg" alt="Product Image"></a><p>Beadalon Wildfire, 0.006 in, 0.15 mm, Break Strength 10 lb / 4.5 kg, Frost, 50 yd / 45 m</p><p>$8.85 ($0.06 / Foot)</p><a href="https://www.amazon.com/dp/B001UAKK0Y?tag=eloabder-20&linkCode=osi&th=1&psc=1">View Product</a></div><div class="product"><a href="https://www.amazon.com/dp/B095WY58F4?tag=eloabder-20&linkCode=osi&th=1&psc=1"><img src="https://m.media-amazon.com/images/I/41mXRfJqcjL._SL500_.jpg" alt="Product Image"></a><p>PH PandaHall 0.1mm Nylon Seed Bead Thread 100 Yards Black White Bracelet Cord Beading Thread Invisible Sewing Thread Nylon Braided Thread String for Leather Stitching Beading Jewelry Bracelets Making</p><p>$9.99 ($0.03 / Foot)</p><a href="https://www.amazon.com/dp/B095WY58F4?tag=eloabder-20&linkCode=osi&th=1&psc=1">View Product</a></div><div class="product"><a href="https://www.amazon.com/dp/B08RN2R2SZ?tag=eloabder-20&linkCode=osi&th=1&psc=1"><img src="https://m.media-amazon.com/images/I/41Tg2MMC++L._SL500_.jpg" alt="Product Image"></a><p>KO Nylon Beading Thread, White Color, Japanese Pre-Waxed 100% Nylon, 330TEX, Tangle Resistant Knotting Cords, 50m /55 yds Spool, Use for Seed Bead Projects, Loom Work & Bead Weaving</p><p>$7.06 ($0.04 / Foot)</p><a href="https://www.amazon.com/dp/B08RN2R2SZ?tag=eloabder-20&linkCode=osi&th=1&psc=1">View Product</a></div><div class="product"><a href="https://www.amazon.com/dp/B09J89ST79?tag=eloabder-20&linkCode=osi&th=1&psc=1"><img src="https://m.media-amazon.com/images/I/41hLuuOZeXL._SL500_.jpg" alt="Product Image"></a><p>2 Roll Polyester Thread, Heavy Duty Thread, 1500Yard/Reel 210D/3 nylon thread for sewing, Sewing Thread for Upholstery, Outdoor Market, Drapery, Leather, Beading, Crafts</p><p>$7.99 ($0.00 / Foot)</p><a href="https://www.amazon.com/dp/B09J89ST79?tag=eloabder-20&linkCode=osi&th=1&psc=1">View Product</a></div><div class="product"><a href="https://www.amazon.com/dp/B0C6MSY7QQ?tag=eloabder-20&linkCode=osi&th=1&psc=1"><img src="https://m.media-amazon.com/images/I/31Bn-MyA62L._SL500_.jpg" alt="Product Image"></a><p>PH PandaHall 0.1mm Nylon String 100 Yards Beading Thread White Nylon Seed Bead Thread Bracelet Beading Thread Sewing String for Leather Stitching Beading Jewelry Bracelets Making</p><p>$7.99 ($0.03 / Foot)</p><a href="https://www.amazon.com/dp/B0C6MSY7QQ?tag=eloabder-20&linkCode=osi&th=1&psc=1">View Product</a></div>

<div class="product"><a href="https://www.amazon.com/dp/B07NMNDT1W?tag=eloabder-20&linkCode=osi&th=1&psc=1"><img src="https://m.media-amazon.com/images/I/41-zwQIcVcL._SL500_.jpg" alt="Product Image"></a><p>Howemon White Beeswax Pellets 2LB 100% Pure and Natural Triple Filtered for Skin, Face, Body and Hair Care DIY Creams, Lotions, Lip Balm and Soap Making Supplies</p><p>$13.99 ($0.44 / Fl Oz)</p><a href="https://www.amazon.com/dp/B07NMNDT1W?tag=eloabder-20&linkCode=osi&th=1&psc=1">View Product</a></div><div class="product"><a href="https://www.amazon.com/dp/B00B3U0FW4?tag=eloabder-20&linkCode=osi&th=1&psc=1"><img src="https://m.media-amazon.com/images/I/51rWFCST+TL._SL500_.jpg" alt="Product Image"></a><p>Beesworks Yellow Beeswax Pellets (1 lb) | 100% Pure, Cosmetic Grade, Triple-Filtered Beeswax for DIY Skin care, Lip Balm, Lotion, and Candle Making</p><p>$13.99 ($0.87 / Ounce)</p><a href="https://www.amazon.com/dp/B00B3U0FW4?tag=eloabder-20&linkCode=osi&th=1&psc=1">View Product</a></div><div class="product"><a href="https://www.amazon.com/dp/B01LWX2IO1?tag=eloabder-20&linkCode=osi&th=1&psc=1"><img src="https://m.media-amazon.com/images/I/41MlNqhDyCL._SL500_.jpg" alt="Product Image"></a><p>Beesworks Yellow Beeswax Bars (6 oz) | 100% Pure, Cosmetic Grade, Triple-Filtered Beeswax for DIY Skin Care, Lip Balm, Lotion and Candle Making (1 oz Bars - Pack of 6)</p><p>$6.99</p><a href="https://www.amazon.com/dp/B01LWX2IO1?tag=eloabder-20&linkCode=osi&th=1&psc=1">View Product</a></div><div class="product"><a href="https://www.amazon.com/dp/B0BV77F19N?tag=eloabder-20&linkCode=osi&th=1&psc=1"><img src="https://m.media-amazon.com/images/I/41xzHaO1-EL._SL500_.jpg" alt="Product Image"></a><p>Beeswax Pellets 10LB Cosmetic Beeswax Triple Filtered Beeswax Pastilles for Candle Making Great for DIY Projects Creams Lotions Lip Balm and Soap Making Supplies(10LB)</p><p>$32.99</p><a href="https://www.amazon.com/dp/B0BV77F19N?tag=eloabder-20&linkCode=osi&th=1&psc=1">View Product</a></div><div class="product"><a href="https://www.amazon.com/dp/B0C9QSG3CY?tag=eloabder-20&linkCode=osi&th=1&psc=1"><img src="https://m.media-amazon.com/images/I/414XQcU6SRL._SL500_.jpg" alt="Product Image"></a><p>YASNAY White Beeswax Pellets 2LB, 100% Organic Beeswax, Beeswax for Candle Making, Body, Skin Care DIY, Lip Balm and Soap Making Supplies</p><p>$11.99</p><a href="https://www.amazon.com/dp/B0C9QSG3CY?tag=eloabder-20&linkCode=osi&th=1&psc=1">View Product</a></div><div class="product"><a href="https://www.amazon.com/dp/B097HTC4WN?tag=eloabder-20&linkCode=osi&th=1&psc=1"><img src="https://m.media-amazon.com/images/I/51pwMM7C6-L._SL500_.jpg" alt="Product Image"></a><p>Eco Lux 8 Yellow Beeswax Blocks 100% Pure Natural Organic Bees Wax 6.5oz</p><p>$8.49 ($1.35 / Ounce)</p><a href="https://www.amazon.com/dp/B097HTC4WN?tag=eloabder-20&linkCode=osi&th=1&psc=1">View Product</a></div><div class="product"><a href="https://www.amazon.com/dp/B00HDHQQCE?tag=eloabder-20&linkCode=osi&th=1&psc=1"><img src="https://m.media-amazon.com/images/I/41vF-7MwNhL._SL500_.jpg" alt="Product Image"></a><p>Murray's 100% Pure Beeswax 4 oz</p><p>$5.98 ($1.50 / Ounce)</p><a href="https://www.amazon.com/dp/B00HDHQQCE?tag=eloabder-20&linkCode=osi&th=1&psc=1">View Product</a></div><div class="product"><a href="https://www.amazon.com/dp/B09YM8JTLM?tag=eloabder-20&linkCode=osi&th=1&psc=1"><img src="https://m.media-amazon.com/images/I/41cjNuBnFEL._SL500_.jpg" alt="Product Image"></a><p>TRINIDa Beeswax Pellets 2LB(32 oz), 100% Organic Yellow Bees Wax for DIY Candles, Beeswax for Candle Making, Skin, Body, Face, and Hair Care, Lotions, DIY Creams, Lip Balm and Soap Making Supplies</p><p>$11.99</p><a href="https://www.amazon.com/dp/B09YM8JTLM?tag=eloabder-20&linkCode=osi&th=1&psc=1">View Product</a></div><div class="product"><a href="https://www.amazon.com/dp/B00F3CNMV4?tag=eloabder-20&linkCode=osi&th=1&psc=1"><img src="https://m.media-amazon.com/images/I/31pjrRAEa4L._SL500_.jpg" alt="Product Image"></a><p>Stakich Yellow Beeswax Block - Natural, Triple Filtered - 1 Pound, Honey Scent</p><p>$13.95 ($0.87 / Ounce)</p><a href="https://www.amazon.com/dp/B00F3CNMV4?tag=eloabder-20&linkCode=osi&th=1&psc=1">View Product</a></div><div class="product"><a href="https://www.amazon.com/dp/B0BXFZBZS9?tag=eloabder-20&linkCode=osi&th=1&psc=1"><img src="https://m.media-amazon.com/images/I/4178i9IB9KL._SL500_.jpg" alt="Product Image"></a><p>5LB Beeswax Pellets Beeswax for Candle Making Organic Beeswax Pellets for Skin Beeswax Beads Beeswax Bulk Beeswax for Lotion Making Organic for DIY and Craft Project</p><p>$22.99</p><a href="https://www.amazon.com/dp/B0BXFZBZS9?tag=eloabder-20&linkCode=osi&th=1&psc=1">View Product</a></div>
<div class="product"><a href="https://www.amazon.com/dp/B0052F1BVK?tag=eloabder-20&linkCode=osi&th=1&psc=1"><img src="https://m.media-amazon.com/images/I/41zE9eiGoLL._SL500_.jpg" alt="Product Image"></a><p>ACC Staples Large Binder Clips, 2" Width, 1" Capacity, Black, 12/Pk</p><p>$6.30</p><a href="https://www.amazon.com/dp/B0052F1BVK?tag=eloabder-20&linkCode=osi&th=1&psc=1">View Product</a></div><div class="product"><a href="https://www.amazon.com/dp/B07MLFR771?tag=eloabder-20&linkCode=osi&th=1&psc=1"><img src="https://m.media-amazon.com/images/I/51N2wxA7N0L._SL500_.jpg" alt="Product Image"></a><p>CooBigo 50 Pack Binder Ring, Metal Book Ring Paper Ring Holder 5/8-Inch Loose Leaf Binder Ring Clip for Index Card, Flash Card Ring, Card Calendar, Keychain Key Ring - Bronze</p><p>$6.99</p><a href="https://www.amazon.com/dp/B07MLFR771?tag=eloabder-20&linkCode=osi&th=1&psc=1">View Product</a></div><div class="product"><a href="https://www.amazon.com/dp/B01563NHGY?tag=eloabder-20&linkCode=osi&th=1&psc=1"><img src="https://m.media-amazon.com/images/I/41gj+0ZftqL._SL500_.jpg" alt="Product Image"></a><p>vanki Pack of 40 Cute Lovely Smiling Face Spring-Loaded File Organizer Paper Holder Metal Binder Clips, Assorted Color</p><p>$8.99</p><a href="https://www.amazon.com/dp/B01563NHGY?tag=eloabder-20&linkCode=osi&th=1&psc=1">View Product</a></div><div class="product"><a href="https://www.amazon.com/dp/B000GOUDSO?tag=eloabder-20&linkCode=osi&th=1&psc=1"><img src="https://m.media-amazon.com/images/I/41ZANISHgML._SL500_.jpg" alt="Product Image"></a><p>Small Binder Clips .75" 8/Pkg-Assorted Colors</p><p>$4.46</p><a href="https://www.amazon.com/dp/B000GOUDSO?tag=eloabder-20&linkCode=osi&th=1&psc=1">View Product</a></div>
<div class="product"><a href="https://www.amazon.com/dp/B07PRPX4VR?tag=eloabder-20&linkCode=osi&th=1&psc=1"><img src="https://m.media-amazon.com/images/I/41IMH12fdPL._SL500_.jpg" alt="Product Image"></a><p>Durable Sheet Lifters, Durable Easy Flow, 11" x 3", Lifts Sheets Over Rings and Protects Sheets from Tearing, Fit Standard 3-Ring Binders, Black (20 Pack)</p><p>$14.99</p><a href="https://www.amazon.com/dp/B07PRPX4VR?tag=eloabder-20&linkCode=osi&th=1&psc=1">View Product</a></div><div class="product"><a href="https://www.amazon.com/dp/B0CM8QJHFW?tag=eloabder-20&linkCode=osi&th=1&psc=1"><img src="https://m.media-amazon.com/images/I/31cJGS74oCL._SL500_.jpg" alt="Product Image"></a><p>Wantane D-Shaped Tape Storage Ring Tape Storage Ring 4" D-Shaped Washi Tape Storage Ring for DIY Decoration and Storage（Nickel）-2PCS</p><p>$7.99</p><a href="https://www.amazon.com/dp/B0CM8QJHFW?tag=eloabder-20&linkCode=osi&th=1&psc=1">View Product</a></div>
<div class="product"><a href="https://www.amazon.com/dp/B00006IAS3?tag=eloabder-20&linkCode=osi&th=1&psc=1"><img src="https://m.media-amazon.com/images/I/317DvSXhT1L._SL500_.jpg" alt="Product Image"></a><p>GBC Binding System, Manual, Desktop Binding Punch, 6 Sheet Punch Capacity, ProClick P50 (2515650)</p><p>$123.89</p><a href="https://www.amazon.com/dp/B00006IAS3?tag=eloabder-20&linkCode=osi&th=1&psc=1">View Product</a></div><div class="product"><a href="https://www.amazon.com/dp/B004BP81KQ?tag=eloabder-20&linkCode=osi&th=1&psc=1"><img src="https://m.media-amazon.com/images/I/51SqfeZ12KL._SL500_.jpg" alt="Product Image"></a><p>We R Memory Keepers Cinch Book Binding Wire (1-Inch, Silver (2 Pack))</p><p>$5.99</p><a href="https://www.amazon.com/dp/B004BP81KQ?tag=eloabder-20&linkCode=osi&th=1&psc=1">View Product</a></div>

<div class="product"><a href="https://www.amazon.com/dp/B0007ZJ8TM?tag=eloabder-20&linkCode=osi&th=1&psc=1"><img src="https://m.media-amazon.com/images/I/41i49sz3UAL._SL500_.jpg" alt="Product Image"></a><p>Speedball Super Black India Ink, 2-Ounce</p><p>$9.99 ($9.99 / Count)</p><a href="https://www.amazon.com/dp/B0007ZJ8TM?tag=eloabder-20&linkCode=osi&th=1&psc=1">View Product</a></div><div class="product"><a href="https://www.amazon.com/dp/B0026I10AI?tag=eloabder-20&linkCode=osi&th=1&psc=1"><img src="https://m.media-amazon.com/images/I/31vklP4uBsL._SL500_.jpg" alt="Product Image"></a><p>Dr. Ph. Martin's Bombay India (7BY) Ink Bottle, 1.0 oz, Black</p><p>$6.99</p><a href="https://www.amazon.com/dp/B0026I10AI?tag=eloabder-20&linkCode=osi&th=1&psc=1">View Product</a></div><div class="product"><a href="https://www.amazon.com/dp/B000KNP96C?tag=eloabder-20&linkCode=osi&th=1&psc=1"><img src="https://m.media-amazon.com/images/I/51e9srYtG0L._SL500_.jpg" alt="Product Image"></a><p>Winsor & Newton Drawing Ink, 14ml Bottle, Black Indian</p><p>$10.99</p><a href="https://www.amazon.com/dp/B000KNP96C?tag=eloabder-20&linkCode=osi&th=1&psc=1">View Product</a></div><div class="product"><a href="https://www.amazon.com/dp/B07BQG5QF4?tag=eloabder-20&linkCode=osi&th=1&psc=1"><img src="https://m.media-amazon.com/images/I/41nEMDYZaiL._SL500_.jpg" alt="Product Image"></a><p>Speedball Super Black India Ink, 16-Ounce</p><p>$19.99</p><a href="https://www.amazon.com/dp/B07BQG5QF4?tag=eloabder-20&linkCode=osi&th=1&psc=1">View Product</a></div><div class="product"><a href="https://www.amazon.com/dp/B001038NLY?tag=eloabder-20&linkCode=osi&th=1&psc=1"><img src="https://m.media-amazon.com/images/I/418i4sxJJ0L._SL500_.jpg" alt="Product Image"></a><p>Speedball Fabric Screen Printing Ink, 8-Ounce, Black for T-Shirt and Silkscreen Printmaking</p><p>$12.99 ($1.62 / Fl Oz)</p><a href="https://www.amazon.com/dp/B001038NLY?tag=eloabder-20&linkCode=osi&th=1&psc=1">View Product</a></div><div class="product"><a href="https://www.amazon.com/dp/B00161OPSA?tag=eloabder-20&linkCode=osi&th=1&psc=1"><img src="https://m.media-amazon.com/images/I/41C32y3CJAL._SL500_.jpg" alt="Product Image"></a><p>Tsukineko VersaFine inkpad, Full-Size, Onyx Black</p><p>$4.99 ($4.99 / Count)</p><a href="https://www.amazon.com/dp/B00161OPSA?tag=eloabder-20&linkCode=osi&th=1&psc=1">View Product</a></div>
<div class="product"><a href="https://www.amazon.com/dp/B07Q4TJCDJ?tag=eloabder-20&linkCode=osi&th=1&psc=1"><img src="https://m.media-amazon.com/images/I/315HYvYg-BL._SL500_.jpg" alt="Product Image"></a><p>Primbeeks 300pcs Blank Business Cards, Premium Blank White Cards, 3.5" x 2.2" Small Blank Cards, Blank Cardstock Cards, Small Note Cards, white blank cards, white business cards, kraft paper cards</p><p>$7.99</p><a href="https://www.amazon.com/dp/B07Q4TJCDJ?tag=eloabder-20&linkCode=osi&th=1&psc=1">View Product</a></div><div class="product"><a href="https://www.amazon.com/dp/B0CRGHFLT8?tag=eloabder-20&linkCode=osi&th=1&psc=1"><img src="https://m.media-amazon.com/images/I/41S1NLpb8hL._SL500_.jpg" alt="Product Image"></a><p>Watercolor Cards and Envelopes Set - 50 Folded 5x7 Inch Blank Heavyweight Paper Cards (140lb/300gsm) with Matching Envelopes for DIY Greeting Cards, Festivals, and Events</p><p>$17.99 ($0.36 / Count)</p><a href="https://www.amazon.com/dp/B0CRGHFLT8?tag=eloabder-20&linkCode=osi&th=1&psc=1">View Product</a></div><div class="product"><a href="https://www.amazon.com/dp/B08MX4TZ3H?tag=eloabder-20&linkCode=osi&th=1&psc=1"><img src="https://m.media-amazon.com/images/I/41D2u4vdLQL._SL500_.jpg" alt="Product Image"></a><p>50 Pack Blank Kraft Cards Cardstock Thick Paper Brown Greeting Cards for DIY Gift Card Menus, Baby Shower and Wedding Invitations (Multicolored, 5x7IN)</p><p>$8.99</p><a href="https://www.amazon.com/dp/B08MX4TZ3H?tag=eloabder-20&linkCode=osi&th=1&psc=1">View Product</a></div><div class="product"><a href="https://www.amazon.com/dp/B08BDGGVMK?tag=eloabder-20&linkCode=osi&th=1&psc=1"><img src="https://m.media-amazon.com/images/I/41W-dTUoBqL._SL500_.jpg" alt="Product Image"></a><p>100pcs 3.54"x2" Blank Kraft Paper Business Card, Words Message Notes paper Tags, Mini Craft Cardboard Festival gifts - 6 colors</p><p>$5.98</p><a href="https://www.amazon.com/dp/B08BDGGVMK?tag=eloabder-20&linkCode=osi&th=1&psc=1">View Product</a></div><div class="product"><a href="https://www.amazon.com/dp/B08BFDJJ78?tag=eloabder-20&linkCode=osi&th=1&psc=1"><img src="https://m.media-amazon.com/images/I/61LZ1Csb+dL._SL500_.jpg" alt="Product Image"></a><p>Nettbe 100pcs 3.54"x2" Blank Kraft Paper Business Card, Words Message Notes paper Tags, Mini Craft Cardboard Festival gifts</p><p>$5.99</p><a href="https://www.amazon.com/dp/B08BFDJJ78?tag=eloabder-20&linkCode=osi&th=1&psc=1">View Product</a></div><div class="product"><a href="https://www.amazon.com/dp/B07Q8YBJM3?tag=eloabder-20&linkCode=osi&th=1&psc=1"><img src="https://m.media-amazon.com/images/I/31w6U4cCqEL._SL500_.jpg" alt="Product Image"></a><p>Primbeeks 228pcs Blank Business Cards, Premium Blank White Cards, 3.5" x 2.2" Small Blank Cards, Blank Cardstock Cards, Small Note Cards, white blank cards, white business cards, kraft paper cards</p><p>$5.99</p><a href="https://www.amazon.com/dp/B07Q8YBJM3?tag=eloabder-20&linkCode=osi&th=1&psc=1">View Product</a></div><div class="product"><a href="https://www.amazon.com/dp/B08X4Z9TGN?tag=eloabder-20&linkCode=osi&th=1&psc=1"><img src="https://m.media-amazon.com/images/I/41Jqhe35tDL._SL500_.jpg" alt="Product Image"></a><p>321Done Blank Rustic Cards, Made in USA - 4x6 Thick, Heavy Cardstock - Make Invites, Greeting, Note, Thank You Cards - Plain Kraft for Writing, Stamping, Printing, Art - No Envelopes - Set of 50</p><p>$14.99</p><a href="https://www.amazon.com/dp/B08X4Z9TGN?tag=eloabder-20&linkCode=osi&th=1&psc=1">View Product</a></div><div class="product"><a href="https://www.amazon.com/dp/B0D2KDWBNM?tag=eloabder-20&linkCode=osi&th=1&psc=1"><img src="https://m.media-amazon.com/images/I/31dAhnBJ7aL._SL500_.jpg" alt="Product Image"></a><p>4x6 Blank White Cardstock (Set of 100) - Card Stock for Printer Postcards, Photo Paper Invitations, Greeting, Note, Thank You, DIY Making, Index Cards - Plain for Writing, Stamping, Printing, Art</p><p>$8.99</p><a href="https://www.amazon.com/dp/B0D2KDWBNM?tag=eloabder-20&linkCode=osi&th=1&psc=1">View Product</a></div><div class="product"><a href="https://www.amazon.com/dp/B0BB858RYN?tag=eloabder-20&linkCode=osi&th=1&psc=1"><img src="https://m.media-amazon.com/images/I/317zmriPKNL._SL500_.jpg" alt="Product Image"></a><p>WANDERINGS Handmade White Deckle Edge Blank Greeting Cards- Folded to 5x7” - Pack of 25 - Writers, Artists, Crafters - Thank Yous, Invitations, Menus, Greeting Cards, Notes - Thick 150 GSM</p><p>$21.99 ($0.88 / Count)</p><a href="https://www.amazon.com/dp/B0BB858RYN?tag=eloabder-20&linkCode=osi&th=1&psc=1">View Product</a></div><div class="product"><a href="https://www.amazon.com/dp/B0BZPPXRZW?tag=eloabder-20&linkCode=osi&th=1&psc=1"><img src="https://m.media-amazon.com/images/I/21Da-WQhrpL._SL500_.jpg" alt="Product Image"></a><p>100 Pack Thick Paper Cardstock Blank Heavy Cards Stock for Invitations, Greeting Cards Making, Postcards, Photos, 250GSM Thick Paper (White, 2x3.5 inches)</p><p>$5.99</p><a href="https://www.amazon.com/dp/B0BZPPXRZW?tag=eloabder-20&linkCode=osi&th=1&psc=1">View Product</a></div>
<div class="product"><a href="https://www.amazon.com/dp/B0BZRDQKH6?tag=eloabder-20&linkCode=osi&th=1&psc=1"><img src="https://m.media-amazon.com/images/I/41GYYRiusgL._SL500_.jpg" alt="Product Image"></a><p>feela 8 Pack Unlined Kraft Paper Notebooks, Blank Journal Note Pad for Drawing Writing, Small Sketchbook Travel Journal Bulk for Women Kids Students Office School Supplies, A5, 60 Pages, 8.3” X 5.5”</p><p>$9.99</p><a href="https://www.amazon.com/dp/B0BZRDQKH6?tag=eloabder-20&linkCode=osi&th=1&psc=1">View Product</a></div><div class="product"><a href="https://www.amazon.com/dp/B0BXLB74KK?tag=eloabder-20&linkCode=osi&th=1&psc=1"><img src="https://m.media-amazon.com/images/I/313vYzg7HpL._SL500_.jpg" alt="Product Image"></a><p>ZZTX 4 Pack Blank Kraft Notebooks, Blank Paper Sketchbooks for Drawing Doodling Writing,Travel Journal Set, A5, 36 Pages, 8.3” X 5.5”</p><p>$5.99</p><a href="https://www.amazon.com/dp/B0BXLB74KK?tag=eloabder-20&linkCode=osi&th=1&psc=1">View Product</a></div><div class="product"><a href="https://www.amazon.com/dp/B0BW5TNPXJ?tag=eloabder-20&linkCode=osi&th=1&psc=1"><img src="https://m.media-amazon.com/images/I/31Wu8UP78iL._SL500_.jpg" alt="Product Image"></a><p>EOOUT Kraft Notebooks, Blank Page Journals in Bulk, 16pcs A5, 8.3 X 5.5 Inches, 60 Pages, 80gsm, Travel Journal Set, for Art Camp, Travelers, Students and Office Supplies Sketchbooks Bulk for Kids</p><p>$15.99</p><a href="https://www.amazon.com/dp/B0BW5TNPXJ?tag=eloabder-20&linkCode=osi&th=1&psc=1">View Product</a></div><div class="product"><a href="https://www.amazon.com/dp/B08P3F46SD?tag=eloabder-20&linkCode=osi&th=1&psc=1"><img src="https://m.media-amazon.com/images/I/41jeBDcZJ1L._SL500_.jpg" alt="Product Image"></a><p>Krafty Soft Cover Blank Notebook Journal, Spiral Sketchbook Pad, Drawing Book, 60 Sheets/140gsm (A4)/120 Pages</p><p>$7.99</p><a href="https://www.amazon.com/dp/B08P3F46SD?tag=eloabder-20&linkCode=osi&th=1&psc=1">View Product</a></div><div class="product"><a href="https://www.amazon.com/dp/B0CWNPMC4T?tag=eloabder-20&linkCode=osi&th=1&psc=1"><img src="https://m.media-amazon.com/images/I/31BZeVGe6TL._SL500_.jpg" alt="Product Image"></a><p>zmybcpack 5 Pack Blank Journal Notebooks, Blank Paper Sketchbook for Drawing Writing, Travel Journal Notebook Kraft Paper Notebook for Travelers, Students, Office, A5, 8.26” x 5.5”, 60 Pages/30 Sheets</p><p>$8.99</p><a href="https://www.amazon.com/dp/B0CWNPMC4T?tag=eloabder-20&linkCode=osi&th=1&psc=1">View Product</a></div><div class="product"><a href="https://www.amazon.com/dp/B07WHYP9WN?tag=eloabder-20&linkCode=osi&th=1&psc=1"><img src="https://m.media-amazon.com/images/I/41ZhyCux1yL._SL500_.jpg" alt="Product Image"></a><p>Thick Blank Journal Notebook with Unlined / Unruled / Plain Pages | Deluxe 120gsm Ink Resistant Paper for Writing, Sketch Book, 160 Pages | Hardcover Sketchbook with Pen Holder, Pocket, Ribbon (Black)</p><p>$14.99</p><a href="https://www.amazon.com/dp/B07WHYP9WN?tag=eloabder-20&linkCode=osi&th=1&psc=1">View Product</a></div>
<div class="product"><a href="https://www.amazon.com/dp/B07MT7HKZW?tag=eloabder-20&linkCode=osi&th=1&psc=1"><img src="https://m.media-amazon.com/images/I/413JwH5JREL._SL500_.jpg" alt="Product Image"></a><p>Spiral Sketch Book Large Notebook（Built-in Drawing Board） Kraft Cover Blank Sketch Pad Wirebound Sketching for Drawing Painting 8.5x11-Inch (2 Pack) 200 Sheets, 100 Sheets, 200Pages Each</p><p>$17.99 ($9.00 / Count)</p><a href="https://www.amazon.com/dp/B07MT7HKZW?tag=eloabder-20&linkCode=osi&th=1&psc=1">View Product</a></div><div class="product"><a href="https://www.amazon.com/dp/B0BDQ82WB9?tag=eloabder-20&linkCode=osi&th=1&psc=1"><img src="https://m.media-amazon.com/images/I/51FoWr3GPwL._SL500_.jpg" alt="Product Image"></a><p>feela 170 Pack Blank Kraft Notebooks, Unlined Sketchbook Mini Cute Note Pad for Drawing Writing, Journal Bulk For Kids Students Office School Supplies, A6, 48 Pages, 4.25” X 5.5”, Black and Brown</p><p>$51.99</p><a href="https://www.amazon.com/dp/B0BDQ82WB9?tag=eloabder-20&linkCode=osi&th=1&psc=1">View Product</a></div><div class="product"><a href="https://www.amazon.com/dp/B0B3WWHWT2?tag=eloabder-20&linkCode=osi&th=1&psc=1"><img src="https://m.media-amazon.com/images/I/31m0FzXtPxL._SL500_.jpg" alt="Product Image"></a><p>Tamaki 6 Pack Colorful Blank Books for kids to Write, Drawing, Cute Sketchbook for Kid, 6 Colors (4.25 x 5.5 Inches)</p><p>$6.99</p><a href="https://www.amazon.com/dp/B0B3WWHWT2?tag=eloabder-20&linkCode=osi&th=1&psc=1">View Product</a></div>
<div class="product"><a href="https://www.amazon.com/dp/B0BGH2P9M6?tag=eloabder-20&linkCode=osi&th=1&psc=1"><img src="https://m.media-amazon.com/images/I/41ozOaYoHEL._SL500_.jpg" alt="Product Image"></a><p>EOOUT 100pcs A5 Kraft Notebooks, Blank Page Journals in Bulk, Sketchbooks Bulk for Kids, 60 Pages, 80GSM, 8.3 X 5.5 Inch, Travel Journal Set, for Art Camp, Travelers, Students and Office Supplies</p><p>$51.99</p><a href="https://www.amazon.com/dp/B0BGH2P9M6?tag=eloabder-20&linkCode=osi&th=1&psc=1">View Product</a></div><div class="product"><a href="https://www.amazon.com/dp/B07MT99F94?tag=eloabder-20&linkCode=osi&th=1&psc=1"><img src="https://m.media-amazon.com/images/I/41Ug7gpSWDL._SL500_.jpg" alt="Product Image"></a><p>Spiral Sketch Book Large Notebook（Built-in Drawing Board） Kraft Cover Blank Sketch Pad Wirebound Sketching for Drawing Painting 8.5x11-Inch (1 Pack) 200 Pages, 100 Sheets</p><p>$9.99</p><a href="https://www.amazon.com/dp/B07MT99F94?tag=eloabder-20&linkCode=osi&th=1&psc=1">View Product</a></div><div class="product"><a href="https://www.amazon.com/dp/B07CM32KLM?tag=eloabder-20&linkCode=osi&th=1&psc=1"><img src="https://m.media-amazon.com/images/I/41ENhBLE9DL._SL500_.jpg" alt="Product Image"></a><p>Kraft Cover Drawing Notebook & Sketchbook – Set of 2 Blank Plain Sketch Books – 125g Thick Paper A5 Size, 150x210mm Paper Ideal for Drawing & Sketching- 128 sheets/256 pages – 180 Degree Opening, 2pcs</p><p>$20.99 ($0.08 / Count)</p><a href="https://www.amazon.com/dp/B07CM32KLM?tag=eloabder-20&linkCode=osi&th=1&psc=1">View Product</a></div><div class="product"><a href="https://www.amazon.com/dp/B08ZLMLF7C?tag=eloabder-20&linkCode=osi&th=1&psc=1"><img src="https://m.media-amazon.com/images/I/41X-5yj83vL._SL500_.jpg" alt="Product Image"></a><p>BEECHMORE BOOKS Sketch Book, A4 8.5 x 11.5 inch Blank Sketchbook for Drawing, Paint and Draw, 156 Pages Thick Paper 160gsm, Hardcover Leather Art Notebook, Boxed for Gifts (Chestnut Brown)</p><p>$21.20</p><a href="https://www.amazon.com/dp/B08ZLMLF7C?tag=eloabder-20&linkCode=osi&th=1&psc=1">View Product</a></div>
<div class="product"><a href="https://www.amazon.com/dp/B075M9MSFH?tag=eloabder-20&linkCode=osi&th=1&psc=1"><img src="https://m.media-amazon.com/images/I/51x+szTX6TL._SL500_.jpg" alt="Product Image"></a><p>Bianyo Bleedproof Marker Paper Pad, A4(8.27"X11.69"), 50 Sheets, 18 LB / 70 GSM, Glue-Bound, 100% Cotton, White, Ideal for Use with Markers and Ink Mediums</p><p>$9.99</p><a href="https://www.amazon.com/dp/B075M9MSFH?tag=eloabder-20&linkCode=osi&th=1&psc=1">View Product</a></div><div class="product"><a href="https://www.amazon.com/dp/B08FX5S2NL?tag=eloabder-20&linkCode=osi&th=1&psc=1"><img src="https://m.media-amazon.com/images/I/41CA0ZfazKL._SL500_.jpg" alt="Product Image"></a><p>Marker Paper Sketchbook, Bleedproof Art Marker Pad, (8.27 X 11.69) Inch, White, 40 Sheets</p><p>$6.99</p><a href="https://www.amazon.com/dp/B08FX5S2NL?tag=eloabder-20&linkCode=osi&th=1&psc=1">View Product</a></div><div class="product"><a href="https://www.amazon.com/dp/B0CJRBFSJ8?tag=eloabder-20&linkCode=osi&th=1&psc=1"><img src="https://m.media-amazon.com/images/I/51DLA8TpwEL._SL500_.jpg" alt="Product Image"></a><p>Shuttle Art Marker Pad, 8.3”x8.9” Portable Square Sketchbook, 80 Sheets Marker Drawing Paper, 120LB/200GSM Bleedproof Art Paper, Spiral-Bound, Great for Professional Artist to Draw, Paint & Sketch</p><p>$16.99</p><a href="https://www.amazon.com/dp/B0CJRBFSJ8?tag=eloabder-20&linkCode=osi&th=1&psc=1">View Product</a></div><div class="product"><a href="https://www.amazon.com/dp/B09N7VX5Z5?tag=eloabder-20&linkCode=osi&th=1&psc=1"><img src="https://m.media-amazon.com/images/I/51xCPs9HZyL._SL500_.jpg" alt="Product Image"></a><p>Marker Paper Sketchbook - Marker Sketchbook with Bleedproof Smooth Coated Art Paper, 120 GSM 80 LBS - Marker Pad for Alcohol Markers, Sketching, Drawing - 8.11 x 8.5 Inch | 50 Sheets, 2 Pack</p><p>$15.99 ($8.00 / Count)</p><a href="https://www.amazon.com/dp/B09N7VX5Z5?tag=eloabder-20&linkCode=osi&th=1&psc=1">View Product</a></div><div class="product"><a href="https://www.amazon.com/dp/B07CK94W9T?tag=eloabder-20&linkCode=osi&th=1&psc=1"><img src="https://m.media-amazon.com/images/I/41ocoSNDjdL._SL500_.jpg" alt="Product Image"></a><p>BOXUN Premium 50 Sheets Sketch Marker Paper Pad, Bleedproof Artist Drawing Paper, 8.27 x 11.69 Inch</p><p>$8.29 ($0.17 / Count)</p><a href="https://www.amazon.com/dp/B07CK94W9T?tag=eloabder-20&linkCode=osi&th=1&psc=1">View Product</a></div><div class="product"><a href="https://www.amazon.com/dp/B0CPXWD11W?tag=eloabder-20&linkCode=osi&th=1&psc=1"><img src="https://m.media-amazon.com/images/I/51ApKzpDVNL._SL500_.jpg" alt="Product Image"></a><p>FEITAKE Marker Paper Pad Sketchbook Bleedproof for Alcohol Markers 120lb/200gsm Double Sided Thick Art Drawing Papers 60pages (30Sheets) / A4(8.3"x11.7") Gift for Artists Students Kids</p><p>$13.99 ($0.47 / Count)</p><a href="https://www.amazon.com/dp/B0CPXWD11W?tag=eloabder-20&linkCode=osi&th=1&psc=1">View Product</a></div><div class="product"><a href="https://www.amazon.com/dp/B0025TWYW6?tag=eloabder-20&linkCode=osi&th=1&psc=1"><img src="https://m.media-amazon.com/images/I/51t6UkUHCvL._SL500_.jpg" alt="Product Image"></a><p>Bee Paper Bleedproof Marker Pack, 8-1/2-Inch by 11-Inch, 50 Sheets per Pack</p><p>$17.09 ($0.34 / Count)</p><a href="https://www.amazon.com/dp/B0025TWYW6?tag=eloabder-20&linkCode=osi&th=1&psc=1">View Product</a></div><div class="product"><a href="https://www.amazon.com/dp/B0CJRBYYQB?tag=eloabder-20&linkCode=osi&th=1&psc=1"><img src="https://m.media-amazon.com/images/I/41knBnjZ25L._SL500_.jpg" alt="Product Image"></a><p>Shuttle Art Marker Pad, 8.3”x7.67” Portable Square Sketchbook, 50 Sheets Marker Drawing Paper, 60LB/90GSM Smooth Surface Bleedproof Art Paper, Glue-Bound, Great for Beginners to Draw, Paint & Sketch</p><p>$8.99 ($0.18 / Count)</p><a href="https://www.amazon.com/dp/B0CJRBYYQB?tag=eloabder-20&linkCode=osi&th=1&psc=1">View Product</a></div>
<div class="product"><a href="https://www.amazon.com/dp/B00881IU8M?tag=eloabder-20&linkCode=osi&th=1&psc=1"><img src="https://m.media-amazon.com/images/I/41hbSgdLBtL._SL500_.jpg" alt="Product Image"></a><p>Speedball Fabric & Paper Block Printing Ink 6-Color Set, 1.25-Ounce x 6</p><p>$28.99 ($28.99 / Count)</p><a href="https://www.amazon.com/dp/B00881IU8M?tag=eloabder-20&linkCode=osi&th=1&psc=1">View Product</a></div><div class="product"><a href="https://www.amazon.com/dp/B000J09PFM?tag=eloabder-20&linkCode=osi&th=1&psc=1"><img src="https://m.media-amazon.com/images/I/51yPRc4nvoL._SL500_.jpg" alt="Product Image"></a><p>Speedball Water-Soluble Block Printing Ink Starter Set, 6 Bold Colors with Satin Finish, 1.25-Ounce Tubes</p><p>$29.99 ($4.00 / Fl Oz)</p><a href="https://www.amazon.com/dp/B000J09PFM?tag=eloabder-20&linkCode=osi&th=1&psc=1">View Product</a></div><div class="product"><a href="https://www.amazon.com/dp/B000BYT24U?tag=eloabder-20&linkCode=osi&th=1&psc=1"><img src="https://m.media-amazon.com/images/I/51pDlo+LlKL._SL500_.jpg" alt="Product Image"></a><p>Speedball Water-Soluble Block Printing Ink, 8-Ounce Jar, Black</p><p>$14.49</p><a href="https://www.amazon.com/dp/B000BYT24U?tag=eloabder-20&linkCode=osi&th=1&psc=1">View Product</a></div><div class="product"><a href="https://www.amazon.com/dp/B00C1JUJWW?tag=eloabder-20&linkCode=osi&th=1&psc=1"><img src="https://m.media-amazon.com/images/I/41zDtJ6f5hL._SL500_.jpg" alt="Product Image"></a><p>Speedball Fabric Block Printing Ink, 2.5-Ounce, Black</p><p>$9.99 ($4.00 / Fl Oz)</p><a href="https://www.amazon.com/dp/B00C1JUJWW?tag=eloabder-20&linkCode=osi&th=1&psc=1">View Product</a></div><div class="product"><a href="https://www.amazon.com/dp/B004PZ1ZJG?tag=eloabder-20&linkCode=osi&th=1&psc=1"><img src="https://m.media-amazon.com/images/I/41+GkhhpR5L._SL500_.jpg" alt="Product Image"></a><p>Speedball Water-Soluble Block Printing Ink Starter Set, 4-Color Set, 1.25-Ounce Tubes</p><p>$20.99</p><a href="https://www.amazon.com/dp/B004PZ1ZJG?tag=eloabder-20&linkCode=osi&th=1&psc=1">View Product</a></div><div class="product"><a href="https://www.amazon.com/dp/B0017CZF3C?tag=eloabder-20&linkCode=osi&th=1&psc=1"><img src="https://m.media-amazon.com/images/I/41S17SYPAZL._SL500_.jpg" alt="Product Image"></a><p>Speedball Water Soluble Block Printing Ink, Black, 2-1/2 Ounces - 380663</p><p>$9.99</p><a href="https://www.amazon.com/dp/B0017CZF3C?tag=eloabder-20&linkCode=osi&th=1&psc=1">View Product</a></div><div class="product"><a href="https://www.amazon.com/dp/B0BXNX8FSH?tag=eloabder-20&linkCode=osi&th=1&psc=1"><img src="https://m.media-amazon.com/images/I/51JGm1VxVOL._SL500_.jpg" alt="Product Image"></a><p>Falling in Art Water-Soluble Block Printing Ink, 6-Color Printmaking Ink Set for Linoleum Block, 3.5 floz</p><p>$28.99</p><a href="https://www.amazon.com/dp/B0BXNX8FSH?tag=eloabder-20&linkCode=osi&th=1&psc=1">View Product</a></div><div class="product"><a href="https://www.amazon.com/dp/B0027ACJBO?tag=eloabder-20&linkCode=osi&th=1&psc=1"><img src="https://m.media-amazon.com/images/I/41OzayB9ojL._SL500_.jpg" alt="Product Image"></a><p>Speedball 3476 Oil-Based Block Printing Ink Starter Set for Professional, Permanent Prints AP Certified – 1.25 FL OZ Tubes</p><p>$33.99</p><a href="https://www.amazon.com/dp/B0027ACJBO?tag=eloabder-20&linkCode=osi&th=1&psc=1">View Product</a></div>
<div class="product"><a href="https://www.amazon.com/dp/B0027AGDWK?tag=eloabder-20&linkCode=osi&th=1&psc=1"><img src="https://m.media-amazon.com/images/I/515LDer6GPL._SL500_.jpg" alt="Product Image"></a><p>Speedball Deluxe Block Printing Kit - Includes Inks, Brayer, Bench Hook, Lino Handle and Cutters, Speedy-Carve Block, Mounted Linoleum Block</p><p>$59.99</p><a href="https://www.amazon.com/dp/B0027AGDWK?tag=eloabder-20&linkCode=osi&th=1&psc=1">View Product</a></div><div class="product"><a href="https://www.amazon.com/dp/B07ZJBZN5S?tag=eloabder-20&linkCode=osi&th=1&psc=1"><img src="https://m.media-amazon.com/images/I/41UbN58y9uS._SL500_.jpg" alt="Product Image"></a><p>SGHUO 12pcs 4"x6" Pink Rubber Carving Blocks Linoleum Block Stamp Making Kit</p><p>$22.99 ($1.92 / Count)</p><a href="https://www.amazon.com/dp/B07ZJBZN5S?tag=eloabder-20&linkCode=osi&th=1&psc=1">View Product</a></div>
<div class="product"><a href="https://www.amazon.com/dp/B00L2DYUM8?tag=eloabder-20&linkCode=osi&th=1&psc=1"><img src="https://m.media-amazon.com/images/I/51l5FZ0+5AL._SL500_.jpg" alt="Product Image"></a><p>Strathmore 300 Series Printmaking Paper Pad, Glue Bound, 5x7 inches, 40 Sheets (120g) - Artist Paper for Adults and Students - Block Printing, Linocut, Screen Printing, White</p><p>$7.26</p><a href="https://www.amazon.com/dp/B00L2DYUM8?tag=eloabder-20&linkCode=osi&th=1&psc=1">View Product</a></div><div class="product"><a href="https://www.amazon.com/dp/B07BSYS5XC?tag=eloabder-20&linkCode=osi&th=1&psc=1"><img src="https://m.media-amazon.com/images/I/51Uwfq0jv+L._SL500_.jpg" alt="Product Image"></a><p>Ucreate Printmaking Paper, 9"x12", White, 100 Sheet, P9001</p><p>$9.79</p><a href="https://www.amazon.com/dp/B07BSYS5XC?tag=eloabder-20&linkCode=osi&th=1&psc=1">View Product</a></div><div class="product"><a href="https://www.amazon.com/dp/B00K5562WA?tag=eloabder-20&linkCode=osi&th=1&psc=1"><img src="https://m.media-amazon.com/images/I/51Dm+TeJGdL._SL500_.jpg" alt="Product Image"></a><p>Strathmore Printmaking Paper Pad 8"X10"-20 Sheets -62433800, White</p><p>$10.19</p><a href="https://www.amazon.com/dp/B00K5562WA?tag=eloabder-20&linkCode=osi&th=1&psc=1">View Product</a></div><div class="product"><a href="https://www.amazon.com/dp/B001DNH8I0?tag=eloabder-20&linkCode=osi&th=1&psc=1"><img src="https://m.media-amazon.com/images/I/51UzoKdUojL._SL500_.jpg" alt="Product Image"></a><p>Black Ink 9-Inch by 12-Inch Bleached Mulberry Block Printing Paper, 25-Pack</p><p>$19.35 ($0.77 / Count)</p><a href="https://www.amazon.com/dp/B001DNH8I0?tag=eloabder-20&linkCode=osi&th=1&psc=1">View Product</a></div><div class="product"><a href="https://www.amazon.com/dp/B00C6G6L5Y?tag=eloabder-20&linkCode=osi&th=1&psc=1"><img src="https://m.media-amazon.com/images/I/5103h0Rm8sL._SL500_.jpg" alt="Product Image"></a><p>Black Ink Thai Mulberry Block Printing Paper Packs small assorted colors</p><p>$21.99</p><a href="https://www.amazon.com/dp/B00C6G6L5Y?tag=eloabder-20&linkCode=osi&th=1&psc=1">View Product</a></div>
<div class="product"><a href="https://www.amazon.com/dp/B003IG27OK?tag=eloabder-20&linkCode=osi&th=1&psc=1"><img src="https://m.media-amazon.com/images/I/416NUaYo1DL._SL500_.jpg" alt="Product Image"></a><p>Speedball Block Printing Baren - Comfortable Wooden Handle, Made in the USA - 4 Inches</p><p>$29.49</p><a href="https://www.amazon.com/dp/B003IG27OK?tag=eloabder-20&linkCode=osi&th=1&psc=1">View Product</a></div>

<div class="product"><a href="https://www.amazon.com/dp/B0D3HPD7WP?tag=eloabder-20&linkCode=osi&th=1&psc=1"><img src="https://m.media-amazon.com/images/I/31KSmmAWUWL._SL500_.jpg" alt="Product Image"></a><p>50 Sheets Grey Cardstock Paper, Colored Printer Paper 8.5 x 11, Thick Construction Paper for Cards Making, Scrapbook，Office Printing, Invitations, Certificates，DIY Crafting 92 lb/250gsm</p><p>$9.99</p><a href="https://www.amazon.com/dp/B0D3HPD7WP?tag=eloabder-20&linkCode=osi&th=1&psc=1">View Product</a></div>
<div class="product"><a href="https://www.amazon.com/dp/B076CP6F36?tag=eloabder-20&linkCode=osi&th=1&psc=1"><img src="https://m.media-amazon.com/images/I/51rfEIvgI+L._SL500_.jpg" alt="Product Image"></a><p>Apple Barrel, Vibrant Spectrum Collection Acrylic Craft Paint, PROMOABIII, 2 fl oz each, 16 assorted matte colors, 16 count</p><p>$15.97 ($0.50 / Fl Oz)</p><a href="https://www.amazon.com/dp/B076CP6F36?tag=eloabder-20&linkCode=osi&th=1&psc=1">View Product</a></div><div class="product"><a href="https://www.amazon.com/dp/B0BKFLSYQF?tag=eloabder-20&linkCode=osi&th=1&psc=1"><img src="https://m.media-amazon.com/images/I/51a0PmPRknL._SL500_.jpg" alt="Product Image"></a><p>72 Pack Acrylic Paint Set, Shuttle Art 60 Colors Acrylic Paint Including Extra White Black & 12 Brushes, 2oz/60ml, Rich Pigmented, Water Proof, Ideal for Artists, Beginners on Canvas Rock Wood Ceramic</p><p>$45.99 ($23.00 / Fl Oz)</p><a href="https://www.amazon.com/dp/B0BKFLSYQF?tag=eloabder-20&linkCode=osi&th=1&psc=1">View Product</a></div><div class="product"><a href="https://www.amazon.com/dp/B08CB3JH79?tag=eloabder-20&linkCode=osi&th=1&psc=1"><img src="https://m.media-amazon.com/images/I/51OUZsFdnTL._SL500_.jpg" alt="Product Image"></a><p>Acrylic Paint Set of 36 Colors 2fl oz 60ml Bottles,Non Toxic 36 Colors Acrylic Paint No Fading Rich Pigment for Kids Adults Artists Canvas Crafts Wood Painting</p><p>$32.99 ($0.46 / Fl Oz)</p><a href="https://www.amazon.com/dp/B08CB3JH79?tag=eloabder-20&linkCode=osi&th=1&psc=1">View Product</a></div><div class="product"><a href="https://www.amazon.com/dp/B0018NBVKQ?tag=eloabder-20&linkCode=osi&th=1&psc=1"><img src="https://m.media-amazon.com/images/I/31YlSvZMTCL._SL500_.jpg" alt="Product Image"></a><p>Apple Barrel Acrylic Paint in Assorted Colors (8 Ounce), 20403 White</p><p>$2.67 ($0.33 / Fl Oz)</p><a href="https://www.amazon.com/dp/B0018NBVKQ?tag=eloabder-20&linkCode=osi&th=1&psc=1">View Product</a></div><div class="product"><a href="https://www.amazon.com/dp/B077WSBLZ1?tag=eloabder-20&linkCode=osi&th=1&psc=1"><img src="https://m.media-amazon.com/images/I/51KPkXpLn1L._SL500_.jpg" alt="Product Image"></a><p>Shuttle Art Acrylic Paint Set, 30 x12ml Tubes Artist Quality Non Toxic Rich Pigments Colors Great for Kids Adults Professional Painting on Rocks Canvas Wood Clay Fabric Ceramic Crafts</p><p>$12.99 ($1.08 / Fl Oz)</p><a href="https://www.amazon.com/dp/B077WSBLZ1?tag=eloabder-20&linkCode=osi&th=1&psc=1">View Product</a></div><div class="product"><a href="https://www.amazon.com/dp/B00889Z5Y6?tag=eloabder-20&linkCode=osi&th=1&psc=1"><img src="https://m.media-amazon.com/images/I/41MQjsyDbSL._SL500_.jpg" alt="Product Image"></a><p>Apple Barrel Acrylic Paint in Assorted Colors (2 oz), 20764, Apricot</p><p>$0.58 ($0.29 / Fl Oz)</p><a href="https://www.amazon.com/dp/B00889Z5Y6?tag=eloabder-20&linkCode=osi&th=1&psc=1">View Product</a></div><div class="product"><a href="https://www.amazon.com/dp/B09TWQD5ZL?tag=eloabder-20&linkCode=osi&th=1&psc=1"><img src="https://m.media-amazon.com/images/I/41B0L003QXL._SL500_.jpg" alt="Product Image"></a><p>Artkey Acrylic Paint Set - 24 colors 2 oz/59 ml Acrylic Paints Professional Artists Painting Kit for Canvases Fabric Rock Leather Easter Egg Wood Ceramic Glass Art Craft Painting</p><p>$19.99 ($0.42 / Fl Oz)</p><a href="https://www.amazon.com/dp/B09TWQD5ZL?tag=eloabder-20&linkCode=osi&th=1&psc=1">View Product</a></div><div class="product"><a href="https://www.amazon.com/dp/B07Z93LQDB?tag=eloabder-20&linkCode=osi&th=1&psc=1"><img src="https://m.media-amazon.com/images/I/51veoN6zK0L._SL500_.jpg" alt="Product Image"></a><p>Shuttle Art Acrylic Paint Set, 36 Colors Acrylic Paint with Brushes & Palette, 2oz Bottles, Rich Pigments Non-toxic Paint for Artists Kids & Adults, Art Supplies for Canvas Rock Ceramic Wood Painting</p><p>$27.99</p><a href="https://www.amazon.com/dp/B07Z93LQDB?tag=eloabder-20&linkCode=osi&th=1&psc=1">View Product</a></div><div class="product"><a href="https://www.amazon.com/dp/B002665SYY?tag=eloabder-20&linkCode=osi&th=1&psc=1"><img src="https://m.media-amazon.com/images/I/31sJJeWK6OS._SL500_.jpg" alt="Product Image"></a><p>Liquitex BASICS Acrylic Paint, 250ml (8.5-oz) Tube, Titanium White</p><p>$9.99 ($1.18 / Fl Oz)</p><a href="https://www.amazon.com/dp/B002665SYY?tag=eloabder-20&linkCode=osi&th=1&psc=1">View Product</a></div>
<div class="product"><a href="https://www.amazon.com/dp/B0CC98XLGL?tag=eloabder-20&linkCode=osi&th=1&psc=1"><img src="https://m.media-amazon.com/images/I/51ZLw+nThiL._SL500_.jpg" alt="Product Image"></a><p>HUIRUSO 4 Pack Double Sided Tape Roller, Scrapbook Supplies, Glue Tape Roller for Crafts, Double-Sided Adhesive Tape Runner for Scrapbooking, School Office Journaling Supplies (0.31 in X 26.25 ft)</p><p>$6.99 ($1.75 / Count)</p><a href="https://www.amazon.com/dp/B0CC98XLGL?tag=eloabder-20&linkCode=osi&th=1&psc=1">View Product</a></div><div class="product"><a href="https://www.amazon.com/dp/B007XAAE6K?tag=eloabder-20&linkCode=osi&th=1&psc=1"><img src="https://m.media-amazon.com/images/I/414qxYVR0wL._SL500_.jpg" alt="Product Image"></a><p>Scotch Double Sided Tape Runner, 1-Pack, 0.27 in x 26 ft., Perfect for Holiday Crafts, Gifts, and More</p><p>$4.47</p><a href="https://www.amazon.com/dp/B007XAAE6K?tag=eloabder-20&linkCode=osi&th=1&psc=1">View Product</a></div><div class="product"><a href="https://www.amazon.com/dp/B0BZVGPFSK?tag=eloabder-20&linkCode=osi&th=1&psc=1"><img src="https://m.media-amazon.com/images/I/51-ue9+7JkL._SL500_.jpg" alt="Product Image"></a><p>Birllaid Double Sided Tape for Walls, Picture Hanging Strips Removable Mounting Dots Adhesive Heavy Duty, Removable for Art Craft, Decoration, Party Supplies, Multipurpose</p><p>$11.99</p><a href="https://www.amazon.com/dp/B0BZVGPFSK?tag=eloabder-20&linkCode=osi&th=1&psc=1">View Product</a></div><div class="product"><a href="https://www.amazon.com/dp/B0CGVN9SL1?tag=eloabder-20&linkCode=osi&th=1&psc=1"><img src="https://m.media-amazon.com/images/I/41Hy+i4CnoL._SL500_.jpg" alt="Product Image"></a><p>30Ft x 1 Inch Hook and Loop Strips with Adhesive,Double Rolls of Heavy Duty Self Adhesive Tape with Backing, Nylon Self Adhesive Tape for Home Office School and Crafting,White</p><p>$9.99</p><a href="https://www.amazon.com/dp/B0CGVN9SL1?tag=eloabder-20&linkCode=osi&th=1&psc=1">View Product</a></div><div class="product"><a href="https://www.amazon.com/dp/B07Y3VDPLF?tag=eloabder-20&linkCode=osi&th=1&psc=1"><img src="https://m.media-amazon.com/images/I/41cyKQ2OMuL._SL500_.jpg" alt="Product Image"></a><p>Melsan 1x4 inch Hook and Loop Strips with Adhesive - 15 Sets, Strong Back Adhesive Fasten Mounting Tape for Home or Office Use - Instead of Holes and Screws, Black</p><p>$7.82</p><a href="https://www.amazon.com/dp/B07Y3VDPLF?tag=eloabder-20&linkCode=osi&th=1&psc=1">View Product</a></div><div class="product"><a href="https://www.amazon.com/dp/B07V57VJT5?tag=eloabder-20&linkCode=osi&th=1&psc=1"><img src="https://m.media-amazon.com/images/I/514JO3bvl3L._SL500_.jpg" alt="Product Image"></a><p>XFasten Adhesive Roller for Scrapbooking, 8mm x 30ft 4-Pack Double Sided Glue Tape Roller, Scrapbook Supplies for Adults, Photo Tape for Scrapbooking</p><p>$9.99 ($2.50 / Count)</p><a href="https://www.amazon.com/dp/B07V57VJT5?tag=eloabder-20&linkCode=osi&th=1&psc=1">View Product</a></div><div class="product"><a href="https://www.amazon.com/dp/B07JLTGQHX?tag=eloabder-20&linkCode=osi&th=1&psc=1"><img src="https://m.media-amazon.com/images/I/51Eqfo7kUZL._SL500_.jpg" alt="Product Image"></a><p>UPINS 120 Pack Double Sided Foam Tape Square Self-Adhesive Foam Tape Black Strong Tape Pads for DIY Art Crafts Supplies</p><p>$9.99 ($0.08 / Count)</p><a href="https://www.amazon.com/dp/B07JLTGQHX?tag=eloabder-20&linkCode=osi&th=1&psc=1">View Product</a></div><div class="product"><a href="https://www.amazon.com/dp/B005FM6XF4?tag=eloabder-20&linkCode=osi&th=1&psc=1"><img src="https://m.media-amazon.com/images/I/51-vp1WJ89L._SL500_.jpg" alt="Product Image"></a><p>AdTech 5603 Permanent Crafter's Tape, 0.31" x 315", Pack of 4</p><p>$7.84 ($0.07 / Foot)</p><a href="https://www.amazon.com/dp/B005FM6XF4?tag=eloabder-20&linkCode=osi&th=1&psc=1">View Product</a></div><div class="product"><a href="https://www.amazon.com/dp/B0CJF1FLFJ?tag=eloabder-20&linkCode=osi&th=1&psc=1"><img src="https://m.media-amazon.com/images/I/51dig1RqzdL._SL500_.jpg" alt="Product Image"></a><p>UPINS 150Pack Double Sided Foam Tape Strong Sticky Double Sided Foam Pads for Crafts Self-Adhesive Mounting Foam Tape Heavy Duty for Home Wall Decor 40 * 40 * 2mm</p><p>$8.99 ($0.06 / Count)</p><a href="https://www.amazon.com/dp/B0CJF1FLFJ?tag=eloabder-20&linkCode=osi&th=1&psc=1">View Product</a></div><div class="product"><a href="https://www.amazon.com/dp/B0D4YWRGCL?tag=eloabder-20&linkCode=osi&th=1&psc=1"><img src="https://m.media-amazon.com/images/I/41EqJ553-KL._SL500_.jpg" alt="Product Image"></a><p>Amanbo Glue Tape for Scrapbooking, 6 Pack Scrapbook Tape, Double Sided Tape Roller for Crafts, Total 120 Ft x 0.24 in Tape Runner, Craft Supplies for Scrapbooking, Gift Wrapping and Photo Tape</p><p>$6.99</p><a href="https://www.amazon.com/dp/B0D4YWRGCL?tag=eloabder-20&linkCode=osi&th=1&psc=1">View Product</a></div>
<div class="product"><a href="https://www.amazon.com/dp/B0CC5HPPTN?tag=eloabder-20&linkCode=osi&th=1&psc=1"><img src="https://m.media-amazon.com/images/I/519M81S201L._SL500_.jpg" alt="Product Image"></a><p>Airbrush Paint - 30 Colors with 3 Thinner, Ready to Spray Airbrush Paint Set, Water-Based Acrylic Air brush Paints for Metal, Plastic Models, Canvas, Wood, 20ml/Bottle</p><p>$32.99 ($1.48 / Fl Oz)</p><a href="https://www.amazon.com/dp/B0CC5HPPTN?tag=eloabder-20&linkCode=osi&th=1&psc=1">View Product</a></div>
<div class="product"><a href="https://www.amazon.com/dp/B0CXPSGK36?tag=eloabder-20&linkCode=osi&th=1&psc=1"><img src="https://m.media-amazon.com/images/I/51dd2dYOtrL._SL500_.jpg" alt="Product Image"></a><p>Letter Stickers 30 Sheets 1500 PCS Large Alphabet Sticker 2 Inch Vinyl Self Adhesive Stick on Stickers for Water Bottles Cup Mailbox Number Address Craft Scrapbooking Bulletin Board Decor Multicolor</p><p>$9.99</p><a href="https://www.amazon.com/dp/B0CXPSGK36?tag=eloabder-20&linkCode=osi&th=1&psc=1">View Product</a></div><div class="product"><a href="https://www.amazon.com/dp/B07NNYFMGY?tag=eloabder-20&linkCode=osi&th=1&psc=1"><img src="https://m.media-amazon.com/images/I/51yDnU+gEXL._SL500_.jpg" alt="Product Image"></a><p>20 Sheets Alphabet Letter Stickers 10 Colors Self Adhesive Sticker Colorful PU Material Convex Feeling (Colored Letter Stickers 1)</p><p>$6.99 ($0.35 / Count)</p><a href="https://www.amazon.com/dp/B07NNYFMGY?tag=eloabder-20&linkCode=osi&th=1&psc=1">View Product</a></div>

<div class="product"><a href="https://www.amazon.com/dp/B01DDN8854?tag=eloabder-20&linkCode=osi&th=1&psc=1"><img src="https://m.media-amazon.com/images/I/61dPubDZBSL._SL500_.jpg" alt="Product Image"></a><p>Hugs 'n Kisses HNKHABY13 Applique Paper (20 Pack)</p><p>$19.72 ($0.99 / Count)</p><a href="https://www.amazon.com/dp/B01DDN8854?tag=eloabder-20&linkCode=osi&th=1&psc=1">View Product</a></div>
<div class="product"><a href="https://www.amazon.com/dp/B09KPNFJW1?tag=eloabder-20&linkCode=osi&th=1&psc=1"><img src="https://m.media-amazon.com/images/I/41abn5fELmL._SL500_.jpg" alt="Product Image"></a><p>UniPleased Disposable Aprons (50 Count), Plastic apron for Painting Party, Cooking, Housework, Picnic etc.</p><p>$5.69</p><a href="https://www.amazon.com/dp/B09KPNFJW1?tag=eloabder-20&linkCode=osi&th=1&psc=1">View Product</a></div>
<div class="product"><a href="https://www.amazon.com/dp/B087M21MM2?tag=eloabder-20&linkCode=osi&th=1&psc=1"><img src="https://m.media-amazon.com/images/I/41Xf-jehhLL._SL500_.jpg" alt="Product Image"></a><p>GOTIDEAL Stretched Canvas, Multi Pack 4x4, 5x7, 8x10,9x12, 11x14 Set of 10, Primed White - 100% Cotton Artist Canvas Boards for Painting, Acrylic Pouring, Oil Paint Dry & Wet Art Media</p><p>$24.99</p><a href="https://www.amazon.com/dp/B087M21MM2?tag=eloabder-20&linkCode=osi&th=1&psc=1">View Product</a></div><div class="product"><a href="https://www.amazon.com/dp/B00OQJYISG?tag=eloabder-20&linkCode=osi&th=1&psc=1"><img src="https://m.media-amazon.com/images/I/31fEDLPkkcL._SL500_.jpg" alt="Product Image"></a><p>6 Count 12” x 16” Super Value Canvas by Artist's Loft Necessities - Acid Free Cotton Canvas for Paint, Acrylic, & Oils - 1 Pack</p><p>$19.99</p><a href="https://www.amazon.com/dp/B00OQJYISG?tag=eloabder-20&linkCode=osi&th=1&psc=1">View Product</a></div><div class="product"><a href="https://www.amazon.com/dp/B09CDKB9HY?tag=eloabder-20&linkCode=osi&th=1&psc=1"><img src="https://m.media-amazon.com/images/I/51+p5xnClGL._SL500_.jpg" alt="Product Image"></a><p>DPDIAN Canvas Boards for Painting 40 Pack, 8 inch x 10 inch Super Value Pack, Artist Canvas Panels for Oil & Acrylic Painting</p><p>$29.99</p><a href="https://www.amazon.com/dp/B09CDKB9HY?tag=eloabder-20&linkCode=osi&th=1&psc=1">View Product</a></div><div class="product"><a href="https://www.amazon.com/dp/B0CFBGP29G?tag=eloabder-20&linkCode=osi&th=1&psc=1"><img src="https://m.media-amazon.com/images/I/3147Az5plbL._SL500_.jpg" alt="Product Image"></a><p>ArtSkills Stretched Canvases for Painting, 12x16 Canvas Painting Supplies for Artists, Blank Canvas Pack, 2-Pack</p><p>$16.99</p><a href="https://www.amazon.com/dp/B0CFBGP29G?tag=eloabder-20&linkCode=osi&th=1&psc=1">View Product</a></div><div class="product"><a href="https://www.amazon.com/dp/B07BNGQ1SS?tag=eloabder-20&linkCode=osi&th=1&psc=1"><img src="https://m.media-amazon.com/images/I/410ZVtygUwS._SL500_.jpg" alt="Product Image"></a><p>PHOENIX Stretched Canvas for Painting 8x10 Inch/10 Value Pack, 8 Oz Triple Primed 5/8 Inch Profile 100% Cotton White Blank Canvas, Artist Framed Canvas for Oil Acrylic & Pouring Art</p><p>$22.99</p><a href="https://www.amazon.com/dp/B07BNGQ1SS?tag=eloabder-20&linkCode=osi&th=1&psc=1">View Product</a></div><div class="product"><a href="https://www.amazon.com/dp/B0922JP1H4?tag=eloabder-20&linkCode=osi&th=1&psc=1"><img src="https://m.media-amazon.com/images/I/41BmiEND1KL._SL500_.jpg" alt="Product Image"></a><p>GOTIDEAL Canvases for Painting, 18 Pack Canvas Boards Multipack 4x4, 5x7, 8x10, 9x12,11x14,Primed White Blank Artist Canvas Variety Pack for Acrylic Paint, Oil Paint, Watercolor, Gouache</p><p>$19.99</p><a href="https://www.amazon.com/dp/B0922JP1H4?tag=eloabder-20&linkCode=osi&th=1&psc=1">View Product</a></div>


<div class="product"><a href="https://www.amazon.com/dp/B0872VFHBH?tag=eloabder-20&linkCode=osi&th=1&psc=1"><img src="https://m.media-amazon.com/images/I/51k3bekQheS._SL500_.jpg" alt="Product Image"></a><p>Bachmore Drawing Pad 9X12 Inch (110lb/180g), 60 Sheets, Top Spiral Bound Multi-Media for Artist Pro & Amateurs | Acrylic Art, Ink, Paint, Oil Pastels,Watercolor Mixed Media Sketch</p><p>$11.99</p><a href="https://www.amazon.com/dp/B0872VFHBH?tag=eloabder-20&linkCode=osi&th=1&psc=1">View Product</a></div><div class="product"><a href="https://www.amazon.com/dp/B0027A75A4?tag=eloabder-20&linkCode=osi&th=1&psc=1"><img src="https://m.media-amazon.com/images/I/51dyOxxcgYL._SL500_.jpg" alt="Product Image"></a><p>Strathmore 200 Series Sketch Pad, 9x12 inch, 100 Sheets, Tape Bound - Artist Sketchbook for Drawing, Illustration, Art Class Students</p><p>$6.99 ($0.07 / Count)</p><a href="https://www.amazon.com/dp/B0027A75A4?tag=eloabder-20&linkCode=osi&th=1&psc=1">View Product</a></div><div class="product"><a href="https://www.amazon.com/dp/B0BV13YQKX?tag=eloabder-20&linkCode=osi&th=1&psc=1"><img src="https://m.media-amazon.com/images/I/41VYfMpvXUL._SL500_.jpg" alt="Product Image"></a><p>Canson Graduate Watercolor Pad, Foldover, 9x12 inch, 20 Sheets | Artist Paper for Adults and Students - Painting, Gouache, Mixed Media and Ink</p><p>$4.97 ($0.41 / Count)</p><a href="https://www.amazon.com/dp/B0BV13YQKX?tag=eloabder-20&linkCode=osi&th=1&psc=1">View Product</a></div><div class="product"><a href="https://www.amazon.com/dp/B0024KMQ6K?tag=eloabder-20&linkCode=osi&th=1&psc=1"><img src="https://m.media-amazon.com/images/I/51sYdvPPUCL._SL500_.jpg" alt="Product Image"></a><p>Strathmore 400 Series Pastel Pad, Assorted Colors, 9"x12" Glue Bound, 24 Sheets</p><p>$9.11</p><a href="https://www.amazon.com/dp/B0024KMQ6K?tag=eloabder-20&linkCode=osi&th=1&psc=1">View Product</a></div><div class="product"><a href="https://www.amazon.com/dp/B00246O6PI?tag=eloabder-20&linkCode=osi&th=1&psc=1"><img src="https://m.media-amazon.com/images/I/517TUmckOIL._SL500_.jpg" alt="Product Image"></a><p>Strathmore 300 Series Drawing Paper Pad, Top Wire Bound, 11x14 inches, 50 Sheets (70lb/114g) - Artist Paper for Adults and Students - Charcoal, Colored Pencil, Ink, Pastel, Marker</p><p>$13.33</p><a href="https://www.amazon.com/dp/B00246O6PI?tag=eloabder-20&linkCode=osi&th=1&psc=1">View Product</a></div>
<div class="product"><a href="https://www.amazon.com/dp/B08ZMH7LJY?tag=eloabder-20&linkCode=osi&th=1&psc=1"><img src="https://m.media-amazon.com/images/I/51mJIsLJA-S._SL500_.jpg" alt="Product Image"></a><p>PANDAFLY Professional Drawing Sketching Pencil Set - 12 Pieces Graphite Pencils(14B - 2H), Ideal for Drawing Art, Sketching, Shading, Artist Pencils for Beginners & Pro Artists</p><p>$5.11</p><a href="https://www.amazon.com/dp/B08ZMH7LJY?tag=eloabder-20&linkCode=osi&th=1&psc=1">View Product</a></div><div class="product"><a href="https://www.amazon.com/dp/B088K1G5NL?tag=eloabder-20&linkCode=osi&th=1&psc=1"><img src="https://m.media-amazon.com/images/I/51F2bOMZWnL._SL500_.jpg" alt="Product Image"></a><p>MARKART Professional Drawing Sketching Pencil Set - 14 Pieces,Graphite,(12B - 4H), Ideal for Drawing Art, Sketching, Shading, Artist Pencils for Beginners & Pro Artists</p><p>$5.24</p><a href="https://www.amazon.com/dp/B088K1G5NL?tag=eloabder-20&linkCode=osi&th=1&psc=1">View Product</a></div><div class="product"><a href="https://www.amazon.com/dp/B08FHMRW4L?tag=eloabder-20&linkCode=osi&th=1&psc=1"><img src="https://m.media-amazon.com/images/I/51Pmn5gjyzL._SL500_.jpg" alt="Product Image"></a><p>Mr. Pen- Sketch Pencils for Drawing, 14 Pack, Drawing Pencils, Art Pencils, Graphite Pencils, Graphite Pencils for Drawing, Art Pencils for Drawing and Shading</p><p>$5.95</p><a href="https://www.amazon.com/dp/B08FHMRW4L?tag=eloabder-20&linkCode=osi&th=1&psc=1">View Product</a></div><div class="product"><a href="https://www.amazon.com/dp/B0BNQ58DC4?tag=eloabder-20&linkCode=osi&th=1&psc=1"><img src="https://m.media-amazon.com/images/I/51e-gQtCcCL._SL500_.jpg" alt="Product Image"></a><p>MARTCOLOR Drawing Sketching Pencils Set, 12 Pack Graphite Pencils(14B - 2H), Ideal for Drawing Art, Sketching, Shading, Artist Pencils for Beginners & Pro Artists</p><p>$5.99</p><a href="https://www.amazon.com/dp/B0BNQ58DC4?tag=eloabder-20&linkCode=osi&th=1&psc=1">View Product</a></div>

<div class="product"><a href="https://www.amazon.com/dp/B0851M3749?tag=eloabder-20&linkCode=osi&th=1&psc=1"><img src="https://m.media-amazon.com/images/I/41KKSGSDl5L._SL500_.jpg" alt="Product Image"></a><p>N NOROCME 12 PCS Blending Stumps and Tortillions Paper Art Blenders with Sandpaper Pencil Sharpener Pointer for Student Artist Charcoal Sketch Drawing Tools</p><p>$4.99</p><a href="https://www.amazon.com/dp/B0851M3749?tag=eloabder-20&linkCode=osi&th=1&psc=1">View Product</a></div><div class="product"><a href="https://www.amazon.com/dp/B09J3HKN8F?tag=eloabder-20&linkCode=osi&th=1&psc=1"><img src="https://m.media-amazon.com/images/I/51Qvx81eQLL._SL500_.jpg" alt="Product Image"></a><p>Eraser Pencils Set for Artists, Wooden Sketch Eraser Pen for Charcoal Drawings, Professional Highlight Painting Eraser for Sketching, Revise Erasing Details for Students Limner</p><p>$6.99</p><a href="https://www.amazon.com/dp/B09J3HKN8F?tag=eloabder-20&linkCode=osi&th=1&psc=1">View Product</a></div>
<div class="product"><a href="https://www.amazon.com/dp/B09WCQ89T8?tag=eloabder-20&linkCode=osi&th=1&psc=1"><img src="https://m.media-amazon.com/images/I/41gZz0qgBFL._SL500_.jpg" alt="Product Image"></a><p>Bernat BABY BLANKET BB Blue Dreams Yarn - 1 Pack of 10.5oz/300g - Polyester - #6 Super Bulky - 220 Yards - Knitting/Crochet</p><p>$6.97</p><a href="https://www.amazon.com/dp/B09WCQ89T8?tag=eloabder-20&linkCode=osi&th=1&psc=1">View Product</a></div><div class="product"><a href="https://www.amazon.com/dp/B07V5JVNFD?tag=eloabder-20&linkCode=osi&th=1&psc=1"><img src="https://m.media-amazon.com/images/I/41IS+HdtiOL._SL500_.jpg" alt="Product Image"></a><p>Lion Brand Yarn Basic Stitch Anti-Pilling Knitting Yarn, Yarn for Crocheting, 1-Pack, Baby Blue</p><p>$8.40 ($0.02 / Foot)</p><a href="https://www.amazon.com/dp/B07V5JVNFD?tag=eloabder-20&linkCode=osi&th=1&psc=1">View Product</a></div><div class="product"><a href="https://www.amazon.com/dp/B01M0AJID2?tag=eloabder-20&linkCode=osi&th=1&psc=1"><img src="https://m.media-amazon.com/images/I/41yVau0AUpL._SL500_.jpg" alt="Product Image"></a><p>Lion Brand Yarn (1 Skein) Lion Brand Yarn Babysoft Baby Yarn Yarn, Little Boy Blue Multicolor</p><p>$7.19 ($0.01 / Foot)</p><a href="https://www.amazon.com/dp/B01M0AJID2?tag=eloabder-20&linkCode=osi&th=1&psc=1">View Product</a></div><div class="product"><a href="https://www.amazon.com/dp/B09W1KHF42?tag=eloabder-20&linkCode=osi&th=1&psc=1"><img src="https://m.media-amazon.com/images/I/41maDlrio5L._SL500_.jpg" alt="Product Image"></a><p>Red Heart Super Saver Light Blue Yarn - 3 Pack of 198g/7oz - Acrylic - 4 Medium (Worsted) - 364 Yards - Knitting/Crochet</p><p>$13.29 ($4.43 / Count)</p><a href="https://www.amazon.com/dp/B09W1KHF42?tag=eloabder-20&linkCode=osi&th=1&psc=1">View Product</a></div><div class="product"><a href="https://www.amazon.com/dp/B08LKVZ3CX?tag=eloabder-20&linkCode=osi&th=1&psc=1"><img src="https://m.media-amazon.com/images/I/41GLizNx8UL._SL500_.jpg" alt="Product Image"></a><p>Bernat Baby Blanket Baby Blue Yarn - 3 Pack of 100g/3.5oz - Polyester - 6 Super Bulky - 72 Yards - Knitting/Crochet</p><p>$21.81</p><a href="https://www.amazon.com/dp/B08LKVZ3CX?tag=eloabder-20&linkCode=osi&th=1&psc=1">View Product</a></div><div class="product"><a href="https://www.amazon.com/dp/B0CHJ95WHJ?tag=eloabder-20&linkCode=osi&th=1&psc=1"><img src="https://m.media-amazon.com/images/I/314E1EQdihL._SL500_.jpg" alt="Product Image"></a><p>NORCIA Soft Velvet Yarn Chenille Yarn for Crocheting Baby Blanket Yarn for Knitting Amigurumi Yarn Fancy Yarn for Crochet Weaving Craft (Baby Blue, 1 Skein)</p><p>$9.99</p><a href="https://www.amazon.com/dp/B0CHJ95WHJ?tag=eloabder-20&linkCode=osi&th=1&psc=1">View Product</a></div>
<div class="product"><a href="https://www.amazon.com/dp/B0779F2TXJ?tag=eloabder-20&linkCode=osi&th=1&psc=1"><img src="https://m.media-amazon.com/images/I/31kqZr8DJzL._SL500_.jpg" alt="Product Image"></a><p>OPENDGO Feather Ballpoint Pen ，Black Ink Vintage Feather Quill Refined Plated Rod Quill Ballpoint Pen For School Writing ▏Wedding Gift Signature Pen (Black)</p><p>$6.97</p><a href="https://www.amazon.com/dp/B0779F2TXJ?tag=eloabder-20&linkCode=osi&th=1&psc=1">View Product</a></div><div class="product"><a href="https://www.amazon.com/dp/B0CQF3BJ3S?tag=eloabder-20&linkCode=osi&th=1&psc=1"><img src="https://m.media-amazon.com/images/I/41gs6AOiP6L._SL500_.jpg" alt="Product Image"></a><p>3 in 1 Retractable Ballpoint Pen with Light and Stylus, Nice Pens for Journaling Writing in The Dark - White/Red Light Tip- 0.7mm Black Ink</p><p>$12.99</p><a href="https://www.amazon.com/dp/B0CQF3BJ3S?tag=eloabder-20&linkCode=osi&th=1&psc=1">View Product</a></div><div class="product"><a href="https://www.amazon.com/dp/B08BBZ3B8G?tag=eloabder-20&linkCode=osi&th=1&psc=1"><img src="https://m.media-amazon.com/images/I/41cMHyw60wL._SL500_.jpg" alt="Product Image"></a><p>Mr. Pen- Pens, Black Pens, 12 Pack, Fast Dry, No Smear Pens, Bible Pens, Pens for Journaling, Pens No Bleed Through, Pens Fine Point, Journal Pens, Fine Tip, Planner Pens, Ball Point Journal Pens</p><p>$9.99</p><a href="https://www.amazon.com/dp/B08BBZ3B8G?tag=eloabder-20&linkCode=osi&th=1&psc=1">View Product</a></div><div class="product"><a href="https://www.amazon.com/dp/B0D4YWWGX6?tag=eloabder-20&linkCode=osi&th=1&psc=1"><img src="https://m.media-amazon.com/images/I/31xHBCCzJqL._SL500_.jpg" alt="Product Image"></a><p>PATIKIL 21cm/8" Feather Ballpoint Pen, 1Pcs Ink Vintage Quill Pen Refined Plated Dip Pen for Calligraphy Writing Signature Wedding Gift, Yellow</p><p>$7.49</p><a href="https://www.amazon.com/dp/B0D4YWWGX6?tag=eloabder-20&linkCode=osi&th=1&psc=1">View Product</a></div>

<div class="product"><a href="https://www.amazon.com/dp/B001TLDEVQ?tag=eloabder-20&linkCode=osi&th=1&psc=1"><img src="https://m.media-amazon.com/images/I/41jYF39F6lL._SL500_.jpg" alt="Product Image"></a><p>Beadalon SuppleMax Illusion Beading Cord, 0.40 mm / 0.016 in, Clear Monofilament, 50 m / 164 ft</p><p>$4.74</p><a href="https://www.amazon.com/dp/B001TLDEVQ?tag=eloabder-20&linkCode=osi&th=1&psc=1">View Product</a></div><div class="product"><a href="https://www.amazon.com/dp/B0D2HVFZ7Q?tag=eloabder-20&linkCode=osi&th=1&psc=1"><img src="https://m.media-amazon.com/images/I/41R66LMYz7L._SL500_.jpg" alt="Product Image"></a><p>Zxiixz 116Yards 0.5mm Bracelet String, Waxed String Cord for Bracelet Making, Beading Thread for Bracelet Beads, Friendship Bracelet String for Bracelet Making, Waxed Polyester Cord for Jewelry Making</p><p>$6.99</p><a href="https://www.amazon.com/dp/B0D2HVFZ7Q?tag=eloabder-20&linkCode=osi&th=1&psc=1">View Product</a></div><div class="product"><a href="https://www.amazon.com/dp/B07BNF8KH5?tag=eloabder-20&linkCode=osi&th=1&psc=1"><img src="https://m.media-amazon.com/images/I/51jVByheyVL._SL500_.jpg" alt="Product Image"></a><p>PH PandaHall 100 Yards 1mm Waxed Cotton Cord Thread Beading String for Bracelet Necklace Making Crafting Beading Macrame Vase Decor, Burlywood</p><p>$7.19 ($0.02 / Foot)</p><a href="https://www.amazon.com/dp/B07BNF8KH5?tag=eloabder-20&linkCode=osi&th=1&psc=1">View Product</a></div><div class="product"><a href="https://www.amazon.com/dp/B07HBPGXJG?tag=eloabder-20&linkCode=osi&th=1&psc=1"><img src="https://m.media-amazon.com/images/I/41xi8gO6kDL._SL500_.jpg" alt="Product Image"></a><p>Paxcoo 0.8mm Elastic String, Stretchy Bracelet String Crystal String Bead Cord for Bracelet, Beading and Jewelry Making (120m)</p><p>$6.99 ($0.02 / Foot)</p><a href="https://www.amazon.com/dp/B07HBPGXJG?tag=eloabder-20&linkCode=osi&th=1&psc=1">View Product</a></div><div class="product"><a href="https://www.amazon.com/dp/B0CNPST7D9?tag=eloabder-20&linkCode=osi&th=1&psc=1"><img src="https://m.media-amazon.com/images/I/41A9VISFC4L._SL500_.jpg" alt="Product Image"></a><p>Kblick Black Nylon String Cord - 1MM 100 Yards Black Twine, Bracelet String for Bracelet Making, Braided Ornament Lanyard Sting, Jewelry Thread Clay Bead String for Crafts, Macrame Satin Cord</p><p>$5.99 ($0.02 / Foot)</p><a href="https://www.amazon.com/dp/B0CNPST7D9?tag=eloabder-20&linkCode=osi&th=1&psc=1">View Product</a></div><div class="product"><a href="https://www.amazon.com/dp/B08GC3JF9X?tag=eloabder-20&linkCode=osi&th=1&psc=1"><img src="https://m.media-amazon.com/images/I/41FQZYhvQpL._SL500_.jpg" alt="Product Image"></a><p>Cheriswelry 100M 0.8mm Nylon Beading Cord Black Chinese Knotting Rattail Macrame Thread String Roll for Jewelry Making Kumihimo Wrapping Supplies DIY Crafts</p><p>$6.99 ($0.02 / Fl Oz)</p><a href="https://www.amazon.com/dp/B08GC3JF9X?tag=eloabder-20&linkCode=osi&th=1&psc=1">View Product</a></div><div class="product"><a href="https://www.amazon.com/dp/B0B3V9RWQC?tag=eloabder-20&linkCode=osi&th=1&psc=1"><img src="https://m.media-amazon.com/images/I/41F-OP+yCxL._SL500_.jpg" alt="Product Image"></a><p>Griffin Silk Bead Cord Perlseide – Black Color – Size 3 (0.50mm) – 2 Meters per Card – Stainless Steel Needle Attached – for Knotting Pearls, Gemstones, Crystals and Beads</p><p>$4.99 ($0.76 / Foot)</p><a href="https://www.amazon.com/dp/B0B3V9RWQC?tag=eloabder-20&linkCode=osi&th=1&psc=1">View Product</a></div><div class="product"><a href="https://www.amazon.com/dp/B08F49YVQP?tag=eloabder-20&linkCode=osi&th=1&psc=1"><img src="https://m.media-amazon.com/images/I/41yCMIpj0rS._SL500_.jpg" alt="Product Image"></a><p>1mm Stretchy Bracelet String, Sturdy Rainbow Elastic String Elastic Cord for Jewelry Making, Necklaces, Beading and Crafts</p><p>$6.99 ($0.04 / Foot)</p><a href="https://www.amazon.com/dp/B08F49YVQP?tag=eloabder-20&linkCode=osi&th=1&psc=1">View Product</a></div>

<div class="product"><a href="https://www.amazon.com/dp/B001GMUBJ6?tag=eloabder-20&linkCode=osi&th=1&psc=1"><img src="https://m.media-amazon.com/images/I/41V5qzn3H5L._SL500_.jpg" alt="Product Image"></a><p>The Beadsmith Fireline by Berkley – Micro-Fused Braided Thread – 6lb. Test, 006”/.15mm Diameter, 50 Yard Spool, Crystal Color – Super Strong Stringing Material for Jewelry Making and Bead Weaving</p><p>$12.59</p><a href="https://www.amazon.com/dp/B001GMUBJ6?tag=eloabder-20&linkCode=osi&th=1&psc=1">View Product</a></div><div class="product"><a href="https://www.amazon.com/dp/B001UAKK0Y?tag=eloabder-20&linkCode=osi&th=1&psc=1"><img src="https://m.media-amazon.com/images/I/41rY1D0wfuL._SL500_.jpg" alt="Product Image"></a><p>Beadalon Wildfire, 0.006 in, 0.15 mm, Break Strength 10 lb / 4.5 kg, Frost, 50 yd / 45 m</p><p>$8.85 ($0.06 / Foot)</p><a href="https://www.amazon.com/dp/B001UAKK0Y?tag=eloabder-20&linkCode=osi&th=1&psc=1">View Product</a></div><div class="product"><a href="https://www.amazon.com/dp/B095WY58F4?tag=eloabder-20&linkCode=osi&th=1&psc=1"><img src="https://m.media-amazon.com/images/I/41mXRfJqcjL._SL500_.jpg" alt="Product Image"></a><p>PH PandaHall 0.1mm Nylon Seed Bead Thread 100 Yards Black White Bracelet Cord Beading Thread Invisible Sewing Thread Nylon Braided Thread String for Leather Stitching Beading Jewelry Bracelets Making</p><p>$9.99 ($0.03 / Foot)</p><a href="https://www.amazon.com/dp/B095WY58F4?tag=eloabder-20&linkCode=osi&th=1&psc=1">View Product</a></div><div class="product"><a href="https://www.amazon.com/dp/B08RN2R2SZ?tag=eloabder-20&linkCode=osi&th=1&psc=1"><img src="https://m.media-amazon.com/images/I/41Tg2MMC++L._SL500_.jpg" alt="Product Image"></a><p>KO Nylon Beading Thread, White Color, Japanese Pre-Waxed 100% Nylon, 330TEX, Tangle Resistant Knotting Cords, 50m /55 yds Spool, Use for Seed Bead Projects, Loom Work & Bead Weaving</p><p>$7.06 ($0.04 / Foot)</p><a href="https://www.amazon.com/dp/B08RN2R2SZ?tag=eloabder-20&linkCode=osi&th=1&psc=1">View Product</a></div><div class="product"><a href="https://www.amazon.com/dp/B09J89ST79?tag=eloabder-20&linkCode=osi&th=1&psc=1"><img src="https://m.media-amazon.com/images/I/41hLuuOZeXL._SL500_.jpg" alt="Product Image"></a><p>2 Roll Polyester Thread, Heavy Duty Thread, 1500Yard/Reel 210D/3 nylon thread for sewing, Sewing Thread for Upholstery, Outdoor Market, Drapery, Leather, Beading, Crafts</p><p>$7.99 ($0.00 / Foot)</p><a href="https://www.amazon.com/dp/B09J89ST79?tag=eloabder-20&linkCode=osi&th=1&psc=1">View Product</a></div><div class="product"><a href="https://www.amazon.com/dp/B0C6MSY7QQ?tag=eloabder-20&linkCode=osi&th=1&psc=1"><img src="https://m.media-amazon.com/images/I/31Bn-MyA62L._SL500_.jpg" alt="Product Image"></a><p>PH PandaHall 0.1mm Nylon String 100 Yards Beading Thread White Nylon Seed Bead Thread Bracelet Beading Thread Sewing String for Leather Stitching Beading Jewelry Bracelets Making</p><p>$7.99 ($0.03 / Foot)</p><a href="https://www.amazon.com/dp/B0C6MSY7QQ?tag=eloabder-20&linkCode=osi&th=1&psc=1">View Product</a></div>

<div class="product"><a href="https://www.amazon.com/dp/B07NMNDT1W?tag=eloabder-20&linkCode=osi&th=1&psc=1"><img src="https://m.media-amazon.com/images/I/41-zwQIcVcL._SL500_.jpg" alt="Product Image"></a><p>Howemon White Beeswax Pellets 2LB 100% Pure and Natural Triple Filtered for Skin, Face, Body and Hair Care DIY Creams, Lotions, Lip Balm and Soap Making Supplies</p><p>$13.99 ($0.44 / Fl Oz)</p><a href="https://www.amazon.com/dp/B07NMNDT1W?tag=eloabder-20&linkCode=osi&th=1&psc=1">View Product</a></div><div class="product"><a href="https://www.amazon.com/dp/B00B3U0FW4?tag=eloabder-20&linkCode=osi&th=1&psc=1"><img src="https://m.media-amazon.com/images/I/51rWFCST+TL._SL500_.jpg" alt="Product Image"></a><p>Beesworks Yellow Beeswax Pellets (1 lb) | 100% Pure, Cosmetic Grade, Triple-Filtered Beeswax for DIY Skin care, Lip Balm, Lotion, and Candle Making</p><p>$13.99 ($0.87 / Ounce)</p><a href="https://www.amazon.com/dp/B00B3U0FW4?tag=eloabder-20&linkCode=osi&th=1&psc=1">View Product</a></div><div class="product"><a href="https://www.amazon.com/dp/B01LWX2IO1?tag=eloabder-20&linkCode=osi&th=1&psc=1"><img src="https://m.media-amazon.com/images/I/41MlNqhDyCL._SL500_.jpg" alt="Product Image"></a><p>Beesworks Yellow Beeswax Bars (6 oz) | 100% Pure, Cosmetic Grade, Triple-Filtered Beeswax for DIY Skin Care, Lip Balm, Lotion and Candle Making (1 oz Bars - Pack of 6)</p><p>$6.99</p><a href="https://www.amazon.com/dp/B01LWX2IO1?tag=eloabder-20&linkCode=osi&th=1&psc=1">View Product</a></div><div class="product"><a href="https://www.amazon.com/dp/B0BV77F19N?tag=eloabder-20&linkCode=osi&th=1&psc=1"><img src="https://m.media-amazon.com/images/I/41xzHaO1-EL._SL500_.jpg" alt="Product Image"></a><p>Beeswax Pellets 10LB Cosmetic Beeswax Triple Filtered Beeswax Pastilles for Candle Making Great for DIY Projects Creams Lotions Lip Balm and Soap Making Supplies(10LB)</p><p>$32.99</p><a href="https://www.amazon.com/dp/B0BV77F19N?tag=eloabder-20&linkCode=osi&th=1&psc=1">View Product</a></div><div class="product"><a href="https://www.amazon.com/dp/B0C9QSG3CY?tag=eloabder-20&linkCode=osi&th=1&psc=1"><img src="https://m.media-amazon.com/images/I/414XQcU6SRL._SL500_.jpg" alt="Product Image"></a><p>YASNAY White Beeswax Pellets 2LB, 100% Organic Beeswax, Beeswax for Candle Making, Body, Skin Care DIY, Lip Balm and Soap Making Supplies</p><p>$11.99</p><a href="https://www.amazon.com/dp/B0C9QSG3CY?tag=eloabder-20&linkCode=osi&th=1&psc=1">View Product</a></div><div class="product"><a href="https://www.amazon.com/dp/B097HTC4WN?tag=eloabder-20&linkCode=osi&th=1&psc=1"><img src="https://m.media-amazon.com/images/I/51pwMM7C6-L._SL500_.jpg" alt="Product Image"></a><p>Eco Lux 8 Yellow Beeswax Blocks 100% Pure Natural Organic Bees Wax 6.5oz</p><p>$8.49 ($1.35 / Ounce)</p><a href="https://www.amazon.com/dp/B097HTC4WN?tag=eloabder-20&linkCode=osi&th=1&psc=1">View Product</a></div><div class="product"><a href="https://www.amazon.com/dp/B00HDHQQCE?tag=eloabder-20&linkCode=osi&th=1&psc=1"><img src="https://m.media-amazon.com/images/I/41vF-7MwNhL._SL500_.jpg" alt="Product Image"></a><p>Murray's 100% Pure Beeswax 4 oz</p><p>$5.98 ($1.50 / Ounce)</p><a href="https://www.amazon.com/dp/B00HDHQQCE?tag=eloabder-20&linkCode=osi&th=1&psc=1">View Product</a></div><div class="product"><a href="https://www.amazon.com/dp/B09YM8JTLM?tag=eloabder-20&linkCode=osi&th=1&psc=1"><img src="https://m.media-amazon.com/images/I/41cjNuBnFEL._SL500_.jpg" alt="Product Image"></a><p>TRINIDa Beeswax Pellets 2LB(32 oz), 100% Organic Yellow Bees Wax for DIY Candles, Beeswax for Candle Making, Skin, Body, Face, and Hair Care, Lotions, DIY Creams, Lip Balm and Soap Making Supplies</p><p>$11.99</p><a href="https://www.amazon.com/dp/B09YM8JTLM?tag=eloabder-20&linkCode=osi&th=1&psc=1">View Product</a></div><div class="product"><a href="https://www.amazon.com/dp/B00F3CNMV4?tag=eloabder-20&linkCode=osi&th=1&psc=1"><img src="https://m.media-amazon.com/images/I/31pjrRAEa4L._SL500_.jpg" alt="Product Image"></a><p>Stakich Yellow Beeswax Block - Natural, Triple Filtered - 1 Pound, Honey Scent</p><p>$13.95 ($0.87 / Ounce)</p><a href="https://www.amazon.com/dp/B00F3CNMV4?tag=eloabder-20&linkCode=osi&th=1&psc=1">View Product</a></div><div class="product"><a href="https://www.amazon.com/dp/B0BXFZBZS9?tag=eloabder-20&linkCode=osi&th=1&psc=1"><img src="https://m.media-amazon.com/images/I/4178i9IB9KL._SL500_.jpg" alt="Product Image"></a><p>5LB Beeswax Pellets Beeswax for Candle Making Organic Beeswax Pellets for Skin Beeswax Beads Beeswax Bulk Beeswax for Lotion Making Organic for DIY and Craft Project</p><p>$22.99</p><a href="https://www.amazon.com/dp/B0BXFZBZS9?tag=eloabder-20&linkCode=osi&th=1&psc=1">View Product</a></div>
<div class="product"><a href="https://www.amazon.com/dp/B0052F1BVK?tag=eloabder-20&linkCode=osi&th=1&psc=1"><img src="https://m.media-amazon.com/images/I/41zE9eiGoLL._SL500_.jpg" alt="Product Image"></a><p>ACC Staples Large Binder Clips, 2" Width, 1" Capacity, Black, 12/Pk</p><p>$6.30</p><a href="https://www.amazon.com/dp/B0052F1BVK?tag=eloabder-20&linkCode=osi&th=1&psc=1">View Product</a></div><div class="product"><a href="https://www.amazon.com/dp/B07MLFR771?tag=eloabder-20&linkCode=osi&th=1&psc=1"><img src="https://m.media-amazon.com/images/I/51N2wxA7N0L._SL500_.jpg" alt="Product Image"></a><p>CooBigo 50 Pack Binder Ring, Metal Book Ring Paper Ring Holder 5/8-Inch Loose Leaf Binder Ring Clip for Index Card, Flash Card Ring, Card Calendar, Keychain Key Ring - Bronze</p><p>$6.99</p><a href="https://www.amazon.com/dp/B07MLFR771?tag=eloabder-20&linkCode=osi&th=1&psc=1">View Product</a></div><div class="product"><a href="https://www.amazon.com/dp/B01563NHGY?tag=eloabder-20&linkCode=osi&th=1&psc=1"><img src="https://m.media-amazon.com/images/I/41gj+0ZftqL._SL500_.jpg" alt="Product Image"></a><p>vanki Pack of 40 Cute Lovely Smiling Face Spring-Loaded File Organizer Paper Holder Metal Binder Clips, Assorted Color</p><p>$8.99</p><a href="https://www.amazon.com/dp/B01563NHGY?tag=eloabder-20&linkCode=osi&th=1&psc=1">View Product</a></div><div class="product"><a href="https://www.amazon.com/dp/B000GOUDSO?tag=eloabder-20&linkCode=osi&th=1&psc=1"><img src="https://m.media-amazon.com/images/I/41ZANISHgML._SL500_.jpg" alt="Product Image"></a><p>Small Binder Clips .75" 8/Pkg-Assorted Colors</p><p>$4.46</p><a href="https://www.amazon.com/dp/B000GOUDSO?tag=eloabder-20&linkCode=osi&th=1&psc=1">View Product</a></div>
<div class="product"><a href="https://www.amazon.com/dp/B07PRPX4VR?tag=eloabder-20&linkCode=osi&th=1&psc=1"><img src="https://m.media-amazon.com/images/I/41IMH12fdPL._SL500_.jpg" alt="Product Image"></a><p>Durable Sheet Lifters, Durable Easy Flow, 11" x 3", Lifts Sheets Over Rings and Protects Sheets from Tearing, Fit Standard 3-Ring Binders, Black (20 Pack)</p><p>$14.99</p><a href="https://www.amazon.com/dp/B07PRPX4VR?tag=eloabder-20&linkCode=osi&th=1&psc=1">View Product</a></div><div class="product"><a href="https://www.amazon.com/dp/B0CM8QJHFW?tag=eloabder-20&linkCode=osi&th=1&psc=1"><img src="https://m.media-amazon.com/images/I/31cJGS74oCL._SL500_.jpg" alt="Product Image"></a><p>Wantane D-Shaped Tape Storage Ring Tape Storage Ring 4" D-Shaped Washi Tape Storage Ring for DIY Decoration and Storage（Nickel）-2PCS</p><p>$7.99</p><a href="https://www.amazon.com/dp/B0CM8QJHFW?tag=eloabder-20&linkCode=osi&th=1&psc=1">View Product</a></div>
<div class="product"><a href="https://www.amazon.com/dp/B00006IAS3?tag=eloabder-20&linkCode=osi&th=1&psc=1"><img src="https://m.media-amazon.com/images/I/317DvSXhT1L._SL500_.jpg" alt="Product Image"></a><p>GBC Binding System, Manual, Desktop Binding Punch, 6 Sheet Punch Capacity, ProClick P50 (2515650)</p><p>$123.89</p><a href="https://www.amazon.com/dp/B00006IAS3?tag=eloabder-20&linkCode=osi&th=1&psc=1">View Product</a></div><div class="product"><a href="https://www.amazon.com/dp/B004BP81KQ?tag=eloabder-20&linkCode=osi&th=1&psc=1"><img src="https://m.media-amazon.com/images/I/51SqfeZ12KL._SL500_.jpg" alt="Product Image"></a><p>We R Memory Keepers Cinch Book Binding Wire (1-Inch, Silver (2 Pack))</p><p>$5.99</p><a href="https://www.amazon.com/dp/B004BP81KQ?tag=eloabder-20&linkCode=osi&th=1&psc=1">View Product</a></div>

<div class="product"><a href="https://www.amazon.com/dp/B0007ZJ8TM?tag=eloabder-20&linkCode=osi&th=1&psc=1"><img src="https://m.media-amazon.com/images/I/41i49sz3UAL._SL500_.jpg" alt="Product Image"></a><p>Speedball Super Black India Ink, 2-Ounce</p><p>$9.99 ($9.99 / Count)</p><a href="https://www.amazon.com/dp/B0007ZJ8TM?tag=eloabder-20&linkCode=osi&th=1&psc=1">View Product</a></div><div class="product"><a href="https://www.amazon.com/dp/B0026I10AI?tag=eloabder-20&linkCode=osi&th=1&psc=1"><img src="https://m.media-amazon.com/images/I/31vklP4uBsL._SL500_.jpg" alt="Product Image"></a><p>Dr. Ph. Martin's Bombay India (7BY) Ink Bottle, 1.0 oz, Black</p><p>$6.99</p><a href="https://www.amazon.com/dp/B0026I10AI?tag=eloabder-20&linkCode=osi&th=1&psc=1">View Product</a></div><div class="product"><a href="https://www.amazon.com/dp/B000KNP96C?tag=eloabder-20&linkCode=osi&th=1&psc=1"><img src="https://m.media-amazon.com/images/I/51e9srYtG0L._SL500_.jpg" alt="Product Image"></a><p>Winsor & Newton Drawing Ink, 14ml Bottle, Black Indian</p><p>$10.99</p><a href="https://www.amazon.com/dp/B000KNP96C?tag=eloabder-20&linkCode=osi&th=1&psc=1">View Product</a></div><div class="product"><a href="https://www.amazon.com/dp/B07BQG5QF4?tag=eloabder-20&linkCode=osi&th=1&psc=1"><img src="https://m.media-amazon.com/images/I/41nEMDYZaiL._SL500_.jpg" alt="Product Image"></a><p>Speedball Super Black India Ink, 16-Ounce</p><p>$19.99</p><a href="https://www.amazon.com/dp/B07BQG5QF4?tag=eloabder-20&linkCode=osi&th=1&psc=1">View Product</a></div><div class="product"><a href="https://www.amazon.com/dp/B001038NLY?tag=eloabder-20&linkCode=osi&th=1&psc=1"><img src="https://m.media-amazon.com/images/I/418i4sxJJ0L._SL500_.jpg" alt="Product Image"></a><p>Speedball Fabric Screen Printing Ink, 8-Ounce, Black for T-Shirt and Silkscreen Printmaking</p><p>$12.99 ($1.62 / Fl Oz)</p><a href="https://www.amazon.com/dp/B001038NLY?tag=eloabder-20&linkCode=osi&th=1&psc=1">View Product</a></div><div class="product"><a href="https://www.amazon.com/dp/B00161OPSA?tag=eloabder-20&linkCode=osi&th=1&psc=1"><img src="https://m.media-amazon.com/images/I/41C32y3CJAL._SL500_.jpg" alt="Product Image"></a><p>Tsukineko VersaFine inkpad, Full-Size, Onyx Black</p><p>$4.99 ($4.99 / Count)</p><a href="https://www.amazon.com/dp/B00161OPSA?tag=eloabder-20&linkCode=osi&th=1&psc=1">View Product</a></div>
<div class="product"><a href="https://www.amazon.com/dp/B07Q4TJCDJ?tag=eloabder-20&linkCode=osi&th=1&psc=1"><img src="https://m.media-amazon.com/images/I/315HYvYg-BL._SL500_.jpg" alt="Product Image"></a><p>Primbeeks 300pcs Blank Business Cards, Premium Blank White Cards, 3.5" x 2.2" Small Blank Cards, Blank Cardstock Cards, Small Note Cards, white blank cards, white business cards, kraft paper cards</p><p>$7.99</p><a href="https://www.amazon.com/dp/B07Q4TJCDJ?tag=eloabder-20&linkCode=osi&th=1&psc=1">View Product</a></div><div class="product"><a href="https://www.amazon.com/dp/B0CRGHFLT8?tag=eloabder-20&linkCode=osi&th=1&psc=1"><img src="https://m.media-amazon.com/images/I/41S1NLpb8hL._SL500_.jpg" alt="Product Image"></a><p>Watercolor Cards and Envelopes Set - 50 Folded 5x7 Inch Blank Heavyweight Paper Cards (140lb/300gsm) with Matching Envelopes for DIY Greeting Cards, Festivals, and Events</p><p>$17.99 ($0.36 / Count)</p><a href="https://www.amazon.com/dp/B0CRGHFLT8?tag=eloabder-20&linkCode=osi&th=1&psc=1">View Product</a></div><div class="product"><a href="https://www.amazon.com/dp/B08MX4TZ3H?tag=eloabder-20&linkCode=osi&th=1&psc=1"><img src="https://m.media-amazon.com/images/I/41D2u4vdLQL._SL500_.jpg" alt="Product Image"></a><p>50 Pack Blank Kraft Cards Cardstock Thick Paper Brown Greeting Cards for DIY Gift Card Menus, Baby Shower and Wedding Invitations (Multicolored, 5x7IN)</p><p>$8.99</p><a href="https://www.amazon.com/dp/B08MX4TZ3H?tag=eloabder-20&linkCode=osi&th=1&psc=1">View Product</a></div><div class="product"><a href="https://www.amazon.com/dp/B08BDGGVMK?tag=eloabder-20&linkCode=osi&th=1&psc=1"><img src="https://m.media-amazon.com/images/I/41W-dTUoBqL._SL500_.jpg" alt="Product Image"></a><p>100pcs 3.54"x2" Blank Kraft Paper Business Card, Words Message Notes paper Tags, Mini Craft Cardboard Festival gifts - 6 colors</p><p>$5.98</p><a href="https://www.amazon.com/dp/B08BDGGVMK?tag=eloabder-20&linkCode=osi&th=1&psc=1">View Product</a></div><div class="product"><a href="https://www.amazon.com/dp/B08BFDJJ78?tag=eloabder-20&linkCode=osi&th=1&psc=1"><img src="https://m.media-amazon.com/images/I/61LZ1Csb+dL._SL500_.jpg" alt="Product Image"></a><p>Nettbe 100pcs 3.54"x2" Blank Kraft Paper Business Card, Words Message Notes paper Tags, Mini Craft Cardboard Festival gifts</p><p>$5.99</p><a href="https://www.amazon.com/dp/B08BFDJJ78?tag=eloabder-20&linkCode=osi&th=1&psc=1">View Product</a></div><div class="product"><a href="https://www.amazon.com/dp/B07Q8YBJM3?tag=eloabder-20&linkCode=osi&th=1&psc=1"><img src="https://m.media-amazon.com/images/I/31w6U4cCqEL._SL500_.jpg" alt="Product Image"></a><p>Primbeeks 228pcs Blank Business Cards, Premium Blank White Cards, 3.5" x 2.2" Small Blank Cards, Blank Cardstock Cards, Small Note Cards, white blank cards, white business cards, kraft paper cards</p><p>$5.99</p><a href="https://www.amazon.com/dp/B07Q8YBJM3?tag=eloabder-20&linkCode=osi&th=1&psc=1">View Product</a></div><div class="product"><a href="https://www.amazon.com/dp/B08X4Z9TGN?tag=eloabder-20&linkCode=osi&th=1&psc=1"><img src="https://m.media-amazon.com/images/I/41Jqhe35tDL._SL500_.jpg" alt="Product Image"></a><p>321Done Blank Rustic Cards, Made in USA - 4x6 Thick, Heavy Cardstock - Make Invites, Greeting, Note, Thank You Cards - Plain Kraft for Writing, Stamping, Printing, Art - No Envelopes - Set of 50</p><p>$14.99</p><a href="https://www.amazon.com/dp/B08X4Z9TGN?tag=eloabder-20&linkCode=osi&th=1&psc=1">View Product</a></div><div class="product"><a href="https://www.amazon.com/dp/B0D2KDWBNM?tag=eloabder-20&linkCode=osi&th=1&psc=1"><img src="https://m.media-amazon.com/images/I/31dAhnBJ7aL._SL500_.jpg" alt="Product Image"></a><p>4x6 Blank White Cardstock (Set of 100) - Card Stock for Printer Postcards, Photo Paper Invitations, Greeting, Note, Thank You, DIY Making, Index Cards - Plain for Writing, Stamping, Printing, Art</p><p>$8.99</p><a href="https://www.amazon.com/dp/B0D2KDWBNM?tag=eloabder-20&linkCode=osi&th=1&psc=1">View Product</a></div><div class="product"><a href="https://www.amazon.com/dp/B0BB858RYN?tag=eloabder-20&linkCode=osi&th=1&psc=1"><img src="https://m.media-amazon.com/images/I/317zmriPKNL._SL500_.jpg" alt="Product Image"></a><p>WANDERINGS Handmade White Deckle Edge Blank Greeting Cards- Folded to 5x7” - Pack of 25 - Writers, Artists, Crafters - Thank Yous, Invitations, Menus, Greeting Cards, Notes - Thick 150 GSM</p><p>$21.99 ($0.88 / Count)</p><a href="https://www.amazon.com/dp/B0BB858RYN?tag=eloabder-20&linkCode=osi&th=1&psc=1">View Product</a></div><div class="product"><a href="https://www.amazon.com/dp/B0BZPPXRZW?tag=eloabder-20&linkCode=osi&th=1&psc=1"><img src="https://m.media-amazon.com/images/I/21Da-WQhrpL._SL500_.jpg" alt="Product Image"></a><p>100 Pack Thick Paper Cardstock Blank Heavy Cards Stock for Invitations, Greeting Cards Making, Postcards, Photos, 250GSM Thick Paper (White, 2x3.5 inches)</p><p>$5.99</p><a href="https://www.amazon.com/dp/B0BZPPXRZW?tag=eloabder-20&linkCode=osi&th=1&psc=1">View Product</a></div>
<div class="product"><a href="https://www.amazon.com/dp/B0BZRDQKH6?tag=eloabder-20&linkCode=osi&th=1&psc=1"><img src="https://m.media-amazon.com/images/I/41GYYRiusgL._SL500_.jpg" alt="Product Image"></a><p>feela 8 Pack Unlined Kraft Paper Notebooks, Blank Journal Note Pad for Drawing Writing, Small Sketchbook Travel Journal Bulk for Women Kids Students Office School Supplies, A5, 60 Pages, 8.3” X 5.5”</p><p>$9.99</p><a href="https://www.amazon.com/dp/B0BZRDQKH6?tag=eloabder-20&linkCode=osi&th=1&psc=1">View Product</a></div><div class="product"><a href="https://www.amazon.com/dp/B0BXLB74KK?tag=eloabder-20&linkCode=osi&th=1&psc=1"><img src="https://m.media-amazon.com/images/I/313vYzg7HpL._SL500_.jpg" alt="Product Image"></a><p>ZZTX 4 Pack Blank Kraft Notebooks, Blank Paper Sketchbooks for Drawing Doodling Writing,Travel Journal Set, A5, 36 Pages, 8.3” X 5.5”</p><p>$5.99</p><a href="https://www.amazon.com/dp/B0BXLB74KK?tag=eloabder-20&linkCode=osi&th=1&psc=1">View Product</a></div><div class="product"><a href="https://www.amazon.com/dp/B0BW5TNPXJ?tag=eloabder-20&linkCode=osi&th=1&psc=1"><img src="https://m.media-amazon.com/images/I/31Wu8UP78iL._SL500_.jpg" alt="Product Image"></a><p>EOOUT Kraft Notebooks, Blank Page Journals in Bulk, 16pcs A5, 8.3 X 5.5 Inches, 60 Pages, 80gsm, Travel Journal Set, for Art Camp, Travelers, Students and Office Supplies Sketchbooks Bulk for Kids</p><p>$15.99</p><a href="https://www.amazon.com/dp/B0BW5TNPXJ?tag=eloabder-20&linkCode=osi&th=1&psc=1">View Product</a></div><div class="product"><a href="https://www.amazon.com/dp/B08P3F46SD?tag=eloabder-20&linkCode=osi&th=1&psc=1"><img src="https://m.media-amazon.com/images/I/41jeBDcZJ1L._SL500_.jpg" alt="Product Image"></a><p>Krafty Soft Cover Blank Notebook Journal, Spiral Sketchbook Pad, Drawing Book, 60 Sheets/140gsm (A4)/120 Pages</p><p>$7.99</p><a href="https://www.amazon.com/dp/B08P3F46SD?tag=eloabder-20&linkCode=osi&th=1&psc=1">View Product</a></div><div class="product"><a href="https://www.amazon.com/dp/B0CWNPMC4T?tag=eloabder-20&linkCode=osi&th=1&psc=1"><img src="https://m.media-amazon.com/images/I/31BZeVGe6TL._SL500_.jpg" alt="Product Image"></a><p>zmybcpack 5 Pack Blank Journal Notebooks, Blank Paper Sketchbook for Drawing Writing, Travel Journal Notebook Kraft Paper Notebook for Travelers, Students, Office, A5, 8.26” x 5.5”, 60 Pages/30 Sheets</p><p>$8.99</p><a href="https://www.amazon.com/dp/B0CWNPMC4T?tag=eloabder-20&linkCode=osi&th=1&psc=1">View Product</a></div><div class="product"><a href="https://www.amazon.com/dp/B07WHYP9WN?tag=eloabder-20&linkCode=osi&th=1&psc=1"><img src="https://m.media-amazon.com/images/I/41ZhyCux1yL._SL500_.jpg" alt="Product Image"></a><p>Thick Blank Journal Notebook with Unlined / Unruled / Plain Pages | Deluxe 120gsm Ink Resistant Paper for Writing, Sketch Book, 160 Pages | Hardcover Sketchbook with Pen Holder, Pocket, Ribbon (Black)</p><p>$14.99</p><a href="https://www.amazon.com/dp/B07WHYP9WN?tag=eloabder-20&linkCode=osi&th=1&psc=1">View Product</a></div>
<div class="product"><a href="https://www.amazon.com/dp/B07MT7HKZW?tag=eloabder-20&linkCode=osi&th=1&psc=1"><img src="https://m.media-amazon.com/images/I/413JwH5JREL._SL500_.jpg" alt="Product Image"></a><p>Spiral Sketch Book Large Notebook（Built-in Drawing Board） Kraft Cover Blank Sketch Pad Wirebound Sketching for Drawing Painting 8.5x11-Inch (2 Pack) 200 Sheets, 100 Sheets, 200Pages Each</p><p>$17.99 ($9.00 / Count)</p><a href="https://www.amazon.com/dp/B07MT7HKZW?tag=eloabder-20&linkCode=osi&th=1&psc=1">View Product</a></div><div class="product"><a href="https://www.amazon.com/dp/B0BDQ82WB9?tag=eloabder-20&linkCode=osi&th=1&psc=1"><img src="https://m.media-amazon.com/images/I/51FoWr3GPwL._SL500_.jpg" alt="Product Image"></a><p>feela 170 Pack Blank Kraft Notebooks, Unlined Sketchbook Mini Cute Note Pad for Drawing Writing, Journal Bulk For Kids Students Office School Supplies, A6, 48 Pages, 4.25” X 5.5”, Black and Brown</p><p>$51.99</p><a href="https://www.amazon.com/dp/B0BDQ82WB9?tag=eloabder-20&linkCode=osi&th=1&psc=1">View Product</a></div><div class="product"><a href="https://www.amazon.com/dp/B0B3WWHWT2?tag=eloabder-20&linkCode=osi&th=1&psc=1"><img src="https://m.media-amazon.com/images/I/31m0FzXtPxL._SL500_.jpg" alt="Product Image"></a><p>Tamaki 6 Pack Colorful Blank Books for kids to Write, Drawing, Cute Sketchbook for Kid, 6 Colors (4.25 x 5.5 Inches)</p><p>$6.99</p><a href="https://www.amazon.com/dp/B0B3WWHWT2?tag=eloabder-20&linkCode=osi&th=1&psc=1">View Product</a></div>
<div class="product"><a href="https://www.amazon.com/dp/B0BGH2P9M6?tag=eloabder-20&linkCode=osi&th=1&psc=1"><img src="https://m.media-amazon.com/images/I/41ozOaYoHEL._SL500_.jpg" alt="Product Image"></a><p>EOOUT 100pcs A5 Kraft Notebooks, Blank Page Journals in Bulk, Sketchbooks Bulk for Kids, 60 Pages, 80GSM, 8.3 X 5.5 Inch, Travel Journal Set, for Art Camp, Travelers, Students and Office Supplies</p><p>$51.99</p><a href="https://www.amazon.com/dp/B0BGH2P9M6?tag=eloabder-20&linkCode=osi&th=1&psc=1">View Product</a></div><div class="product"><a href="https://www.amazon.com/dp/B07MT99F94?tag=eloabder-20&linkCode=osi&th=1&psc=1"><img src="https://m.media-amazon.com/images/I/41Ug7gpSWDL._SL500_.jpg" alt="Product Image"></a><p>Spiral Sketch Book Large Notebook（Built-in Drawing Board） Kraft Cover Blank Sketch Pad Wirebound Sketching for Drawing Painting 8.5x11-Inch (1 Pack) 200 Pages, 100 Sheets</p><p>$9.99</p><a href="https://www.amazon.com/dp/B07MT99F94?tag=eloabder-20&linkCode=osi&th=1&psc=1">View Product</a></div><div class="product"><a href="https://www.amazon.com/dp/B07CM32KLM?tag=eloabder-20&linkCode=osi&th=1&psc=1"><img src="https://m.media-amazon.com/images/I/41ENhBLE9DL._SL500_.jpg" alt="Product Image"></a><p>Kraft Cover Drawing Notebook & Sketchbook – Set of 2 Blank Plain Sketch Books – 125g Thick Paper A5 Size, 150x210mm Paper Ideal for Drawing & Sketching- 128 sheets/256 pages – 180 Degree Opening, 2pcs</p><p>$20.99 ($0.08 / Count)</p><a href="https://www.amazon.com/dp/B07CM32KLM?tag=eloabder-20&linkCode=osi&th=1&psc=1">View Product</a></div><div class="product"><a href="https://www.amazon.com/dp/B08ZLMLF7C?tag=eloabder-20&linkCode=osi&th=1&psc=1"><img src="https://m.media-amazon.com/images/I/41X-5yj83vL._SL500_.jpg" alt="Product Image"></a><p>BEECHMORE BOOKS Sketch Book, A4 8.5 x 11.5 inch Blank Sketchbook for Drawing, Paint and Draw, 156 Pages Thick Paper 160gsm, Hardcover Leather Art Notebook, Boxed for Gifts (Chestnut Brown)</p><p>$21.20</p><a href="https://www.amazon.com/dp/B08ZLMLF7C?tag=eloabder-20&linkCode=osi&th=1&psc=1">View Product</a></div>
<div class="product"><a href="https://www.amazon.com/dp/B075M9MSFH?tag=eloabder-20&linkCode=osi&th=1&psc=1"><img src="https://m.media-amazon.com/images/I/51x+szTX6TL._SL500_.jpg" alt="Product Image"></a><p>Bianyo Bleedproof Marker Paper Pad, A4(8.27"X11.69"), 50 Sheets, 18 LB / 70 GSM, Glue-Bound, 100% Cotton, White, Ideal for Use with Markers and Ink Mediums</p><p>$9.99</p><a href="https://www.amazon.com/dp/B075M9MSFH?tag=eloabder-20&linkCode=osi&th=1&psc=1">View Product</a></div><div class="product"><a href="https://www.amazon.com/dp/B08FX5S2NL?tag=eloabder-20&linkCode=osi&th=1&psc=1"><img src="https://m.media-amazon.com/images/I/41CA0ZfazKL._SL500_.jpg" alt="Product Image"></a><p>Marker Paper Sketchbook, Bleedproof Art Marker Pad, (8.27 X 11.69) Inch, White, 40 Sheets</p><p>$6.99</p><a href="https://www.amazon.com/dp/B08FX5S2NL?tag=eloabder-20&linkCode=osi&th=1&psc=1">View Product</a></div><div class="product"><a href="https://www.amazon.com/dp/B0CJRBFSJ8?tag=eloabder-20&linkCode=osi&th=1&psc=1"><img src="https://m.media-amazon.com/images/I/51DLA8TpwEL._SL500_.jpg" alt="Product Image"></a><p>Shuttle Art Marker Pad, 8.3”x8.9” Portable Square Sketchbook, 80 Sheets Marker Drawing Paper, 120LB/200GSM Bleedproof Art Paper, Spiral-Bound, Great for Professional Artist to Draw, Paint & Sketch</p><p>$16.99</p><a href="https://www.amazon.com/dp/B0CJRBFSJ8?tag=eloabder-20&linkCode=osi&th=1&psc=1">View Product</a></div><div class="product"><a href="https://www.amazon.com/dp/B09N7VX5Z5?tag=eloabder-20&linkCode=osi&th=1&psc=1"><img src="https://m.media-amazon.com/images/I/51xCPs9HZyL._SL500_.jpg" alt="Product Image"></a><p>Marker Paper Sketchbook - Marker Sketchbook with Bleedproof Smooth Coated Art Paper, 120 GSM 80 LBS - Marker Pad for Alcohol Markers, Sketching, Drawing - 8.11 x 8.5 Inch | 50 Sheets, 2 Pack</p><p>$15.99 ($8.00 / Count)</p><a href="https://www.amazon.com/dp/B09N7VX5Z5?tag=eloabder-20&linkCode=osi&th=1&psc=1">View Product</a></div><div class="product"><a href="https://www.amazon.com/dp/B07CK94W9T?tag=eloabder-20&linkCode=osi&th=1&psc=1"><img src="https://m.media-amazon.com/images/I/41ocoSNDjdL._SL500_.jpg" alt="Product Image"></a><p>BOXUN Premium 50 Sheets Sketch Marker Paper Pad, Bleedproof Artist Drawing Paper, 8.27 x 11.69 Inch</p><p>$8.29 ($0.17 / Count)</p><a href="https://www.amazon.com/dp/B07CK94W9T?tag=eloabder-20&linkCode=osi&th=1&psc=1">View Product</a></div><div class="product"><a href="https://www.amazon.com/dp/B0CPXWD11W?tag=eloabder-20&linkCode=osi&th=1&psc=1"><img src="https://m.media-amazon.com/images/I/51ApKzpDVNL._SL500_.jpg" alt="Product Image"></a><p>FEITAKE Marker Paper Pad Sketchbook Bleedproof for Alcohol Markers 120lb/200gsm Double Sided Thick Art Drawing Papers 60pages (30Sheets) / A4(8.3"x11.7") Gift for Artists Students Kids</p><p>$13.99 ($0.47 / Count)</p><a href="https://www.amazon.com/dp/B0CPXWD11W?tag=eloabder-20&linkCode=osi&th=1&psc=1">View Product</a></div><div class="product"><a href="https://www.amazon.com/dp/B0025TWYW6?tag=eloabder-20&linkCode=osi&th=1&psc=1"><img src="https://m.media-amazon.com/images/I/51t6UkUHCvL._SL500_.jpg" alt="Product Image"></a><p>Bee Paper Bleedproof Marker Pack, 8-1/2-Inch by 11-Inch, 50 Sheets per Pack</p><p>$17.09 ($0.34 / Count)</p><a href="https://www.amazon.com/dp/B0025TWYW6?tag=eloabder-20&linkCode=osi&th=1&psc=1">View Product</a></div><div class="product"><a href="https://www.amazon.com/dp/B0CJRBYYQB?tag=eloabder-20&linkCode=osi&th=1&psc=1"><img src="https://m.media-amazon.com/images/I/41knBnjZ25L._SL500_.jpg" alt="Product Image"></a><p>Shuttle Art Marker Pad, 8.3”x7.67” Portable Square Sketchbook, 50 Sheets Marker Drawing Paper, 60LB/90GSM Smooth Surface Bleedproof Art Paper, Glue-Bound, Great for Beginners to Draw, Paint & Sketch</p><p>$8.99 ($0.18 / Count)</p><a href="https://www.amazon.com/dp/B0CJRBYYQB?tag=eloabder-20&linkCode=osi&th=1&psc=1">View Product</a></div>
<div class="product"><a href="https://www.amazon.com/dp/B00881IU8M?tag=eloabder-20&linkCode=osi&th=1&psc=1"><img src="https://m.media-amazon.com/images/I/41hbSgdLBtL._SL500_.jpg" alt="Product Image"></a><p>Speedball Fabric & Paper Block Printing Ink 6-Color Set, 1.25-Ounce x 6</p><p>$28.99 ($28.99 / Count)</p><a href="https://www.amazon.com/dp/B00881IU8M?tag=eloabder-20&linkCode=osi&th=1&psc=1">View Product</a></div><div class="product"><a href="https://www.amazon.com/dp/B000J09PFM?tag=eloabder-20&linkCode=osi&th=1&psc=1"><img src="https://m.media-amazon.com/images/I/51yPRc4nvoL._SL500_.jpg" alt="Product Image"></a><p>Speedball Water-Soluble Block Printing Ink Starter Set, 6 Bold Colors with Satin Finish, 1.25-Ounce Tubes</p><p>$29.99 ($4.00 / Fl Oz)</p><a href="https://www.amazon.com/dp/B000J09PFM?tag=eloabder-20&linkCode=osi&th=1&psc=1">View Product</a></div><div class="product"><a href="https://www.amazon.com/dp/B000BYT24U?tag=eloabder-20&linkCode=osi&th=1&psc=1"><img src="https://m.media-amazon.com/images/I/51pDlo+LlKL._SL500_.jpg" alt="Product Image"></a><p>Speedball Water-Soluble Block Printing Ink, 8-Ounce Jar, Black</p><p>$14.49</p><a href="https://www.amazon.com/dp/B000BYT24U?tag=eloabder-20&linkCode=osi&th=1&psc=1">View Product</a></div><div class="product"><a href="https://www.amazon.com/dp/B00C1JUJWW?tag=eloabder-20&linkCode=osi&th=1&psc=1"><img src="https://m.media-amazon.com/images/I/41zDtJ6f5hL._SL500_.jpg" alt="Product Image"></a><p>Speedball Fabric Block Printing Ink, 2.5-Ounce, Black</p><p>$9.99 ($4.00 / Fl Oz)</p><a href="https://www.amazon.com/dp/B00C1JUJWW?tag=eloabder-20&linkCode=osi&th=1&psc=1">View Product</a></div><div class="product"><a href="https://www.amazon.com/dp/B004PZ1ZJG?tag=eloabder-20&linkCode=osi&th=1&psc=1"><img src="https://m.media-amazon.com/images/I/41+GkhhpR5L._SL500_.jpg" alt="Product Image"></a><p>Speedball Water-Soluble Block Printing Ink Starter Set, 4-Color Set, 1.25-Ounce Tubes</p><p>$20.99</p><a href="https://www.amazon.com/dp/B004PZ1ZJG?tag=eloabder-20&linkCode=osi&th=1&psc=1">View Product</a></div><div class="product"><a href="https://www.amazon.com/dp/B0017CZF3C?tag=eloabder-20&linkCode=osi&th=1&psc=1"><img src="https://m.media-amazon.com/images/I/41S17SYPAZL._SL500_.jpg" alt="Product Image"></a><p>Speedball Water Soluble Block Printing Ink, Black, 2-1/2 Ounces - 380663</p><p>$9.99</p><a href="https://www.amazon.com/dp/B0017CZF3C?tag=eloabder-20&linkCode=osi&th=1&psc=1">View Product</a></div><div class="product"><a href="https://www.amazon.com/dp/B0BXNX8FSH?tag=eloabder-20&linkCode=osi&th=1&psc=1"><img src="https://m.media-amazon.com/images/I/51JGm1VxVOL._SL500_.jpg" alt="Product Image"></a><p>Falling in Art Water-Soluble Block Printing Ink, 6-Color Printmaking Ink Set for Linoleum Block, 3.5 floz</p><p>$28.99</p><a href="https://www.amazon.com/dp/B0BXNX8FSH?tag=eloabder-20&linkCode=osi&th=1&psc=1">View Product</a></div><div class="product"><a href="https://www.amazon.com/dp/B0027ACJBO?tag=eloabder-20&linkCode=osi&th=1&psc=1"><img src="https://m.media-amazon.com/images/I/41OzayB9ojL._SL500_.jpg" alt="Product Image"></a><p>Speedball 3476 Oil-Based Block Printing Ink Starter Set for Professional, Permanent Prints AP Certified – 1.25 FL OZ Tubes</p><p>$33.99</p><a href="https://www.amazon.com/dp/B0027ACJBO?tag=eloabder-20&linkCode=osi&th=1&psc=1">View Product</a></div>
<div class="product"><a href="https://www.amazon.com/dp/B0027AGDWK?tag=eloabder-20&linkCode=osi&th=1&psc=1"><img src="https://m.media-amazon.com/images/I/515LDer6GPL._SL500_.jpg" alt="Product Image"></a><p>Speedball Deluxe Block Printing Kit - Includes Inks, Brayer, Bench Hook, Lino Handle and Cutters, Speedy-Carve Block, Mounted Linoleum Block</p><p>$59.99</p><a href="https://www.amazon.com/dp/B0027AGDWK?tag=eloabder-20&linkCode=osi&th=1&psc=1">View Product</a></div><div class="product"><a href="https://www.amazon.com/dp/B07ZJBZN5S?tag=eloabder-20&linkCode=osi&th=1&psc=1"><img src="https://m.media-amazon.com/images/I/41UbN58y9uS._SL500_.jpg" alt="Product Image"></a><p>SGHUO 12pcs 4"x6" Pink Rubber Carving Blocks Linoleum Block Stamp Making Kit</p><p>$22.99 ($1.92 / Count)</p><a href="https://www.amazon.com/dp/B07ZJBZN5S?tag=eloabder-20&linkCode=osi&th=1&psc=1">View Product</a></div>
<div class="product"><a href="https://www.amazon.com/dp/B00L2DYUM8?tag=eloabder-20&linkCode=osi&th=1&psc=1"><img src="https://m.media-amazon.com/images/I/51l5FZ0+5AL._SL500_.jpg" alt="Product Image"></a><p>Strathmore 300 Series Printmaking Paper Pad, Glue Bound, 5x7 inches, 40 Sheets (120g) - Artist Paper for Adults and Students - Block Printing, Linocut, Screen Printing, White</p><p>$7.26</p><a href="https://www.amazon.com/dp/B00L2DYUM8?tag=eloabder-20&linkCode=osi&th=1&psc=1">View Product</a></div><div class="product"><a href="https://www.amazon.com/dp/B07BSYS5XC?tag=eloabder-20&linkCode=osi&th=1&psc=1"><img src="https://m.media-amazon.com/images/I/51Uwfq0jv+L._SL500_.jpg" alt="Product Image"></a><p>Ucreate Printmaking Paper, 9"x12", White, 100 Sheet, P9001</p><p>$9.79</p><a href="https://www.amazon.com/dp/B07BSYS5XC?tag=eloabder-20&linkCode=osi&th=1&psc=1">View Product</a></div><div class="product"><a href="https://www.amazon.com/dp/B00K5562WA?tag=eloabder-20&linkCode=osi&th=1&psc=1"><img src="https://m.media-amazon.com/images/I/51Dm+TeJGdL._SL500_.jpg" alt="Product Image"></a><p>Strathmore Printmaking Paper Pad 8"X10"-20 Sheets -62433800, White</p><p>$10.19</p><a href="https://www.amazon.com/dp/B00K5562WA?tag=eloabder-20&linkCode=osi&th=1&psc=1">View Product</a></div><div class="product"><a href="https://www.amazon.com/dp/B001DNH8I0?tag=eloabder-20&linkCode=osi&th=1&psc=1"><img src="https://m.media-amazon.com/images/I/51UzoKdUojL._SL500_.jpg" alt="Product Image"></a><p>Black Ink 9-Inch by 12-Inch Bleached Mulberry Block Printing Paper, 25-Pack</p><p>$19.35 ($0.77 / Count)</p><a href="https://www.amazon.com/dp/B001DNH8I0?tag=eloabder-20&linkCode=osi&th=1&psc=1">View Product</a></div><div class="product"><a href="https://www.amazon.com/dp/B00C6G6L5Y?tag=eloabder-20&linkCode=osi&th=1&psc=1"><img src="https://m.media-amazon.com/images/I/5103h0Rm8sL._SL500_.jpg" alt="Product Image"></a><p>Black Ink Thai Mulberry Block Printing Paper Packs small assorted colors</p><p>$21.99</p><a href="https://www.amazon.com/dp/B00C6G6L5Y?tag=eloabder-20&linkCode=osi&th=1&psc=1">View Product</a></div>
<div class="product"><a href="https://www.amazon.com/dp/B003IG27OK?tag=eloabder-20&linkCode=osi&th=1&psc=1"><img src="https://m.media-amazon.com/images/I/416NUaYo1DL._SL500_.jpg" alt="Product Image"></a><p>Speedball Block Printing Baren - Comfortable Wooden Handle, Made in the USA - 4 Inches</p><p>$29.49</p><a href="https://www.amazon.com/dp/B003IG27OK?tag=eloabder-20&linkCode=osi&th=1&psc=1">View Product</a></div>
<div class="product"><a href="https://www.amazon.com/dp/B0CMZYY8CJ?tag=eloabder-20&linkCode=osi&th=1&psc=1"><img src="https://m.media-amazon.com/images/I/41TifSIP7SL._SL500_.jpg" alt="Product Image"></a><p>Ecoofor Blotting Paper for Flower Press, 20 Sheets Highly Absorbent and Reusable Blotter Paper for Flower Press Paper Craft 9 x 9 inch</p><p>$9.99</p><a href="https://www.amazon.com/dp/B0CMZYY8CJ?tag=eloabder-20&linkCode=osi&th=1&psc=1">View Product</a></div><div class="product"><a href="https://www.amazon.com/dp/B0CYRT3RM4?tag=eloabder-20&linkCode=osi&th=1&psc=1"><img src="https://m.media-amazon.com/images/I/31+qvVq3giL._SL500_.jpg" alt="Product Image"></a><p>Hygge & Sage Premium Natural Fiber Blotting Paper for Flower Press Art; 20 Large Sheets for a Press up to 8x11 Inches; Absorbent, Versatile, and Acid-Free Reusable Blotter Paper for Flower Pressing</p><p>$9.50 ($0.48 / Count)</p><a href="https://www.amazon.com/dp/B0CYRT3RM4?tag=eloabder-20&linkCode=osi&th=1&psc=1">View Product</a></div><div class="product"><a href="https://www.amazon.com/dp/B0D41GDLHM?tag=eloabder-20&linkCode=osi&th=1&psc=1"><img src="https://m.media-amazon.com/images/I/41LIF5dHXaL._SL500_.jpg" alt="Product Image"></a><p>Aboofx 20 Sheets Blotting Paper for Flower Press, 15" x 10" Extra Large Highly Absorbent Blotter Paper for Flower Press Reusable Herbarium Paper Craft Blotter Paper Sheets</p><p>$19.99</p><a href="https://www.amazon.com/dp/B0D41GDLHM?tag=eloabder-20&linkCode=osi&th=1&psc=1">View Product</a></div><div class="product"><a href="https://www.amazon.com/dp/B0CQMMYSBR?tag=eloabder-20&linkCode=osi&th=1&psc=1"><img src="https://m.media-amazon.com/images/I/413SlUi6IDL._SL500_.jpg" alt="Product Image"></a><p>Wisreach Blotting Paper for Flower Press, 20 Sheets Flower Press Paper Highly Absorbent and Reusable Blotter Paper for Flower Art A4 Size 8.26 x 11.4 inch</p><p>$9.99</p><a href="https://www.amazon.com/dp/B0CQMMYSBR?tag=eloabder-20&linkCode=osi&th=1&psc=1">View Product</a></div><div class="product"><a href="https://www.amazon.com/dp/B093FQ22PG?tag=eloabder-20&linkCode=osi&th=1&psc=1"><img src="https://m.media-amazon.com/images/I/41B2jXhe+QL._SL500_.jpg" alt="Product Image"></a><p>Blotting Paper for Flower Press by Berstuk® • Large A4 Flower Press Paper • Highly Absorbent and Reusable Herbarium Paper • Pack of 10 Blotter Paper Sheets</p><p>$6.99 ($69.90 / 100 Sheets)</p><a href="https://www.amazon.com/dp/B093FQ22PG?tag=eloabder-20&linkCode=osi&th=1&psc=1">View Product</a></div><div class="product"><a href="https://www.amazon.com/dp/B0C6PW4VGB?tag=eloabder-20&linkCode=osi&th=1&psc=1"><img src="https://m.media-amazon.com/images/I/21C64VB3iVL._SL500_.jpg" alt="Product Image"></a><p>PATIKIL 16"x12" Flower Press Paper, 1 Set/30 Sheet Refill Lining Blotter Paper Absorbent Reusable Blotting Paper for DIY Art Handicraft Scrapbook</p><p>$11.19</p><a href="https://www.amazon.com/dp/B0C6PW4VGB?tag=eloabder-20&linkCode=osi&th=1&psc=1">View Product</a></div><div class="product"><a href="https://www.amazon.com/dp/B0C6PTK915?tag=eloabder-20&linkCode=osi&th=1&psc=1"><img src="https://m.media-amazon.com/images/I/21UviFCGjtL._SL500_.jpg" alt="Product Image"></a><p>PATIKIL 12"x8" Flower Press Paper, 2 Set/60 Sheet Refill Lining Blotter Paper Absorbent Reusable Blotting Paper for DIY Art Handicraft Scrapbook</p><p>$13.69</p><a href="https://www.amazon.com/dp/B0C6PTK915?tag=eloabder-20&linkCode=osi&th=1&psc=1">View Product</a></div><div class="product"><a href="https://www.amazon.com/dp/B0CDJZ4MD7?tag=eloabder-20&linkCode=osi&th=1&psc=1"><img src="https://m.media-amazon.com/images/I/41iwkW+QQOL._SL500_.jpg" alt="Product Image"></a><p>30 PCS Blotting Paper for Flower Press Large A4 Flower Press Paper Highly Absorbent and Reusable Blotter Paper Refill Lining Paper for Flower Press Art Craft Scrapbook Making, 11.8 x 7.9 Inches Blue</p><p>$9.99</p><a href="https://www.amazon.com/dp/B0CDJZ4MD7?tag=eloabder-20&linkCode=osi&th=1&psc=1">View Product</a></div>

<div class="product"><a href="https://www.amazon.com/dp/B0D3HPD7WP?tag=eloabder-20&linkCode=osi&th=1&psc=1"><img src="https://m.media-amazon.com/images/I/31KSmmAWUWL._SL500_.jpg" alt="Product Image"></a><p>50 Sheets Grey Cardstock Paper, Colored Printer Paper 8.5 x 11, Thick Construction Paper for Cards Making, Scrapbook，Office Printing, Invitations, Certificates，DIY Crafting 92 lb/250gsm</p><p>$9.99</p><a href="https://www.amazon.com/dp/B0D3HPD7WP?tag=eloabder-20&linkCode=osi&th=1&psc=1">View Product</a></div>
<div class="product"><a href="https://www.amazon.com/dp/B076CP6F36?tag=eloabder-20&linkCode=osi&th=1&psc=1"><img src="https://m.media-amazon.com/images/I/51rfEIvgI+L._SL500_.jpg" alt="Product Image"></a><p>Apple Barrel, Vibrant Spectrum Collection Acrylic Craft Paint, PROMOABIII, 2 fl oz each, 16 assorted matte colors, 16 count</p><p>$15.97 ($0.50 / Fl Oz)</p><a href="https://www.amazon.com/dp/B076CP6F36?tag=eloabder-20&linkCode=osi&th=1&psc=1">View Product</a></div><div class="product"><a href="https://www.amazon.com/dp/B0BKFLSYQF?tag=eloabder-20&linkCode=osi&th=1&psc=1"><img src="https://m.media-amazon.com/images/I/51a0PmPRknL._SL500_.jpg" alt="Product Image"></a><p>72 Pack Acrylic Paint Set, Shuttle Art 60 Colors Acrylic Paint Including Extra White Black & 12 Brushes, 2oz/60ml, Rich Pigmented, Water Proof, Ideal for Artists, Beginners on Canvas Rock Wood Ceramic</p><p>$45.99 ($23.00 / Fl Oz)</p><a href="https://www.amazon.com/dp/B0BKFLSYQF?tag=eloabder-20&linkCode=osi&th=1&psc=1">View Product</a></div><div class="product"><a href="https://www.amazon.com/dp/B08CB3JH79?tag=eloabder-20&linkCode=osi&th=1&psc=1"><img src="https://m.media-amazon.com/images/I/51OUZsFdnTL._SL500_.jpg" alt="Product Image"></a><p>Acrylic Paint Set of 36 Colors 2fl oz 60ml Bottles,Non Toxic 36 Colors Acrylic Paint No Fading Rich Pigment for Kids Adults Artists Canvas Crafts Wood Painting</p><p>$32.99 ($0.46 / Fl Oz)</p><a href="https://www.amazon.com/dp/B08CB3JH79?tag=eloabder-20&linkCode=osi&th=1&psc=1">View Product</a></div><div class="product"><a href="https://www.amazon.com/dp/B0018NBVKQ?tag=eloabder-20&linkCode=osi&th=1&psc=1"><img src="https://m.media-amazon.com/images/I/31YlSvZMTCL._SL500_.jpg" alt="Product Image"></a><p>Apple Barrel Acrylic Paint in Assorted Colors (8 Ounce), 20403 White</p><p>$2.67 ($0.33 / Fl Oz)</p><a href="https://www.amazon.com/dp/B0018NBVKQ?tag=eloabder-20&linkCode=osi&th=1&psc=1">View Product</a></div><div class="product"><a href="https://www.amazon.com/dp/B077WSBLZ1?tag=eloabder-20&linkCode=osi&th=1&psc=1"><img src="https://m.media-amazon.com/images/I/51KPkXpLn1L._SL500_.jpg" alt="Product Image"></a><p>Shuttle Art Acrylic Paint Set, 30 x12ml Tubes Artist Quality Non Toxic Rich Pigments Colors Great for Kids Adults Professional Painting on Rocks Canvas Wood Clay Fabric Ceramic Crafts</p><p>$12.99 ($1.08 / Fl Oz)</p><a href="https://www.amazon.com/dp/B077WSBLZ1?tag=eloabder-20&linkCode=osi&th=1&psc=1">View Product</a></div><div class="product"><a href="https://www.amazon.com/dp/B00889Z5Y6?tag=eloabder-20&linkCode=osi&th=1&psc=1"><img src="https://m.media-amazon.com/images/I/41MQjsyDbSL._SL500_.jpg" alt="Product Image"></a><p>Apple Barrel Acrylic Paint in Assorted Colors (2 oz), 20764, Apricot</p><p>$0.58 ($0.29 / Fl Oz)</p><a href="https://www.amazon.com/dp/B00889Z5Y6?tag=eloabder-20&linkCode=osi&th=1&psc=1">View Product</a></div><div class="product"><a href="https://www.amazon.com/dp/B09TWQD5ZL?tag=eloabder-20&linkCode=osi&th=1&psc=1"><img src="https://m.media-amazon.com/images/I/41B0L003QXL._SL500_.jpg" alt="Product Image"></a><p>Artkey Acrylic Paint Set - 24 colors 2 oz/59 ml Acrylic Paints Professional Artists Painting Kit for Canvases Fabric Rock Leather Easter Egg Wood Ceramic Glass Art Craft Painting</p><p>$19.99 ($0.42 / Fl Oz)</p><a href="https://www.amazon.com/dp/B09TWQD5ZL?tag=eloabder-20&linkCode=osi&th=1&psc=1">View Product</a></div><div class="product"><a href="https://www.amazon.com/dp/B07Z93LQDB?tag=eloabder-20&linkCode=osi&th=1&psc=1"><img src="https://m.media-amazon.com/images/I/51veoN6zK0L._SL500_.jpg" alt="Product Image"></a><p>Shuttle Art Acrylic Paint Set, 36 Colors Acrylic Paint with Brushes & Palette, 2oz Bottles, Rich Pigments Non-toxic Paint for Artists Kids & Adults, Art Supplies for Canvas Rock Ceramic Wood Painting</p><p>$27.99</p><a href="https://www.amazon.com/dp/B07Z93LQDB?tag=eloabder-20&linkCode=osi&th=1&psc=1">View Product</a></div><div class="product"><a href="https://www.amazon.com/dp/B002665SYY?tag=eloabder-20&linkCode=osi&th=1&psc=1"><img src="https://m.media-amazon.com/images/I/31sJJeWK6OS._SL500_.jpg" alt="Product Image"></a><p>Liquitex BASICS Acrylic Paint, 250ml (8.5-oz) Tube, Titanium White</p><p>$9.99 ($1.18 / Fl Oz)</p><a href="https://www.amazon.com/dp/B002665SYY?tag=eloabder-20&linkCode=osi&th=1&psc=1">View Product</a></div>
<div class="product"><a href="https://www.amazon.com/dp/B0CC98XLGL?tag=eloabder-20&linkCode=osi&th=1&psc=1"><img src="https://m.media-amazon.com/images/I/51ZLw+nThiL._SL500_.jpg" alt="Product Image"></a><p>HUIRUSO 4 Pack Double Sided Tape Roller, Scrapbook Supplies, Glue Tape Roller for Crafts, Double-Sided Adhesive Tape Runner for Scrapbooking, School Office Journaling Supplies (0.31 in X 26.25 ft)</p><p>$6.99 ($1.75 / Count)</p><a href="https://www.amazon.com/dp/B0CC98XLGL?tag=eloabder-20&linkCode=osi&th=1&psc=1">View Product</a></div><div class="product"><a href="https://www.amazon.com/dp/B007XAAE6K?tag=eloabder-20&linkCode=osi&th=1&psc=1"><img src="https://m.media-amazon.com/images/I/414qxYVR0wL._SL500_.jpg" alt="Product Image"></a><p>Scotch Double Sided Tape Runner, 1-Pack, 0.27 in x 26 ft., Perfect for Holiday Crafts, Gifts, and More</p><p>$4.47</p><a href="https://www.amazon.com/dp/B007XAAE6K?tag=eloabder-20&linkCode=osi&th=1&psc=1">View Product</a></div><div class="product"><a href="https://www.amazon.com/dp/B0BZVGPFSK?tag=eloabder-20&linkCode=osi&th=1&psc=1"><img src="https://m.media-amazon.com/images/I/51-ue9+7JkL._SL500_.jpg" alt="Product Image"></a><p>Birllaid Double Sided Tape for Walls, Picture Hanging Strips Removable Mounting Dots Adhesive Heavy Duty, Removable for Art Craft, Decoration, Party Supplies, Multipurpose</p><p>$11.99</p><a href="https://www.amazon.com/dp/B0BZVGPFSK?tag=eloabder-20&linkCode=osi&th=1&psc=1">View Product</a></div><div class="product"><a href="https://www.amazon.com/dp/B0CGVN9SL1?tag=eloabder-20&linkCode=osi&th=1&psc=1"><img src="https://m.media-amazon.com/images/I/41Hy+i4CnoL._SL500_.jpg" alt="Product Image"></a><p>30Ft x 1 Inch Hook and Loop Strips with Adhesive,Double Rolls of Heavy Duty Self Adhesive Tape with Backing, Nylon Self Adhesive Tape for Home Office School and Crafting,White</p><p>$9.99</p><a href="https://www.amazon.com/dp/B0CGVN9SL1?tag=eloabder-20&linkCode=osi&th=1&psc=1">View Product</a></div><div class="product"><a href="https://www.amazon.com/dp/B07Y3VDPLF?tag=eloabder-20&linkCode=osi&th=1&psc=1"><img src="https://m.media-amazon.com/images/I/41cyKQ2OMuL._SL500_.jpg" alt="Product Image"></a><p>Melsan 1x4 inch Hook and Loop Strips with Adhesive - 15 Sets, Strong Back Adhesive Fasten Mounting Tape for Home or Office Use - Instead of Holes and Screws, Black</p><p>$7.82</p><a href="https://www.amazon.com/dp/B07Y3VDPLF?tag=eloabder-20&linkCode=osi&th=1&psc=1">View Product</a></div><div class="product"><a href="https://www.amazon.com/dp/B07V57VJT5?tag=eloabder-20&linkCode=osi&th=1&psc=1"><img src="https://m.media-amazon.com/images/I/514JO3bvl3L._SL500_.jpg" alt="Product Image"></a><p>XFasten Adhesive Roller for Scrapbooking, 8mm x 30ft 4-Pack Double Sided Glue Tape Roller, Scrapbook Supplies for Adults, Photo Tape for Scrapbooking</p><p>$9.99 ($2.50 / Count)</p><a href="https://www.amazon.com/dp/B07V57VJT5?tag=eloabder-20&linkCode=osi&th=1&psc=1">View Product</a></div><div class="product"><a href="https://www.amazon.com/dp/B07JLTGQHX?tag=eloabder-20&linkCode=osi&th=1&psc=1"><img src="https://m.media-amazon.com/images/I/51Eqfo7kUZL._SL500_.jpg" alt="Product Image"></a><p>UPINS 120 Pack Double Sided Foam Tape Square Self-Adhesive Foam Tape Black Strong Tape Pads for DIY Art Crafts Supplies</p><p>$9.99 ($0.08 / Count)</p><a href="https://www.amazon.com/dp/B07JLTGQHX?tag=eloabder-20&linkCode=osi&th=1&psc=1">View Product</a></div><div class="product"><a href="https://www.amazon.com/dp/B005FM6XF4?tag=eloabder-20&linkCode=osi&th=1&psc=1"><img src="https://m.media-amazon.com/images/I/51-vp1WJ89L._SL500_.jpg" alt="Product Image"></a><p>AdTech 5603 Permanent Crafter's Tape, 0.31" x 315", Pack of 4</p><p>$7.84 ($0.07 / Foot)</p><a href="https://www.amazon.com/dp/B005FM6XF4?tag=eloabder-20&linkCode=osi&th=1&psc=1">View Product</a></div><div class="product"><a href="https://www.amazon.com/dp/B0CJF1FLFJ?tag=eloabder-20&linkCode=osi&th=1&psc=1"><img src="https://m.media-amazon.com/images/I/51dig1RqzdL._SL500_.jpg" alt="Product Image"></a><p>UPINS 150Pack Double Sided Foam Tape Strong Sticky Double Sided Foam Pads for Crafts Self-Adhesive Mounting Foam Tape Heavy Duty for Home Wall Decor 40 * 40 * 2mm</p><p>$8.99 ($0.06 / Count)</p><a href="https://www.amazon.com/dp/B0CJF1FLFJ?tag=eloabder-20&linkCode=osi&th=1&psc=1">View Product</a></div><div class="product"><a href="https://www.amazon.com/dp/B0D4YWRGCL?tag=eloabder-20&linkCode=osi&th=1&psc=1"><img src="https://m.media-amazon.com/images/I/41EqJ553-KL._SL500_.jpg" alt="Product Image"></a><p>Amanbo Glue Tape for Scrapbooking, 6 Pack Scrapbook Tape, Double Sided Tape Roller for Crafts, Total 120 Ft x 0.24 in Tape Runner, Craft Supplies for Scrapbooking, Gift Wrapping and Photo Tape</p><p>$6.99</p><a href="https://www.amazon.com/dp/B0D4YWRGCL?tag=eloabder-20&linkCode=osi&th=1&psc=1">View Product</a></div>
<div class="product"><a href="https://www.amazon.com/dp/B0CC5HPPTN?tag=eloabder-20&linkCode=osi&th=1&psc=1"><img src="https://m.media-amazon.com/images/I/519M81S201L._SL500_.jpg" alt="Product Image"></a><p>Airbrush Paint - 30 Colors with 3 Thinner, Ready to Spray Airbrush Paint Set, Water-Based Acrylic Air brush Paints for Metal, Plastic Models, Canvas, Wood, 20ml/Bottle</p><p>$32.99 ($1.48 / Fl Oz)</p><a href="https://www.amazon.com/dp/B0CC5HPPTN?tag=eloabder-20&linkCode=osi&th=1&psc=1">View Product</a></div>
<div class="product"><a href="https://www.amazon.com/dp/B0CXPSGK36?tag=eloabder-20&linkCode=osi&th=1&psc=1"><img src="https://m.media-amazon.com/images/I/51dd2dYOtrL._SL500_.jpg" alt="Product Image"></a><p>Letter Stickers 30 Sheets 1500 PCS Large Alphabet Sticker 2 Inch Vinyl Self Adhesive Stick on Stickers for Water Bottles Cup Mailbox Number Address Craft Scrapbooking Bulletin Board Decor Multicolor</p><p>$9.99</p><a href="https://www.amazon.com/dp/B0CXPSGK36?tag=eloabder-20&linkCode=osi&th=1&psc=1">View Product</a></div><div class="product"><a href="https://www.amazon.com/dp/B07NNYFMGY?tag=eloabder-20&linkCode=osi&th=1&psc=1"><img src="https://m.media-amazon.com/images/I/51yDnU+gEXL._SL500_.jpg" alt="Product Image"></a><p>20 Sheets Alphabet Letter Stickers 10 Colors Self Adhesive Sticker Colorful PU Material Convex Feeling (Colored Letter Stickers 1)</p><p>$6.99 ($0.35 / Count)</p><a href="https://www.amazon.com/dp/B07NNYFMGY?tag=eloabder-20&linkCode=osi&th=1&psc=1">View Product</a></div>

<div class="product"><a href="https://www.amazon.com/dp/B01DDN8854?tag=eloabder-20&linkCode=osi&th=1&psc=1"><img src="https://m.media-amazon.com/images/I/61dPubDZBSL._SL500_.jpg" alt="Product Image"></a><p>Hugs 'n Kisses HNKHABY13 Applique Paper (20 Pack)</p><p>$19.72 ($0.99 / Count)</p><a href="https://www.amazon.com/dp/B01DDN8854?tag=eloabder-20&linkCode=osi&th=1&psc=1">View Product</a></div>
<div class="product"><a href="https://www.amazon.com/dp/B09KPNFJW1?tag=eloabder-20&linkCode=osi&th=1&psc=1"><img src="https://m.media-amazon.com/images/I/41abn5fELmL._SL500_.jpg" alt="Product Image"></a><p>UniPleased Disposable Aprons (50 Count), Plastic apron for Painting Party, Cooking, Housework, Picnic etc.</p><p>$5.69</p><a href="https://www.amazon.com/dp/B09KPNFJW1?tag=eloabder-20&linkCode=osi&th=1&psc=1">View Product</a></div>
<div class="product"><a href="https://www.amazon.com/dp/B087M21MM2?tag=eloabder-20&linkCode=osi&th=1&psc=1"><img src="https://m.media-amazon.com/images/I/41Xf-jehhLL._SL500_.jpg" alt="Product Image"></a><p>GOTIDEAL Stretched Canvas, Multi Pack 4x4, 5x7, 8x10,9x12, 11x14 Set of 10, Primed White - 100% Cotton Artist Canvas Boards for Painting, Acrylic Pouring, Oil Paint Dry & Wet Art Media</p><p>$24.99</p><a href="https://www.amazon.com/dp/B087M21MM2?tag=eloabder-20&linkCode=osi&th=1&psc=1">View Product</a></div><div class="product"><a href="https://www.amazon.com/dp/B00OQJYISG?tag=eloabder-20&linkCode=osi&th=1&psc=1"><img src="https://m.media-amazon.com/images/I/31fEDLPkkcL._SL500_.jpg" alt="Product Image"></a><p>6 Count 12” x 16” Super Value Canvas by Artist's Loft Necessities - Acid Free Cotton Canvas for Paint, Acrylic, & Oils - 1 Pack</p><p>$19.99</p><a href="https://www.amazon.com/dp/B00OQJYISG?tag=eloabder-20&linkCode=osi&th=1&psc=1">View Product</a></div><div class="product"><a href="https://www.amazon.com/dp/B09CDKB9HY?tag=eloabder-20&linkCode=osi&th=1&psc=1"><img src="https://m.media-amazon.com/images/I/51+p5xnClGL._SL500_.jpg" alt="Product Image"></a><p>DPDIAN Canvas Boards for Painting 40 Pack, 8 inch x 10 inch Super Value Pack, Artist Canvas Panels for Oil & Acrylic Painting</p><p>$29.99</p><a href="https://www.amazon.com/dp/B09CDKB9HY?tag=eloabder-20&linkCode=osi&th=1&psc=1">View Product</a></div><div class="product"><a href="https://www.amazon.com/dp/B0CFBGP29G?tag=eloabder-20&linkCode=osi&th=1&psc=1"><img src="https://m.media-amazon.com/images/I/3147Az5plbL._SL500_.jpg" alt="Product Image"></a><p>ArtSkills Stretched Canvases for Painting, 12x16 Canvas Painting Supplies for Artists, Blank Canvas Pack, 2-Pack</p><p>$16.99</p><a href="https://www.amazon.com/dp/B0CFBGP29G?tag=eloabder-20&linkCode=osi&th=1&psc=1">View Product</a></div><div class="product"><a href="https://www.amazon.com/dp/B07BNGQ1SS?tag=eloabder-20&linkCode=osi&th=1&psc=1"><img src="https://m.media-amazon.com/images/I/410ZVtygUwS._SL500_.jpg" alt="Product Image"></a><p>PHOENIX Stretched Canvas for Painting 8x10 Inch/10 Value Pack, 8 Oz Triple Primed 5/8 Inch Profile 100% Cotton White Blank Canvas, Artist Framed Canvas for Oil Acrylic & Pouring Art</p><p>$22.99</p><a href="https://www.amazon.com/dp/B07BNGQ1SS?tag=eloabder-20&linkCode=osi&th=1&psc=1">View Product</a></div><div class="product"><a href="https://www.amazon.com/dp/B0922JP1H4?tag=eloabder-20&linkCode=osi&th=1&psc=1"><img src="https://m.media-amazon.com/images/I/41BmiEND1KL._SL500_.jpg" alt="Product Image"></a><p>GOTIDEAL Canvases for Painting, 18 Pack Canvas Boards Multipack 4x4, 5x7, 8x10, 9x12,11x14,Primed White Blank Artist Canvas Variety Pack for Acrylic Paint, Oil Paint, Watercolor, Gouache</p><p>$19.99</p><a href="https://www.amazon.com/dp/B0922JP1H4?tag=eloabder-20&linkCode=osi&th=1&psc=1">View Product</a></div>


<div class="product"><a href="https://www.amazon.com/dp/B0872VFHBH?tag=eloabder-20&linkCode=osi&th=1&psc=1"><img src="https://m.media-amazon.com/images/I/51k3bekQheS._SL500_.jpg" alt="Product Image"></a><p>Bachmore Drawing Pad 9X12 Inch (110lb/180g), 60 Sheets, Top Spiral Bound Multi-Media for Artist Pro & Amateurs | Acrylic Art, Ink, Paint, Oil Pastels,Watercolor Mixed Media Sketch</p><p>$11.99</p><a href="https://www.amazon.com/dp/B0872VFHBH?tag=eloabder-20&linkCode=osi&th=1&psc=1">View Product</a></div><div class="product"><a href="https://www.amazon.com/dp/B0027A75A4?tag=eloabder-20&linkCode=osi&th=1&psc=1"><img src="https://m.media-amazon.com/images/I/51dyOxxcgYL._SL500_.jpg" alt="Product Image"></a><p>Strathmore 200 Series Sketch Pad, 9x12 inch, 100 Sheets, Tape Bound - Artist Sketchbook for Drawing, Illustration, Art Class Students</p><p>$6.99 ($0.07 / Count)</p><a href="https://www.amazon.com/dp/B0027A75A4?tag=eloabder-20&linkCode=osi&th=1&psc=1">View Product</a></div><div class="product"><a href="https://www.amazon.com/dp/B0BV13YQKX?tag=eloabder-20&linkCode=osi&th=1&psc=1"><img src="https://m.media-amazon.com/images/I/41VYfMpvXUL._SL500_.jpg" alt="Product Image"></a><p>Canson Graduate Watercolor Pad, Foldover, 9x12 inch, 20 Sheets | Artist Paper for Adults and Students - Painting, Gouache, Mixed Media and Ink</p><p>$4.97 ($0.41 / Count)</p><a href="https://www.amazon.com/dp/B0BV13YQKX?tag=eloabder-20&linkCode=osi&th=1&psc=1">View Product</a></div><div class="product"><a href="https://www.amazon.com/dp/B0024KMQ6K?tag=eloabder-20&linkCode=osi&th=1&psc=1"><img src="https://m.media-amazon.com/images/I/51sYdvPPUCL._SL500_.jpg" alt="Product Image"></a><p>Strathmore 400 Series Pastel Pad, Assorted Colors, 9"x12" Glue Bound, 24 Sheets</p><p>$9.11</p><a href="https://www.amazon.com/dp/B0024KMQ6K?tag=eloabder-20&linkCode=osi&th=1&psc=1">View Product</a></div><div class="product"><a href="https://www.amazon.com/dp/B00246O6PI?tag=eloabder-20&linkCode=osi&th=1&psc=1"><img src="https://m.media-amazon.com/images/I/517TUmckOIL._SL500_.jpg" alt="Product Image"></a><p>Strathmore 300 Series Drawing Paper Pad, Top Wire Bound, 11x14 inches, 50 Sheets (70lb/114g) - Artist Paper for Adults and Students - Charcoal, Colored Pencil, Ink, Pastel, Marker</p><p>$13.33</p><a href="https://www.amazon.com/dp/B00246O6PI?tag=eloabder-20&linkCode=osi&th=1&psc=1">View Product</a></div>
<div class="product"><a href="https://www.amazon.com/dp/B08ZMH7LJY?tag=eloabder-20&linkCode=osi&th=1&psc=1"><img src="https://m.media-amazon.com/images/I/51mJIsLJA-S._SL500_.jpg" alt="Product Image"></a><p>PANDAFLY Professional Drawing Sketching Pencil Set - 12 Pieces Graphite Pencils(14B - 2H), Ideal for Drawing Art, Sketching, Shading, Artist Pencils for Beginners & Pro Artists</p><p>$5.11</p><a href="https://www.amazon.com/dp/B08ZMH7LJY?tag=eloabder-20&linkCode=osi&th=1&psc=1">View Product</a></div><div class="product"><a href="https://www.amazon.com/dp/B088K1G5NL?tag=eloabder-20&linkCode=osi&th=1&psc=1"><img src="https://m.media-amazon.com/images/I/51F2bOMZWnL._SL500_.jpg" alt="Product Image"></a><p>MARKART Professional Drawing Sketching Pencil Set - 14 Pieces,Graphite,(12B - 4H), Ideal for Drawing Art, Sketching, Shading, Artist Pencils for Beginners & Pro Artists</p><p>$5.24</p><a href="https://www.amazon.com/dp/B088K1G5NL?tag=eloabder-20&linkCode=osi&th=1&psc=1">View Product</a></div><div class="product"><a href="https://www.amazon.com/dp/B08FHMRW4L?tag=eloabder-20&linkCode=osi&th=1&psc=1"><img src="https://m.media-amazon.com/images/I/51Pmn5gjyzL._SL500_.jpg" alt="Product Image"></a><p>Mr. Pen- Sketch Pencils for Drawing, 14 Pack, Drawing Pencils, Art Pencils, Graphite Pencils, Graphite Pencils for Drawing, Art Pencils for Drawing and Shading</p><p>$5.95</p><a href="https://www.amazon.com/dp/B08FHMRW4L?tag=eloabder-20&linkCode=osi&th=1&psc=1">View Product</a></div><div class="product"><a href="https://www.amazon.com/dp/B0BNQ58DC4?tag=eloabder-20&linkCode=osi&th=1&psc=1"><img src="https://m.media-amazon.com/images/I/51e-gQtCcCL._SL500_.jpg" alt="Product Image"></a><p>MARTCOLOR Drawing Sketching Pencils Set, 12 Pack Graphite Pencils(14B - 2H), Ideal for Drawing Art, Sketching, Shading, Artist Pencils for Beginners & Pro Artists</p><p>$5.99</p><a href="https://www.amazon.com/dp/B0BNQ58DC4?tag=eloabder-20&linkCode=osi&th=1&psc=1">View Product</a></div>

<div class="product"><a href="https://www.amazon.com/dp/B0851M3749?tag=eloabder-20&linkCode=osi&th=1&psc=1"><img src="https://m.media-amazon.com/images/I/41KKSGSDl5L._SL500_.jpg" alt="Product Image"></a><p>N NOROCME 12 PCS Blending Stumps and Tortillions Paper Art Blenders with Sandpaper Pencil Sharpener Pointer for Student Artist Charcoal Sketch Drawing Tools</p><p>$4.99</p><a href="https://www.amazon.com/dp/B0851M3749?tag=eloabder-20&linkCode=osi&th=1&psc=1">View Product</a></div><div class="product"><a href="https://www.amazon.com/dp/B09J3HKN8F?tag=eloabder-20&linkCode=osi&th=1&psc=1"><img src="https://m.media-amazon.com/images/I/51Qvx81eQLL._SL500_.jpg" alt="Product Image"></a><p>Eraser Pencils Set for Artists, Wooden Sketch Eraser Pen for Charcoal Drawings, Professional Highlight Painting Eraser for Sketching, Revise Erasing Details for Students Limner</p><p>$6.99</p><a href="https://www.amazon.com/dp/B09J3HKN8F?tag=eloabder-20&linkCode=osi&th=1&psc=1">View Product</a></div>
<div class="product"><a href="https://www.amazon.com/dp/B09WCQ89T8?tag=eloabder-20&linkCode=osi&th=1&psc=1"><img src="https://m.media-amazon.com/images/I/41gZz0qgBFL._SL500_.jpg" alt="Product Image"></a><p>Bernat BABY BLANKET BB Blue Dreams Yarn - 1 Pack of 10.5oz/300g - Polyester - #6 Super Bulky - 220 Yards - Knitting/Crochet</p><p>$6.97</p><a href="https://www.amazon.com/dp/B09WCQ89T8?tag=eloabder-20&linkCode=osi&th=1&psc=1">View Product</a></div><div class="product"><a href="https://www.amazon.com/dp/B07V5JVNFD?tag=eloabder-20&linkCode=osi&th=1&psc=1"><img src="https://m.media-amazon.com/images/I/41IS+HdtiOL._SL500_.jpg" alt="Product Image"></a><p>Lion Brand Yarn Basic Stitch Anti-Pilling Knitting Yarn, Yarn for Crocheting, 1-Pack, Baby Blue</p><p>$8.40 ($0.02 / Foot)</p><a href="https://www.amazon.com/dp/B07V5JVNFD?tag=eloabder-20&linkCode=osi&th=1&psc=1">View Product</a></div><div class="product"><a href="https://www.amazon.com/dp/B01M0AJID2?tag=eloabder-20&linkCode=osi&th=1&psc=1"><img src="https://m.media-amazon.com/images/I/41yVau0AUpL._SL500_.jpg" alt="Product Image"></a><p>Lion Brand Yarn (1 Skein) Lion Brand Yarn Babysoft Baby Yarn Yarn, Little Boy Blue Multicolor</p><p>$7.19 ($0.01 / Foot)</p><a href="https://www.amazon.com/dp/B01M0AJID2?tag=eloabder-20&linkCode=osi&th=1&psc=1">View Product</a></div><div class="product"><a href="https://www.amazon.com/dp/B09W1KHF42?tag=eloabder-20&linkCode=osi&th=1&psc=1"><img src="https://m.media-amazon.com/images/I/41maDlrio5L._SL500_.jpg" alt="Product Image"></a><p>Red Heart Super Saver Light Blue Yarn - 3 Pack of 198g/7oz - Acrylic - 4 Medium (Worsted) - 364 Yards - Knitting/Crochet</p><p>$13.29 ($4.43 / Count)</p><a href="https://www.amazon.com/dp/B09W1KHF42?tag=eloabder-20&linkCode=osi&th=1&psc=1">View Product</a></div><div class="product"><a href="https://www.amazon.com/dp/B08LKVZ3CX?tag=eloabder-20&linkCode=osi&th=1&psc=1"><img src="https://m.media-amazon.com/images/I/41GLizNx8UL._SL500_.jpg" alt="Product Image"></a><p>Bernat Baby Blanket Baby Blue Yarn - 3 Pack of 100g/3.5oz - Polyester - 6 Super Bulky - 72 Yards - Knitting/Crochet</p><p>$21.81</p><a href="https://www.amazon.com/dp/B08LKVZ3CX?tag=eloabder-20&linkCode=osi&th=1&psc=1">View Product</a></div><div class="product"><a href="https://www.amazon.com/dp/B0CHJ95WHJ?tag=eloabder-20&linkCode=osi&th=1&psc=1"><img src="https://m.media-amazon.com/images/I/314E1EQdihL._SL500_.jpg" alt="Product Image"></a><p>NORCIA Soft Velvet Yarn Chenille Yarn for Crocheting Baby Blanket Yarn for Knitting Amigurumi Yarn Fancy Yarn for Crochet Weaving Craft (Baby Blue, 1 Skein)</p><p>$9.99</p><a href="https://www.amazon.com/dp/B0CHJ95WHJ?tag=eloabder-20&linkCode=osi&th=1&psc=1">View Product</a></div>
<div class="product"><a href="https://www.amazon.com/dp/B0779F2TXJ?tag=eloabder-20&linkCode=osi&th=1&psc=1"><img src="https://m.media-amazon.com/images/I/31kqZr8DJzL._SL500_.jpg" alt="Product Image"></a><p>OPENDGO Feather Ballpoint Pen ，Black Ink Vintage Feather Quill Refined Plated Rod Quill Ballpoint Pen For School Writing ▏Wedding Gift Signature Pen (Black)</p><p>$6.97</p><a href="https://www.amazon.com/dp/B0779F2TXJ?tag=eloabder-20&linkCode=osi&th=1&psc=1">View Product</a></div><div class="product"><a href="https://www.amazon.com/dp/B0CQF3BJ3S?tag=eloabder-20&linkCode=osi&th=1&psc=1"><img src="https://m.media-amazon.com/images/I/41gs6AOiP6L._SL500_.jpg" alt="Product Image"></a><p>3 in 1 Retractable Ballpoint Pen with Light and Stylus, Nice Pens for Journaling Writing in The Dark - White/Red Light Tip- 0.7mm Black Ink</p><p>$12.99</p><a href="https://www.amazon.com/dp/B0CQF3BJ3S?tag=eloabder-20&linkCode=osi&th=1&psc=1">View Product</a></div><div class="product"><a href="https://www.amazon.com/dp/B08BBZ3B8G?tag=eloabder-20&linkCode=osi&th=1&psc=1"><img src="https://m.media-amazon.com/images/I/41cMHyw60wL._SL500_.jpg" alt="Product Image"></a><p>Mr. Pen- Pens, Black Pens, 12 Pack, Fast Dry, No Smear Pens, Bible Pens, Pens for Journaling, Pens No Bleed Through, Pens Fine Point, Journal Pens, Fine Tip, Planner Pens, Ball Point Journal Pens</p><p>$9.99</p><a href="https://www.amazon.com/dp/B08BBZ3B8G?tag=eloabder-20&linkCode=osi&th=1&psc=1">View Product</a></div><div class="product"><a href="https://www.amazon.com/dp/B0D4YWWGX6?tag=eloabder-20&linkCode=osi&th=1&psc=1"><img src="https://m.media-amazon.com/images/I/31xHBCCzJqL._SL500_.jpg" alt="Product Image"></a><p>PATIKIL 21cm/8" Feather Ballpoint Pen, 1Pcs Ink Vintage Quill Pen Refined Plated Dip Pen for Calligraphy Writing Signature Wedding Gift, Yellow</p><p>$7.49</p><a href="https://www.amazon.com/dp/B0D4YWWGX6?tag=eloabder-20&linkCode=osi&th=1&psc=1">View Product</a></div>

<div class="product"><a href="https://www.amazon.com/dp/B001TLDEVQ?tag=eloabder-20&linkCode=osi&th=1&psc=1"><img src="https://m.media-amazon.com/images/I/41jYF39F6lL._SL500_.jpg" alt="Product Image"></a><p>Beadalon SuppleMax Illusion Beading Cord, 0.40 mm / 0.016 in, Clear Monofilament, 50 m / 164 ft</p><p>$4.74</p><a href="https://www.amazon.com/dp/B001TLDEVQ?tag=eloabder-20&linkCode=osi&th=1&psc=1">View Product</a></div><div class="product"><a href="https://www.amazon.com/dp/B0D2HVFZ7Q?tag=eloabder-20&linkCode=osi&th=1&psc=1"><img src="https://m.media-amazon.com/images/I/41R66LMYz7L._SL500_.jpg" alt="Product Image"></a><p>Zxiixz 116Yards 0.5mm Bracelet String, Waxed String Cord for Bracelet Making, Beading Thread for Bracelet Beads, Friendship Bracelet String for Bracelet Making, Waxed Polyester Cord for Jewelry Making</p><p>$6.99</p><a href="https://www.amazon.com/dp/B0D2HVFZ7Q?tag=eloabder-20&linkCode=osi&th=1&psc=1">View Product</a></div><div class="product"><a href="https://www.amazon.com/dp/B07BNF8KH5?tag=eloabder-20&linkCode=osi&th=1&psc=1"><img src="https://m.media-amazon.com/images/I/51jVByheyVL._SL500_.jpg" alt="Product Image"></a><p>PH PandaHall 100 Yards 1mm Waxed Cotton Cord Thread Beading String for Bracelet Necklace Making Crafting Beading Macrame Vase Decor, Burlywood</p><p>$7.19 ($0.02 / Foot)</p><a href="https://www.amazon.com/dp/B07BNF8KH5?tag=eloabder-20&linkCode=osi&th=1&psc=1">View Product</a></div><div class="product"><a href="https://www.amazon.com/dp/B07HBPGXJG?tag=eloabder-20&linkCode=osi&th=1&psc=1"><img src="https://m.media-amazon.com/images/I/41xi8gO6kDL._SL500_.jpg" alt="Product Image"></a><p>Paxcoo 0.8mm Elastic String, Stretchy Bracelet String Crystal String Bead Cord for Bracelet, Beading and Jewelry Making (120m)</p><p>$6.99 ($0.02 / Foot)</p><a href="https://www.amazon.com/dp/B07HBPGXJG?tag=eloabder-20&linkCode=osi&th=1&psc=1">View Product</a></div><div class="product"><a href="https://www.amazon.com/dp/B0CNPST7D9?tag=eloabder-20&linkCode=osi&th=1&psc=1"><img src="https://m.media-amazon.com/images/I/41A9VISFC4L._SL500_.jpg" alt="Product Image"></a><p>Kblick Black Nylon String Cord - 1MM 100 Yards Black Twine, Bracelet String for Bracelet Making, Braided Ornament Lanyard Sting, Jewelry Thread Clay Bead String for Crafts, Macrame Satin Cord</p><p>$5.99 ($0.02 / Foot)</p><a href="https://www.amazon.com/dp/B0CNPST7D9?tag=eloabder-20&linkCode=osi&th=1&psc=1">View Product</a></div><div class="product"><a href="https://www.amazon.com/dp/B08GC3JF9X?tag=eloabder-20&linkCode=osi&th=1&psc=1"><img src="https://m.media-amazon.com/images/I/41FQZYhvQpL._SL500_.jpg" alt="Product Image"></a><p>Cheriswelry 100M 0.8mm Nylon Beading Cord Black Chinese Knotting Rattail Macrame Thread String Roll for Jewelry Making Kumihimo Wrapping Supplies DIY Crafts</p><p>$6.99 ($0.02 / Fl Oz)</p><a href="https://www.amazon.com/dp/B08GC3JF9X?tag=eloabder-20&linkCode=osi&th=1&psc=1">View Product</a></div><div class="product"><a href="https://www.amazon.com/dp/B0B3V9RWQC?tag=eloabder-20&linkCode=osi&th=1&psc=1"><img src="https://m.media-amazon.com/images/I/41F-OP+yCxL._SL500_.jpg" alt="Product Image"></a><p>Griffin Silk Bead Cord Perlseide – Black Color – Size 3 (0.50mm) – 2 Meters per Card – Stainless Steel Needle Attached – for Knotting Pearls, Gemstones, Crystals and Beads</p><p>$4.99 ($0.76 / Foot)</p><a href="https://www.amazon.com/dp/B0B3V9RWQC?tag=eloabder-20&linkCode=osi&th=1&psc=1">View Product</a></div><div class="product"><a href="https://www.amazon.com/dp/B08F49YVQP?tag=eloabder-20&linkCode=osi&th=1&psc=1"><img src="https://m.media-amazon.com/images/I/41yCMIpj0rS._SL500_.jpg" alt="Product Image"></a><p>1mm Stretchy Bracelet String, Sturdy Rainbow Elastic String Elastic Cord for Jewelry Making, Necklaces, Beading and Crafts</p><p>$6.99 ($0.04 / Foot)</p><a href="https://www.amazon.com/dp/B08F49YVQP?tag=eloabder-20&linkCode=osi&th=1&psc=1">View Product</a></div>

<div class="product"><a href="https://www.amazon.com/dp/B001GMUBJ6?tag=eloabder-20&linkCode=osi&th=1&psc=1"><img src="https://m.media-amazon.com/images/I/41V5qzn3H5L._SL500_.jpg" alt="Product Image"></a><p>The Beadsmith Fireline by Berkley – Micro-Fused Braided Thread – 6lb. Test, 006”/.15mm Diameter, 50 Yard Spool, Crystal Color – Super Strong Stringing Material for Jewelry Making and Bead Weaving</p><p>$12.59</p><a href="https://www.amazon.com/dp/B001GMUBJ6?tag=eloabder-20&linkCode=osi&th=1&psc=1">View Product</a></div><div class="product"><a href="https://www.amazon.com/dp/B001UAKK0Y?tag=eloabder-20&linkCode=osi&th=1&psc=1"><img src="https://m.media-amazon.com/images/I/41rY1D0wfuL._SL500_.jpg" alt="Product Image"></a><p>Beadalon Wildfire, 0.006 in, 0.15 mm, Break Strength 10 lb / 4.5 kg, Frost, 50 yd / 45 m</p><p>$8.85 ($0.06 / Foot)</p><a href="https://www.amazon.com/dp/B001UAKK0Y?tag=eloabder-20&linkCode=osi&th=1&psc=1">View Product</a></div><div class="product"><a href="https://www.amazon.com/dp/B095WY58F4?tag=eloabder-20&linkCode=osi&th=1&psc=1"><img src="https://m.media-amazon.com/images/I/41mXRfJqcjL._SL500_.jpg" alt="Product Image"></a><p>PH PandaHall 0.1mm Nylon Seed Bead Thread 100 Yards Black White Bracelet Cord Beading Thread Invisible Sewing Thread Nylon Braided Thread String for Leather Stitching Beading Jewelry Bracelets Making</p><p>$9.99 ($0.03 / Foot)</p><a href="https://www.amazon.com/dp/B095WY58F4?tag=eloabder-20&linkCode=osi&th=1&psc=1">View Product</a></div><div class="product"><a href="https://www.amazon.com/dp/B08RN2R2SZ?tag=eloabder-20&linkCode=osi&th=1&psc=1"><img src="https://m.media-amazon.com/images/I/41Tg2MMC++L._SL500_.jpg" alt="Product Image"></a><p>KO Nylon Beading Thread, White Color, Japanese Pre-Waxed 100% Nylon, 330TEX, Tangle Resistant Knotting Cords, 50m /55 yds Spool, Use for Seed Bead Projects, Loom Work & Bead Weaving</p><p>$7.06 ($0.04 / Foot)</p><a href="https://www.amazon.com/dp/B08RN2R2SZ?tag=eloabder-20&linkCode=osi&th=1&psc=1">View Product</a></div><div class="product"><a href="https://www.amazon.com/dp/B09J89ST79?tag=eloabder-20&linkCode=osi&th=1&psc=1"><img src="https://m.media-amazon.com/images/I/41hLuuOZeXL._SL500_.jpg" alt="Product Image"></a><p>2 Roll Polyester Thread, Heavy Duty Thread, 1500Yard/Reel 210D/3 nylon thread for sewing, Sewing Thread for Upholstery, Outdoor Market, Drapery, Leather, Beading, Crafts</p><p>$7.99 ($0.00 / Foot)</p><a href="https://www.amazon.com/dp/B09J89ST79?tag=eloabder-20&linkCode=osi&th=1&psc=1">View Product</a></div><div class="product"><a href="https://www.amazon.com/dp/B0C6MSY7QQ?tag=eloabder-20&linkCode=osi&th=1&psc=1"><img src="https://m.media-amazon.com/images/I/31Bn-MyA62L._SL500_.jpg" alt="Product Image"></a><p>PH PandaHall 0.1mm Nylon String 100 Yards Beading Thread White Nylon Seed Bead Thread Bracelet Beading Thread Sewing String for Leather Stitching Beading Jewelry Bracelets Making</p><p>$7.99 ($0.03 / Foot)</p><a href="https://www.amazon.com/dp/B0C6MSY7QQ?tag=eloabder-20&linkCode=osi&th=1&psc=1">View Product</a></div>

<div class="product"><a href="https://www.amazon.com/dp/B07NMNDT1W?tag=eloabder-20&linkCode=osi&th=1&psc=1"><img src="https://m.media-amazon.com/images/I/41-zwQIcVcL._SL500_.jpg" alt="Product Image"></a><p>Howemon White Beeswax Pellets 2LB 100% Pure and Natural Triple Filtered for Skin, Face, Body and Hair Care DIY Creams, Lotions, Lip Balm and Soap Making Supplies</p><p>$13.99 ($0.44 / Fl Oz)</p><a href="https://www.amazon.com/dp/B07NMNDT1W?tag=eloabder-20&linkCode=osi&th=1&psc=1">View Product</a></div><div class="product"><a href="https://www.amazon.com/dp/B00B3U0FW4?tag=eloabder-20&linkCode=osi&th=1&psc=1"><img src="https://m.media-amazon.com/images/I/51rWFCST+TL._SL500_.jpg" alt="Product Image"></a><p>Beesworks Yellow Beeswax Pellets (1 lb) | 100% Pure, Cosmetic Grade, Triple-Filtered Beeswax for DIY Skin care, Lip Balm, Lotion, and Candle Making</p><p>$13.99 ($0.87 / Ounce)</p><a href="https://www.amazon.com/dp/B00B3U0FW4?tag=eloabder-20&linkCode=osi&th=1&psc=1">View Product</a></div><div class="product"><a href="https://www.amazon.com/dp/B01LWX2IO1?tag=eloabder-20&linkCode=osi&th=1&psc=1"><img src="https://m.media-amazon.com/images/I/41MlNqhDyCL._SL500_.jpg" alt="Product Image"></a><p>Beesworks Yellow Beeswax Bars (6 oz) | 100% Pure, Cosmetic Grade, Triple-Filtered Beeswax for DIY Skin Care, Lip Balm, Lotion and Candle Making (1 oz Bars - Pack of 6)</p><p>$6.99</p><a href="https://www.amazon.com/dp/B01LWX2IO1?tag=eloabder-20&linkCode=osi&th=1&psc=1">View Product</a></div><div class="product"><a href="https://www.amazon.com/dp/B0BV77F19N?tag=eloabder-20&linkCode=osi&th=1&psc=1"><img src="https://m.media-amazon.com/images/I/41xzHaO1-EL._SL500_.jpg" alt="Product Image"></a><p>Beeswax Pellets 10LB Cosmetic Beeswax Triple Filtered Beeswax Pastilles for Candle Making Great for DIY Projects Creams Lotions Lip Balm and Soap Making Supplies(10LB)</p><p>$32.99</p><a href="https://www.amazon.com/dp/B0BV77F19N?tag=eloabder-20&linkCode=osi&th=1&psc=1">View Product</a></div><div class="product"><a href="https://www.amazon.com/dp/B0C9QSG3CY?tag=eloabder-20&linkCode=osi&th=1&psc=1"><img src="https://m.media-amazon.com/images/I/414XQcU6SRL._SL500_.jpg" alt="Product Image"></a><p>YASNAY White Beeswax Pellets 2LB, 100% Organic Beeswax, Beeswax for Candle Making, Body, Skin Care DIY, Lip Balm and Soap Making Supplies</p><p>$11.99</p><a href="https://www.amazon.com/dp/B0C9QSG3CY?tag=eloabder-20&linkCode=osi&th=1&psc=1">View Product</a></div><div class="product"><a href="https://www.amazon.com/dp/B097HTC4WN?tag=eloabder-20&linkCode=osi&th=1&psc=1"><img src="https://m.media-amazon.com/images/I/51pwMM7C6-L._SL500_.jpg" alt="Product Image"></a><p>Eco Lux 8 Yellow Beeswax Blocks 100% Pure Natural Organic Bees Wax 6.5oz</p><p>$8.49 ($1.35 / Ounce)</p><a href="https://www.amazon.com/dp/B097HTC4WN?tag=eloabder-20&linkCode=osi&th=1&psc=1">View Product</a></div><div class="product"><a href="https://www.amazon.com/dp/B00HDHQQCE?tag=eloabder-20&linkCode=osi&th=1&psc=1"><img src="https://m.media-amazon.com/images/I/41vF-7MwNhL._SL500_.jpg" alt="Product Image"></a><p>Murray's 100% Pure Beeswax 4 oz</p><p>$5.98 ($1.50 / Ounce)</p><a href="https://www.amazon.com/dp/B00HDHQQCE?tag=eloabder-20&linkCode=osi&th=1&psc=1">View Product</a></div><div class="product"><a href="https://www.amazon.com/dp/B09YM8JTLM?tag=eloabder-20&linkCode=osi&th=1&psc=1"><img src="https://m.media-amazon.com/images/I/41cjNuBnFEL._SL500_.jpg" alt="Product Image"></a><p>TRINIDa Beeswax Pellets 2LB(32 oz), 100% Organic Yellow Bees Wax for DIY Candles, Beeswax for Candle Making, Skin, Body, Face, and Hair Care, Lotions, DIY Creams, Lip Balm and Soap Making Supplies</p><p>$11.99</p><a href="https://www.amazon.com/dp/B09YM8JTLM?tag=eloabder-20&linkCode=osi&th=1&psc=1">View Product</a></div><div class="product"><a href="https://www.amazon.com/dp/B00F3CNMV4?tag=eloabder-20&linkCode=osi&th=1&psc=1"><img src="https://m.media-amazon.com/images/I/31pjrRAEa4L._SL500_.jpg" alt="Product Image"></a><p>Stakich Yellow Beeswax Block - Natural, Triple Filtered - 1 Pound, Honey Scent</p><p>$13.95 ($0.87 / Ounce)</p><a href="https://www.amazon.com/dp/B00F3CNMV4?tag=eloabder-20&linkCode=osi&th=1&psc=1">View Product</a></div><div class="product"><a href="https://www.amazon.com/dp/B0BXFZBZS9?tag=eloabder-20&linkCode=osi&th=1&psc=1"><img src="https://m.media-amazon.com/images/I/4178i9IB9KL._SL500_.jpg" alt="Product Image"></a><p>5LB Beeswax Pellets Beeswax for Candle Making Organic Beeswax Pellets for Skin Beeswax Beads Beeswax Bulk Beeswax for Lotion Making Organic for DIY and Craft Project</p><p>$22.99</p><a href="https://www.amazon.com/dp/B0BXFZBZS9?tag=eloabder-20&linkCode=osi&th=1&psc=1">View Product</a></div>
<div class="product"><a href="https://www.amazon.com/dp/B0052F1BVK?tag=eloabder-20&linkCode=osi&th=1&psc=1"><img src="https://m.media-amazon.com/images/I/41zE9eiGoLL._SL500_.jpg" alt="Product Image"></a><p>ACC Staples Large Binder Clips, 2" Width, 1" Capacity, Black, 12/Pk</p><p>$6.30</p><a href="https://www.amazon.com/dp/B0052F1BVK?tag=eloabder-20&linkCode=osi&th=1&psc=1">View Product</a></div><div class="product"><a href="https://www.amazon.com/dp/B07MLFR771?tag=eloabder-20&linkCode=osi&th=1&psc=1"><img src="https://m.media-amazon.com/images/I/51N2wxA7N0L._SL500_.jpg" alt="Product Image"></a><p>CooBigo 50 Pack Binder Ring, Metal Book Ring Paper Ring Holder 5/8-Inch Loose Leaf Binder Ring Clip for Index Card, Flash Card Ring, Card Calendar, Keychain Key Ring - Bronze</p><p>$6.99</p><a href="https://www.amazon.com/dp/B07MLFR771?tag=eloabder-20&linkCode=osi&th=1&psc=1">View Product</a></div><div class="product"><a href="https://www.amazon.com/dp/B01563NHGY?tag=eloabder-20&linkCode=osi&th=1&psc=1"><img src="https://m.media-amazon.com/images/I/41gj+0ZftqL._SL500_.jpg" alt="Product Image"></a><p>vanki Pack of 40 Cute Lovely Smiling Face Spring-Loaded File Organizer Paper Holder Metal Binder Clips, Assorted Color</p><p>$8.99</p><a href="https://www.amazon.com/dp/B01563NHGY?tag=eloabder-20&linkCode=osi&th=1&psc=1">View Product</a></div><div class="product"><a href="https://www.amazon.com/dp/B000GOUDSO?tag=eloabder-20&linkCode=osi&th=1&psc=1"><img src="https://m.media-amazon.com/images/I/41ZANISHgML._SL500_.jpg" alt="Product Image"></a><p>Small Binder Clips .75" 8/Pkg-Assorted Colors</p><p>$4.46</p><a href="https://www.amazon.com/dp/B000GOUDSO?tag=eloabder-20&linkCode=osi&th=1&psc=1">View Product</a></div>
<div class="product"><a href="https://www.amazon.com/dp/B07PRPX4VR?tag=eloabder-20&linkCode=osi&th=1&psc=1"><img src="https://m.media-amazon.com/images/I/41IMH12fdPL._SL500_.jpg" alt="Product Image"></a><p>Durable Sheet Lifters, Durable Easy Flow, 11" x 3", Lifts Sheets Over Rings and Protects Sheets from Tearing, Fit Standard 3-Ring Binders, Black (20 Pack)</p><p>$14.99</p><a href="https://www.amazon.com/dp/B07PRPX4VR?tag=eloabder-20&linkCode=osi&th=1&psc=1">View Product</a></div><div class="product"><a href="https://www.amazon.com/dp/B0CM8QJHFW?tag=eloabder-20&linkCode=osi&th=1&psc=1"><img src="https://m.media-amazon.com/images/I/31cJGS74oCL._SL500_.jpg" alt="Product Image"></a><p>Wantane D-Shaped Tape Storage Ring Tape Storage Ring 4" D-Shaped Washi Tape Storage Ring for DIY Decoration and Storage（Nickel）-2PCS</p><p>$7.99</p><a href="https://www.amazon.com/dp/B0CM8QJHFW?tag=eloabder-20&linkCode=osi&th=1&psc=1">View Product</a></div>
<div class="product"><a href="https://www.amazon.com/dp/B00006IAS3?tag=eloabder-20&linkCode=osi&th=1&psc=1"><img src="https://m.media-amazon.com/images/I/317DvSXhT1L._SL500_.jpg" alt="Product Image"></a><p>GBC Binding System, Manual, Desktop Binding Punch, 6 Sheet Punch Capacity, ProClick P50 (2515650)</p><p>$123.89</p><a href="https://www.amazon.com/dp/B00006IAS3?tag=eloabder-20&linkCode=osi&th=1&psc=1">View Product</a></div><div class="product"><a href="https://www.amazon.com/dp/B004BP81KQ?tag=eloabder-20&linkCode=osi&th=1&psc=1"><img src="https://m.media-amazon.com/images/I/51SqfeZ12KL._SL500_.jpg" alt="Product Image"></a><p>We R Memory Keepers Cinch Book Binding Wire (1-Inch, Silver (2 Pack))</p><p>$5.99</p><a href="https://www.amazon.com/dp/B004BP81KQ?tag=eloabder-20&linkCode=osi&th=1&psc=1">View Product</a></div>

<div class="product"><a href="https://www.amazon.com/dp/B0007ZJ8TM?tag=eloabder-20&linkCode=osi&th=1&psc=1"><img src="https://m.media-amazon.com/images/I/41i49sz3UAL._SL500_.jpg" alt="Product Image"></a><p>Speedball Super Black India Ink, 2-Ounce</p><p>$9.99 ($9.99 / Count)</p><a href="https://www.amazon.com/dp/B0007ZJ8TM?tag=eloabder-20&linkCode=osi&th=1&psc=1">View Product</a></div><div class="product"><a href="https://www.amazon.com/dp/B0026I10AI?tag=eloabder-20&linkCode=osi&th=1&psc=1"><img src="https://m.media-amazon.com/images/I/31vklP4uBsL._SL500_.jpg" alt="Product Image"></a><p>Dr. Ph. Martin's Bombay India (7BY) Ink Bottle, 1.0 oz, Black</p><p>$6.99</p><a href="https://www.amazon.com/dp/B0026I10AI?tag=eloabder-20&linkCode=osi&th=1&psc=1">View Product</a></div><div class="product"><a href="https://www.amazon.com/dp/B000KNP96C?tag=eloabder-20&linkCode=osi&th=1&psc=1"><img src="https://m.media-amazon.com/images/I/51e9srYtG0L._SL500_.jpg" alt="Product Image"></a><p>Winsor & Newton Drawing Ink, 14ml Bottle, Black Indian</p><p>$10.99</p><a href="https://www.amazon.com/dp/B000KNP96C?tag=eloabder-20&linkCode=osi&th=1&psc=1">View Product</a></div><div class="product"><a href="https://www.amazon.com/dp/B07BQG5QF4?tag=eloabder-20&linkCode=osi&th=1&psc=1"><img src="https://m.media-amazon.com/images/I/41nEMDYZaiL._SL500_.jpg" alt="Product Image"></a><p>Speedball Super Black India Ink, 16-Ounce</p><p>$19.99</p><a href="https://www.amazon.com/dp/B07BQG5QF4?tag=eloabder-20&linkCode=osi&th=1&psc=1">View Product</a></div><div class="product"><a href="https://www.amazon.com/dp/B001038NLY?tag=eloabder-20&linkCode=osi&th=1&psc=1"><img src="https://m.media-amazon.com/images/I/418i4sxJJ0L._SL500_.jpg" alt="Product Image"></a><p>Speedball Fabric Screen Printing Ink, 8-Ounce, Black for T-Shirt and Silkscreen Printmaking</p><p>$12.99 ($1.62 / Fl Oz)</p><a href="https://www.amazon.com/dp/B001038NLY?tag=eloabder-20&linkCode=osi&th=1&psc=1">View Product</a></div><div class="product"><a href="https://www.amazon.com/dp/B00161OPSA?tag=eloabder-20&linkCode=osi&th=1&psc=1"><img src="https://m.media-amazon.com/images/I/41C32y3CJAL._SL500_.jpg" alt="Product Image"></a><p>Tsukineko VersaFine inkpad, Full-Size, Onyx Black</p><p>$4.99 ($4.99 / Count)</p><a href="https://www.amazon.com/dp/B00161OPSA?tag=eloabder-20&linkCode=osi&th=1&psc=1">View Product</a></div>
<div class="product"><a href="https://www.amazon.com/dp/B07Q4TJCDJ?tag=eloabder-20&linkCode=osi&th=1&psc=1"><img src="https://m.media-amazon.com/images/I/315HYvYg-BL._SL500_.jpg" alt="Product Image"></a><p>Primbeeks 300pcs Blank Business Cards, Premium Blank White Cards, 3.5" x 2.2" Small Blank Cards, Blank Cardstock Cards, Small Note Cards, white blank cards, white business cards, kraft paper cards</p><p>$7.99</p><a href="https://www.amazon.com/dp/B07Q4TJCDJ?tag=eloabder-20&linkCode=osi&th=1&psc=1">View Product</a></div><div class="product"><a href="https://www.amazon.com/dp/B0CRGHFLT8?tag=eloabder-20&linkCode=osi&th=1&psc=1"><img src="https://m.media-amazon.com/images/I/41S1NLpb8hL._SL500_.jpg" alt="Product Image"></a><p>Watercolor Cards and Envelopes Set - 50 Folded 5x7 Inch Blank Heavyweight Paper Cards (140lb/300gsm) with Matching Envelopes for DIY Greeting Cards, Festivals, and Events</p><p>$17.99 ($0.36 / Count)</p><a href="https://www.amazon.com/dp/B0CRGHFLT8?tag=eloabder-20&linkCode=osi&th=1&psc=1">View Product</a></div><div class="product"><a href="https://www.amazon.com/dp/B08MX4TZ3H?tag=eloabder-20&linkCode=osi&th=1&psc=1"><img src="https://m.media-amazon.com/images/I/41D2u4vdLQL._SL500_.jpg" alt="Product Image"></a><p>50 Pack Blank Kraft Cards Cardstock Thick Paper Brown Greeting Cards for DIY Gift Card Menus, Baby Shower and Wedding Invitations (Multicolored, 5x7IN)</p><p>$8.99</p><a href="https://www.amazon.com/dp/B08MX4TZ3H?tag=eloabder-20&linkCode=osi&th=1&psc=1">View Product</a></div><div class="product"><a href="https://www.amazon.com/dp/B08BDGGVMK?tag=eloabder-20&linkCode=osi&th=1&psc=1"><img src="https://m.media-amazon.com/images/I/41W-dTUoBqL._SL500_.jpg" alt="Product Image"></a><p>100pcs 3.54"x2" Blank Kraft Paper Business Card, Words Message Notes paper Tags, Mini Craft Cardboard Festival gifts - 6 colors</p><p>$5.98</p><a href="https://www.amazon.com/dp/B08BDGGVMK?tag=eloabder-20&linkCode=osi&th=1&psc=1">View Product</a></div><div class="product"><a href="https://www.amazon.com/dp/B08BFDJJ78?tag=eloabder-20&linkCode=osi&th=1&psc=1"><img src="https://m.media-amazon.com/images/I/61LZ1Csb+dL._SL500_.jpg" alt="Product Image"></a><p>Nettbe 100pcs 3.54"x2" Blank Kraft Paper Business Card, Words Message Notes paper Tags, Mini Craft Cardboard Festival gifts</p><p>$5.99</p><a href="https://www.amazon.com/dp/B08BFDJJ78?tag=eloabder-20&linkCode=osi&th=1&psc=1">View Product</a></div><div class="product"><a href="https://www.amazon.com/dp/B07Q8YBJM3?tag=eloabder-20&linkCode=osi&th=1&psc=1"><img src="https://m.media-amazon.com/images/I/31w6U4cCqEL._SL500_.jpg" alt="Product Image"></a><p>Primbeeks 228pcs Blank Business Cards, Premium Blank White Cards, 3.5" x 2.2" Small Blank Cards, Blank Cardstock Cards, Small Note Cards, white blank cards, white business cards, kraft paper cards</p><p>$5.99</p><a href="https://www.amazon.com/dp/B07Q8YBJM3?tag=eloabder-20&linkCode=osi&th=1&psc=1">View Product</a></div><div class="product"><a href="https://www.amazon.com/dp/B08X4Z9TGN?tag=eloabder-20&linkCode=osi&th=1&psc=1"><img src="https://m.media-amazon.com/images/I/41Jqhe35tDL._SL500_.jpg" alt="Product Image"></a><p>321Done Blank Rustic Cards, Made in USA - 4x6 Thick, Heavy Cardstock - Make Invites, Greeting, Note, Thank You Cards - Plain Kraft for Writing, Stamping, Printing, Art - No Envelopes - Set of 50</p><p>$14.99</p><a href="https://www.amazon.com/dp/B08X4Z9TGN?tag=eloabder-20&linkCode=osi&th=1&psc=1">View Product</a></div><div class="product"><a href="https://www.amazon.com/dp/B0D2KDWBNM?tag=eloabder-20&linkCode=osi&th=1&psc=1"><img src="https://m.media-amazon.com/images/I/31dAhnBJ7aL._SL500_.jpg" alt="Product Image"></a><p>4x6 Blank White Cardstock (Set of 100) - Card Stock for Printer Postcards, Photo Paper Invitations, Greeting, Note, Thank You, DIY Making, Index Cards - Plain for Writing, Stamping, Printing, Art</p><p>$8.99</p><a href="https://www.amazon.com/dp/B0D2KDWBNM?tag=eloabder-20&linkCode=osi&th=1&psc=1">View Product</a></div><div class="product"><a href="https://www.amazon.com/dp/B0BB858RYN?tag=eloabder-20&linkCode=osi&th=1&psc=1"><img src="https://m.media-amazon.com/images/I/317zmriPKNL._SL500_.jpg" alt="Product Image"></a><p>WANDERINGS Handmade White Deckle Edge Blank Greeting Cards- Folded to 5x7” - Pack of 25 - Writers, Artists, Crafters - Thank Yous, Invitations, Menus, Greeting Cards, Notes - Thick 150 GSM</p><p>$21.99 ($0.88 / Count)</p><a href="https://www.amazon.com/dp/B0BB858RYN?tag=eloabder-20&linkCode=osi&th=1&psc=1">View Product</a></div><div class="product"><a href="https://www.amazon.com/dp/B0BZPPXRZW?tag=eloabder-20&linkCode=osi&th=1&psc=1"><img src="https://m.media-amazon.com/images/I/21Da-WQhrpL._SL500_.jpg" alt="Product Image"></a><p>100 Pack Thick Paper Cardstock Blank Heavy Cards Stock for Invitations, Greeting Cards Making, Postcards, Photos, 250GSM Thick Paper (White, 2x3.5 inches)</p><p>$5.99</p><a href="https://www.amazon.com/dp/B0BZPPXRZW?tag=eloabder-20&linkCode=osi&th=1&psc=1">View Product</a></div>
<div class="product"><a href="https://www.amazon.com/dp/B0BZRDQKH6?tag=eloabder-20&linkCode=osi&th=1&psc=1"><img src="https://m.media-amazon.com/images/I/41GYYRiusgL._SL500_.jpg" alt="Product Image"></a><p>feela 8 Pack Unlined Kraft Paper Notebooks, Blank Journal Note Pad for Drawing Writing, Small Sketchbook Travel Journal Bulk for Women Kids Students Office School Supplies, A5, 60 Pages, 8.3” X 5.5”</p><p>$9.99</p><a href="https://www.amazon.com/dp/B0BZRDQKH6?tag=eloabder-20&linkCode=osi&th=1&psc=1">View Product</a></div><div class="product"><a href="https://www.amazon.com/dp/B0BXLB74KK?tag=eloabder-20&linkCode=osi&th=1&psc=1"><img src="https://m.media-amazon.com/images/I/313vYzg7HpL._SL500_.jpg" alt="Product Image"></a><p>ZZTX 4 Pack Blank Kraft Notebooks, Blank Paper Sketchbooks for Drawing Doodling Writing,Travel Journal Set, A5, 36 Pages, 8.3” X 5.5”</p><p>$5.99</p><a href="https://www.amazon.com/dp/B0BXLB74KK?tag=eloabder-20&linkCode=osi&th=1&psc=1">View Product</a></div><div class="product"><a href="https://www.amazon.com/dp/B0BW5TNPXJ?tag=eloabder-20&linkCode=osi&th=1&psc=1"><img src="https://m.media-amazon.com/images/I/31Wu8UP78iL._SL500_.jpg" alt="Product Image"></a><p>EOOUT Kraft Notebooks, Blank Page Journals in Bulk, 16pcs A5, 8.3 X 5.5 Inches, 60 Pages, 80gsm, Travel Journal Set, for Art Camp, Travelers, Students and Office Supplies Sketchbooks Bulk for Kids</p><p>$15.99</p><a href="https://www.amazon.com/dp/B0BW5TNPXJ?tag=eloabder-20&linkCode=osi&th=1&psc=1">View Product</a></div><div class="product"><a href="https://www.amazon.com/dp/B08P3F46SD?tag=eloabder-20&linkCode=osi&th=1&psc=1"><img src="https://m.media-amazon.com/images/I/41jeBDcZJ1L._SL500_.jpg" alt="Product Image"></a><p>Krafty Soft Cover Blank Notebook Journal, Spiral Sketchbook Pad, Drawing Book, 60 Sheets/140gsm (A4)/120 Pages</p><p>$7.99</p><a href="https://www.amazon.com/dp/B08P3F46SD?tag=eloabder-20&linkCode=osi&th=1&psc=1">View Product</a></div><div class="product"><a href="https://www.amazon.com/dp/B0CWNPMC4T?tag=eloabder-20&linkCode=osi&th=1&psc=1"><img src="https://m.media-amazon.com/images/I/31BZeVGe6TL._SL500_.jpg" alt="Product Image"></a><p>zmybcpack 5 Pack Blank Journal Notebooks, Blank Paper Sketchbook for Drawing Writing, Travel Journal Notebook Kraft Paper Notebook for Travelers, Students, Office, A5, 8.26” x 5.5”, 60 Pages/30 Sheets</p><p>$8.99</p><a href="https://www.amazon.com/dp/B0CWNPMC4T?tag=eloabder-20&linkCode=osi&th=1&psc=1">View Product</a></div><div class="product"><a href="https://www.amazon.com/dp/B07WHYP9WN?tag=eloabder-20&linkCode=osi&th=1&psc=1"><img src="https://m.media-amazon.com/images/I/41ZhyCux1yL._SL500_.jpg" alt="Product Image"></a><p>Thick Blank Journal Notebook with Unlined / Unruled / Plain Pages | Deluxe 120gsm Ink Resistant Paper for Writing, Sketch Book, 160 Pages | Hardcover Sketchbook with Pen Holder, Pocket, Ribbon (Black)</p><p>$14.99</p><a href="https://www.amazon.com/dp/B07WHYP9WN?tag=eloabder-20&linkCode=osi&th=1&psc=1">View Product</a></div>
<div class="product"><a href="https://www.amazon.com/dp/B07MT7HKZW?tag=eloabder-20&linkCode=osi&th=1&psc=1"><img src="https://m.media-amazon.com/images/I/413JwH5JREL._SL500_.jpg" alt="Product Image"></a><p>Spiral Sketch Book Large Notebook（Built-in Drawing Board） Kraft Cover Blank Sketch Pad Wirebound Sketching for Drawing Painting 8.5x11-Inch (2 Pack) 200 Sheets, 100 Sheets, 200Pages Each</p><p>$17.99 ($9.00 / Count)</p><a href="https://www.amazon.com/dp/B07MT7HKZW?tag=eloabder-20&linkCode=osi&th=1&psc=1">View Product</a></div><div class="product"><a href="https://www.amazon.com/dp/B0BDQ82WB9?tag=eloabder-20&linkCode=osi&th=1&psc=1"><img src="https://m.media-amazon.com/images/I/51FoWr3GPwL._SL500_.jpg" alt="Product Image"></a><p>feela 170 Pack Blank Kraft Notebooks, Unlined Sketchbook Mini Cute Note Pad for Drawing Writing, Journal Bulk For Kids Students Office School Supplies, A6, 48 Pages, 4.25” X 5.5”, Black and Brown</p><p>$51.99</p><a href="https://www.amazon.com/dp/B0BDQ82WB9?tag=eloabder-20&linkCode=osi&th=1&psc=1">View Product</a></div><div class="product"><a href="https://www.amazon.com/dp/B0B3WWHWT2?tag=eloabder-20&linkCode=osi&th=1&psc=1"><img src="https://m.media-amazon.com/images/I/31m0FzXtPxL._SL500_.jpg" alt="Product Image"></a><p>Tamaki 6 Pack Colorful Blank Books for kids to Write, Drawing, Cute Sketchbook for Kid, 6 Colors (4.25 x 5.5 Inches)</p><p>$6.99</p><a href="https://www.amazon.com/dp/B0B3WWHWT2?tag=eloabder-20&linkCode=osi&th=1&psc=1">View Product</a></div>
<div class="product"><a href="https://www.amazon.com/dp/B0BGH2P9M6?tag=eloabder-20&linkCode=osi&th=1&psc=1"><img src="https://m.media-amazon.com/images/I/41ozOaYoHEL._SL500_.jpg" alt="Product Image"></a><p>EOOUT 100pcs A5 Kraft Notebooks, Blank Page Journals in Bulk, Sketchbooks Bulk for Kids, 60 Pages, 80GSM, 8.3 X 5.5 Inch, Travel Journal Set, for Art Camp, Travelers, Students and Office Supplies</p><p>$51.99</p><a href="https://www.amazon.com/dp/B0BGH2P9M6?tag=eloabder-20&linkCode=osi&th=1&psc=1">View Product</a></div><div class="product"><a href="https://www.amazon.com/dp/B07MT99F94?tag=eloabder-20&linkCode=osi&th=1&psc=1"><img src="https://m.media-amazon.com/images/I/41Ug7gpSWDL._SL500_.jpg" alt="Product Image"></a><p>Spiral Sketch Book Large Notebook（Built-in Drawing Board） Kraft Cover Blank Sketch Pad Wirebound Sketching for Drawing Painting 8.5x11-Inch (1 Pack) 200 Pages, 100 Sheets</p><p>$9.99</p><a href="https://www.amazon.com/dp/B07MT99F94?tag=eloabder-20&linkCode=osi&th=1&psc=1">View Product</a></div><div class="product"><a href="https://www.amazon.com/dp/B07CM32KLM?tag=eloabder-20&linkCode=osi&th=1&psc=1"><img src="https://m.media-amazon.com/images/I/41ENhBLE9DL._SL500_.jpg" alt="Product Image"></a><p>Kraft Cover Drawing Notebook & Sketchbook – Set of 2 Blank Plain Sketch Books – 125g Thick Paper A5 Size, 150x210mm Paper Ideal for Drawing & Sketching- 128 sheets/256 pages – 180 Degree Opening, 2pcs</p><p>$20.99 ($0.08 / Count)</p><a href="https://www.amazon.com/dp/B07CM32KLM?tag=eloabder-20&linkCode=osi&th=1&psc=1">View Product</a></div><div class="product"><a href="https://www.amazon.com/dp/B08ZLMLF7C?tag=eloabder-20&linkCode=osi&th=1&psc=1"><img src="https://m.media-amazon.com/images/I/41X-5yj83vL._SL500_.jpg" alt="Product Image"></a><p>BEECHMORE BOOKS Sketch Book, A4 8.5 x 11.5 inch Blank Sketchbook for Drawing, Paint and Draw, 156 Pages Thick Paper 160gsm, Hardcover Leather Art Notebook, Boxed for Gifts (Chestnut Brown)</p><p>$21.20</p><a href="https://www.amazon.com/dp/B08ZLMLF7C?tag=eloabder-20&linkCode=osi&th=1&psc=1">View Product</a></div>
<div class="product"><a href="https://www.amazon.com/dp/B075M9MSFH?tag=eloabder-20&linkCode=osi&th=1&psc=1"><img src="https://m.media-amazon.com/images/I/51x+szTX6TL._SL500_.jpg" alt="Product Image"></a><p>Bianyo Bleedproof Marker Paper Pad, A4(8.27"X11.69"), 50 Sheets, 18 LB / 70 GSM, Glue-Bound, 100% Cotton, White, Ideal for Use with Markers and Ink Mediums</p><p>$9.99</p><a href="https://www.amazon.com/dp/B075M9MSFH?tag=eloabder-20&linkCode=osi&th=1&psc=1">View Product</a></div><div class="product"><a href="https://www.amazon.com/dp/B08FX5S2NL?tag=eloabder-20&linkCode=osi&th=1&psc=1"><img src="https://m.media-amazon.com/images/I/41CA0ZfazKL._SL500_.jpg" alt="Product Image"></a><p>Marker Paper Sketchbook, Bleedproof Art Marker Pad, (8.27 X 11.69) Inch, White, 40 Sheets</p><p>$6.99</p><a href="https://www.amazon.com/dp/B08FX5S2NL?tag=eloabder-20&linkCode=osi&th=1&psc=1">View Product</a></div><div class="product"><a href="https://www.amazon.com/dp/B0CJRBFSJ8?tag=eloabder-20&linkCode=osi&th=1&psc=1"><img src="https://m.media-amazon.com/images/I/51DLA8TpwEL._SL500_.jpg" alt="Product Image"></a><p>Shuttle Art Marker Pad, 8.3”x8.9” Portable Square Sketchbook, 80 Sheets Marker Drawing Paper, 120LB/200GSM Bleedproof Art Paper, Spiral-Bound, Great for Professional Artist to Draw, Paint & Sketch</p><p>$16.99</p><a href="https://www.amazon.com/dp/B0CJRBFSJ8?tag=eloabder-20&linkCode=osi&th=1&psc=1">View Product</a></div><div class="product"><a href="https://www.amazon.com/dp/B09N7VX5Z5?tag=eloabder-20&linkCode=osi&th=1&psc=1"><img src="https://m.media-amazon.com/images/I/51xCPs9HZyL._SL500_.jpg" alt="Product Image"></a><p>Marker Paper Sketchbook - Marker Sketchbook with Bleedproof Smooth Coated Art Paper, 120 GSM 80 LBS - Marker Pad for Alcohol Markers, Sketching, Drawing - 8.11 x 8.5 Inch | 50 Sheets, 2 Pack</p><p>$15.99 ($8.00 / Count)</p><a href="https://www.amazon.com/dp/B09N7VX5Z5?tag=eloabder-20&linkCode=osi&th=1&psc=1">View Product</a></div><div class="product"><a href="https://www.amazon.com/dp/B07CK94W9T?tag=eloabder-20&linkCode=osi&th=1&psc=1"><img src="https://m.media-amazon.com/images/I/41ocoSNDjdL._SL500_.jpg" alt="Product Image"></a><p>BOXUN Premium 50 Sheets Sketch Marker Paper Pad, Bleedproof Artist Drawing Paper, 8.27 x 11.69 Inch</p><p>$8.29 ($0.17 / Count)</p><a href="https://www.amazon.com/dp/B07CK94W9T?tag=eloabder-20&linkCode=osi&th=1&psc=1">View Product</a></div><div class="product"><a href="https://www.amazon.com/dp/B0CPXWD11W?tag=eloabder-20&linkCode=osi&th=1&psc=1"><img src="https://m.media-amazon.com/images/I/51ApKzpDVNL._SL500_.jpg" alt="Product Image"></a><p>FEITAKE Marker Paper Pad Sketchbook Bleedproof for Alcohol Markers 120lb/200gsm Double Sided Thick Art Drawing Papers 60pages (30Sheets) / A4(8.3"x11.7") Gift for Artists Students Kids</p><p>$13.99 ($0.47 / Count)</p><a href="https://www.amazon.com/dp/B0CPXWD11W?tag=eloabder-20&linkCode=osi&th=1&psc=1">View Product</a></div><div class="product"><a href="https://www.amazon.com/dp/B0025TWYW6?tag=eloabder-20&linkCode=osi&th=1&psc=1"><img src="https://m.media-amazon.com/images/I/51t6UkUHCvL._SL500_.jpg" alt="Product Image"></a><p>Bee Paper Bleedproof Marker Pack, 8-1/2-Inch by 11-Inch, 50 Sheets per Pack</p><p>$17.09 ($0.34 / Count)</p><a href="https://www.amazon.com/dp/B0025TWYW6?tag=eloabder-20&linkCode=osi&th=1&psc=1">View Product</a></div><div class="product"><a href="https://www.amazon.com/dp/B0CJRBYYQB?tag=eloabder-20&linkCode=osi&th=1&psc=1"><img src="https://m.media-amazon.com/images/I/41knBnjZ25L._SL500_.jpg" alt="Product Image"></a><p>Shuttle Art Marker Pad, 8.3”x7.67” Portable Square Sketchbook, 50 Sheets Marker Drawing Paper, 60LB/90GSM Smooth Surface Bleedproof Art Paper, Glue-Bound, Great for Beginners to Draw, Paint & Sketch</p><p>$8.99 ($0.18 / Count)</p><a href="https://www.amazon.com/dp/B0CJRBYYQB?tag=eloabder-20&linkCode=osi&th=1&psc=1">View Product</a></div>
<div class="product"><a href="https://www.amazon.com/dp/B00881IU8M?tag=eloabder-20&linkCode=osi&th=1&psc=1"><img src="https://m.media-amazon.com/images/I/41hbSgdLBtL._SL500_.jpg" alt="Product Image"></a><p>Speedball Fabric & Paper Block Printing Ink 6-Color Set, 1.25-Ounce x 6</p><p>$28.99 ($28.99 / Count)</p><a href="https://www.amazon.com/dp/B00881IU8M?tag=eloabder-20&linkCode=osi&th=1&psc=1">View Product</a></div><div class="product"><a href="https://www.amazon.com/dp/B000J09PFM?tag=eloabder-20&linkCode=osi&th=1&psc=1"><img src="https://m.media-amazon.com/images/I/51yPRc4nvoL._SL500_.jpg" alt="Product Image"></a><p>Speedball Water-Soluble Block Printing Ink Starter Set, 6 Bold Colors with Satin Finish, 1.25-Ounce Tubes</p><p>$29.99 ($4.00 / Fl Oz)</p><a href="https://www.amazon.com/dp/B000J09PFM?tag=eloabder-20&linkCode=osi&th=1&psc=1">View Product</a></div><div class="product"><a href="https://www.amazon.com/dp/B000BYT24U?tag=eloabder-20&linkCode=osi&th=1&psc=1"><img src="https://m.media-amazon.com/images/I/51pDlo+LlKL._SL500_.jpg" alt="Product Image"></a><p>Speedball Water-Soluble Block Printing Ink, 8-Ounce Jar, Black</p><p>$14.49</p><a href="https://www.amazon.com/dp/B000BYT24U?tag=eloabder-20&linkCode=osi&th=1&psc=1">View Product</a></div><div class="product"><a href="https://www.amazon.com/dp/B00C1JUJWW?tag=eloabder-20&linkCode=osi&th=1&psc=1"><img src="https://m.media-amazon.com/images/I/41zDtJ6f5hL._SL500_.jpg" alt="Product Image"></a><p>Speedball Fabric Block Printing Ink, 2.5-Ounce, Black</p><p>$9.99 ($4.00 / Fl Oz)</p><a href="https://www.amazon.com/dp/B00C1JUJWW?tag=eloabder-20&linkCode=osi&th=1&psc=1">View Product</a></div><div class="product"><a href="https://www.amazon.com/dp/B004PZ1ZJG?tag=eloabder-20&linkCode=osi&th=1&psc=1"><img src="https://m.media-amazon.com/images/I/41+GkhhpR5L._SL500_.jpg" alt="Product Image"></a><p>Speedball Water-Soluble Block Printing Ink Starter Set, 4-Color Set, 1.25-Ounce Tubes</p><p>$20.99</p><a href="https://www.amazon.com/dp/B004PZ1ZJG?tag=eloabder-20&linkCode=osi&th=1&psc=1">View Product</a></div><div class="product"><a href="https://www.amazon.com/dp/B0017CZF3C?tag=eloabder-20&linkCode=osi&th=1&psc=1"><img src="https://m.media-amazon.com/images/I/41S17SYPAZL._SL500_.jpg" alt="Product Image"></a><p>Speedball Water Soluble Block Printing Ink, Black, 2-1/2 Ounces - 380663</p><p>$9.99</p><a href="https://www.amazon.com/dp/B0017CZF3C?tag=eloabder-20&linkCode=osi&th=1&psc=1">View Product</a></div><div class="product"><a href="https://www.amazon.com/dp/B0BXNX8FSH?tag=eloabder-20&linkCode=osi&th=1&psc=1"><img src="https://m.media-amazon.com/images/I/51JGm1VxVOL._SL500_.jpg" alt="Product Image"></a><p>Falling in Art Water-Soluble Block Printing Ink, 6-Color Printmaking Ink Set for Linoleum Block, 3.5 floz</p><p>$28.99</p><a href="https://www.amazon.com/dp/B0BXNX8FSH?tag=eloabder-20&linkCode=osi&th=1&psc=1">View Product</a></div><div class="product"><a href="https://www.amazon.com/dp/B0027ACJBO?tag=eloabder-20&linkCode=osi&th=1&psc=1"><img src="https://m.media-amazon.com/images/I/41OzayB9ojL._SL500_.jpg" alt="Product Image"></a><p>Speedball 3476 Oil-Based Block Printing Ink Starter Set for Professional, Permanent Prints AP Certified – 1.25 FL OZ Tubes</p><p>$33.99</p><a href="https://www.amazon.com/dp/B0027ACJBO?tag=eloabder-20&linkCode=osi&th=1&psc=1">View Product</a></div>
<div class="product"><a href="https://www.amazon.com/dp/B0027AGDWK?tag=eloabder-20&linkCode=osi&th=1&psc=1"><img src="https://m.media-amazon.com/images/I/515LDer6GPL._SL500_.jpg" alt="Product Image"></a><p>Speedball Deluxe Block Printing Kit - Includes Inks, Brayer, Bench Hook, Lino Handle and Cutters, Speedy-Carve Block, Mounted Linoleum Block</p><p>$59.99</p><a href="https://www.amazon.com/dp/B0027AGDWK?tag=eloabder-20&linkCode=osi&th=1&psc=1">View Product</a></div><div class="product"><a href="https://www.amazon.com/dp/B07ZJBZN5S?tag=eloabder-20&linkCode=osi&th=1&psc=1"><img src="https://m.media-amazon.com/images/I/41UbN58y9uS._SL500_.jpg" alt="Product Image"></a><p>SGHUO 12pcs 4"x6" Pink Rubber Carving Blocks Linoleum Block Stamp Making Kit</p><p>$22.99 ($1.92 / Count)</p><a href="https://www.amazon.com/dp/B07ZJBZN5S?tag=eloabder-20&linkCode=osi&th=1&psc=1">View Product</a></div>
<div class="product"><a href="https://www.amazon.com/dp/B00L2DYUM8?tag=eloabder-20&linkCode=osi&th=1&psc=1"><img src="https://m.media-amazon.com/images/I/51l5FZ0+5AL._SL500_.jpg" alt="Product Image"></a><p>Strathmore 300 Series Printmaking Paper Pad, Glue Bound, 5x7 inches, 40 Sheets (120g) - Artist Paper for Adults and Students - Block Printing, Linocut, Screen Printing, White</p><p>$7.26</p><a href="https://www.amazon.com/dp/B00L2DYUM8?tag=eloabder-20&linkCode=osi&th=1&psc=1">View Product</a></div><div class="product"><a href="https://www.amazon.com/dp/B07BSYS5XC?tag=eloabder-20&linkCode=osi&th=1&psc=1"><img src="https://m.media-amazon.com/images/I/51Uwfq0jv+L._SL500_.jpg" alt="Product Image"></a><p>Ucreate Printmaking Paper, 9"x12", White, 100 Sheet, P9001</p><p>$9.79</p><a href="https://www.amazon.com/dp/B07BSYS5XC?tag=eloabder-20&linkCode=osi&th=1&psc=1">View Product</a></div><div class="product"><a href="https://www.amazon.com/dp/B00K5562WA?tag=eloabder-20&linkCode=osi&th=1&psc=1"><img src="https://m.media-amazon.com/images/I/51Dm+TeJGdL._SL500_.jpg" alt="Product Image"></a><p>Strathmore Printmaking Paper Pad 8"X10"-20 Sheets -62433800, White</p><p>$10.19</p><a href="https://www.amazon.com/dp/B00K5562WA?tag=eloabder-20&linkCode=osi&th=1&psc=1">View Product</a></div><div class="product"><a href="https://www.amazon.com/dp/B001DNH8I0?tag=eloabder-20&linkCode=osi&th=1&psc=1"><img src="https://m.media-amazon.com/images/I/51UzoKdUojL._SL500_.jpg" alt="Product Image"></a><p>Black Ink 9-Inch by 12-Inch Bleached Mulberry Block Printing Paper, 25-Pack</p><p>$19.35 ($0.77 / Count)</p><a href="https://www.amazon.com/dp/B001DNH8I0?tag=eloabder-20&linkCode=osi&th=1&psc=1">View Product</a></div><div class="product"><a href="https://www.amazon.com/dp/B00C6G6L5Y?tag=eloabder-20&linkCode=osi&th=1&psc=1"><img src="https://m.media-amazon.com/images/I/5103h0Rm8sL._SL500_.jpg" alt="Product Image"></a><p>Black Ink Thai Mulberry Block Printing Paper Packs small assorted colors</p><p>$21.99</p><a href="https://www.amazon.com/dp/B00C6G6L5Y?tag=eloabder-20&linkCode=osi&th=1&psc=1">View Product</a></div>
<div class="product"><a href="https://www.amazon.com/dp/B003IG27OK?tag=eloabder-20&linkCode=osi&th=1&psc=1"><img src="https://m.media-amazon.com/images/I/416NUaYo1DL._SL500_.jpg" alt="Product Image"></a><p>Speedball Block Printing Baren - Comfortable Wooden Handle, Made in the USA - 4 Inches</p><p>$29.49</p><a href="https://www.amazon.com/dp/B003IG27OK?tag=eloabder-20&linkCode=osi&th=1&psc=1">View Product</a></div>
<div class="product"><a href="https://www.amazon.com/dp/B0CMZYY8CJ?tag=eloabder-20&linkCode=osi&th=1&psc=1"><img src="https://m.media-amazon.com/images/I/41TifSIP7SL._SL500_.jpg" alt="Product Image"></a><p>Ecoofor Blotting Paper for Flower Press, 20 Sheets Highly Absorbent and Reusable Blotter Paper for Flower Press Paper Craft 9 x 9 inch</p><p>$9.99</p><a href="https://www.amazon.com/dp/B0CMZYY8CJ?tag=eloabder-20&linkCode=osi&th=1&psc=1">View Product</a></div><div class="product"><a href="https://www.amazon.com/dp/B0CYRT3RM4?tag=eloabder-20&linkCode=osi&th=1&psc=1"><img src="https://m.media-amazon.com/images/I/31+qvVq3giL._SL500_.jpg" alt="Product Image"></a><p>Hygge & Sage Premium Natural Fiber Blotting Paper for Flower Press Art; 20 Large Sheets for a Press up to 8x11 Inches; Absorbent, Versatile, and Acid-Free Reusable Blotter Paper for Flower Pressing</p><p>$9.50 ($0.48 / Count)</p><a href="https://www.amazon.com/dp/B0CYRT3RM4?tag=eloabder-20&linkCode=osi&th=1&psc=1">View Product</a></div><div class="product"><a href="https://www.amazon.com/dp/B0D41GDLHM?tag=eloabder-20&linkCode=osi&th=1&psc=1"><img src="https://m.media-amazon.com/images/I/41LIF5dHXaL._SL500_.jpg" alt="Product Image"></a><p>Aboofx 20 Sheets Blotting Paper for Flower Press, 15" x 10" Extra Large Highly Absorbent Blotter Paper for Flower Press Reusable Herbarium Paper Craft Blotter Paper Sheets</p><p>$19.99</p><a href="https://www.amazon.com/dp/B0D41GDLHM?tag=eloabder-20&linkCode=osi&th=1&psc=1">View Product</a></div><div class="product"><a href="https://www.amazon.com/dp/B0CQMMYSBR?tag=eloabder-20&linkCode=osi&th=1&psc=1"><img src="https://m.media-amazon.com/images/I/413SlUi6IDL._SL500_.jpg" alt="Product Image"></a><p>Wisreach Blotting Paper for Flower Press, 20 Sheets Flower Press Paper Highly Absorbent and Reusable Blotter Paper for Flower Art A4 Size 8.26 x 11.4 inch</p><p>$9.99</p><a href="https://www.amazon.com/dp/B0CQMMYSBR?tag=eloabder-20&linkCode=osi&th=1&psc=1">View Product</a></div><div class="product"><a href="https://www.amazon.com/dp/B093FQ22PG?tag=eloabder-20&linkCode=osi&th=1&psc=1"><img src="https://m.media-amazon.com/images/I/41B2jXhe+QL._SL500_.jpg" alt="Product Image"></a><p>Blotting Paper for Flower Press by Berstuk® • Large A4 Flower Press Paper • Highly Absorbent and Reusable Herbarium Paper • Pack of 10 Blotter Paper Sheets</p><p>$6.99 ($69.90 / 100 Sheets)</p><a href="https://www.amazon.com/dp/B093FQ22PG?tag=eloabder-20&linkCode=osi&th=1&psc=1">View Product</a></div><div class="product"><a href="https://www.amazon.com/dp/B0C6PW4VGB?tag=eloabder-20&linkCode=osi&th=1&psc=1"><img src="https://m.media-amazon.com/images/I/21C64VB3iVL._SL500_.jpg" alt="Product Image"></a><p>PATIKIL 16"x12" Flower Press Paper, 1 Set/30 Sheet Refill Lining Blotter Paper Absorbent Reusable Blotting Paper for DIY Art Handicraft Scrapbook</p><p>$11.19</p><a href="https://www.amazon.com/dp/B0C6PW4VGB?tag=eloabder-20&linkCode=osi&th=1&psc=1">View Product</a></div><div class="product"><a href="https://www.amazon.com/dp/B0C6PTK915?tag=eloabder-20&linkCode=osi&th=1&psc=1"><img src="https://m.media-amazon.com/images/I/21UviFCGjtL._SL500_.jpg" alt="Product Image"></a><p>PATIKIL 12"x8" Flower Press Paper, 2 Set/60 Sheet Refill Lining Blotter Paper Absorbent Reusable Blotting Paper for DIY Art Handicraft Scrapbook</p><p>$13.69</p><a href="https://www.amazon.com/dp/B0C6PTK915?tag=eloabder-20&linkCode=osi&th=1&psc=1">View Product</a></div><div class="product"><a href="https://www.amazon.com/dp/B0CDJZ4MD7?tag=eloabder-20&linkCode=osi&th=1&psc=1"><img src="https://m.media-amazon.com/images/I/41iwkW+QQOL._SL500_.jpg" alt="Product Image"></a><p>30 PCS Blotting Paper for Flower Press Large A4 Flower Press Paper Highly Absorbent and Reusable Blotter Paper Refill Lining Paper for Flower Press Art Craft Scrapbook Making, 11.8 x 7.9 Inches Blue</p><p>$9.99</p><a href="https://www.amazon.com/dp/B0CDJZ4MD7?tag=eloabder-20&linkCode=osi&th=1&psc=1">View Product</a></div>


<div class="product"><a href="https://www.amazon.com/dp/B0D3HPD7WP?tag=eloabder-20&linkCode=osi&th=1&psc=1"><img src="https://m.media-amazon.com/images/I/31KSmmAWUWL._SL500_.jpg" alt="Product Image"></a><p>50 Sheets Grey Cardstock Paper, Colored Printer Paper 8.5 x 11, Thick Construction Paper for Cards Making, Scrapbook，Office Printing, Invitations, Certificates，DIY Crafting 92 lb/250gsm</p><p>$9.99</p><a href="https://www.amazon.com/dp/B0D3HPD7WP?tag=eloabder-20&linkCode=osi&th=1&psc=1">View Product</a></div>
<div class="product"><a href="https://www.amazon.com/dp/B076CP6F36?tag=eloabder-20&linkCode=osi&th=1&psc=1"><img src="https://m.media-amazon.com/images/I/51rfEIvgI+L._SL500_.jpg" alt="Product Image"></a><p>Apple Barrel, Vibrant Spectrum Collection Acrylic Craft Paint, PROMOABIII, 2 fl oz each, 16 assorted matte colors, 16 count</p><p>$15.97 ($0.50 / Fl Oz)</p><a href="https://www.amazon.com/dp/B076CP6F36?tag=eloabder-20&linkCode=osi&th=1&psc=1">View Product</a></div><div class="product"><a href="https://www.amazon.com/dp/B0BKFLSYQF?tag=eloabder-20&linkCode=osi&th=1&psc=1"><img src="https://m.media-amazon.com/images/I/51a0PmPRknL._SL500_.jpg" alt="Product Image"></a><p>72 Pack Acrylic Paint Set, Shuttle Art 60 Colors Acrylic Paint Including Extra White Black & 12 Brushes, 2oz/60ml, Rich Pigmented, Water Proof, Ideal for Artists, Beginners on Canvas Rock Wood Ceramic</p><p>$45.99 ($23.00 / Fl Oz)</p><a href="https://www.amazon.com/dp/B0BKFLSYQF?tag=eloabder-20&linkCode=osi&th=1&psc=1">View Product</a></div><div class="product"><a href="https://www.amazon.com/dp/B08CB3JH79?tag=eloabder-20&linkCode=osi&th=1&psc=1"><img src="https://m.media-amazon.com/images/I/51OUZsFdnTL._SL500_.jpg" alt="Product Image"></a><p>Acrylic Paint Set of 36 Colors 2fl oz 60ml Bottles,Non Toxic 36 Colors Acrylic Paint No Fading Rich Pigment for Kids Adults Artists Canvas Crafts Wood Painting</p><p>$32.99 ($0.46 / Fl Oz)</p><a href="https://www.amazon.com/dp/B08CB3JH79?tag=eloabder-20&linkCode=osi&th=1&psc=1">View Product</a></div><div class="product"><a href="https://www.amazon.com/dp/B0018NBVKQ?tag=eloabder-20&linkCode=osi&th=1&psc=1"><img src="https://m.media-amazon.com/images/I/31YlSvZMTCL._SL500_.jpg" alt="Product Image"></a><p>Apple Barrel Acrylic Paint in Assorted Colors (8 Ounce), 20403 White</p><p>$2.67 ($0.33 / Fl Oz)</p><a href="https://www.amazon.com/dp/B0018NBVKQ?tag=eloabder-20&linkCode=osi&th=1&psc=1">View Product</a></div><div class="product"><a href="https://www.amazon.com/dp/B077WSBLZ1?tag=eloabder-20&linkCode=osi&th=1&psc=1"><img src="https://m.media-amazon.com/images/I/51KPkXpLn1L._SL500_.jpg" alt="Product Image"></a><p>Shuttle Art Acrylic Paint Set, 30 x12ml Tubes Artist Quality Non Toxic Rich Pigments Colors Great for Kids Adults Professional Painting on Rocks Canvas Wood Clay Fabric Ceramic Crafts</p><p>$12.99 ($1.08 / Fl Oz)</p><a href="https://www.amazon.com/dp/B077WSBLZ1?tag=eloabder-20&linkCode=osi&th=1&psc=1">View Product</a></div><div class="product"><a href="https://www.amazon.com/dp/B00889Z5Y6?tag=eloabder-20&linkCode=osi&th=1&psc=1"><img src="https://m.media-amazon.com/images/I/41MQjsyDbSL._SL500_.jpg" alt="Product Image"></a><p>Apple Barrel Acrylic Paint in Assorted Colors (2 oz), 20764, Apricot</p><p>$0.58 ($0.29 / Fl Oz)</p><a href="https://www.amazon.com/dp/B00889Z5Y6?tag=eloabder-20&linkCode=osi&th=1&psc=1">View Product</a></div><div class="product"><a href="https://www.amazon.com/dp/B09TWQD5ZL?tag=eloabder-20&linkCode=osi&th=1&psc=1"><img src="https://m.media-amazon.com/images/I/41B0L003QXL._SL500_.jpg" alt="Product Image"></a><p>Artkey Acrylic Paint Set - 24 colors 2 oz/59 ml Acrylic Paints Professional Artists Painting Kit for Canvases Fabric Rock Leather Easter Egg Wood Ceramic Glass Art Craft Painting</p><p>$19.99 ($0.42 / Fl Oz)</p><a href="https://www.amazon.com/dp/B09TWQD5ZL?tag=eloabder-20&linkCode=osi&th=1&psc=1">View Product</a></div><div class="product"><a href="https://www.amazon.com/dp/B07Z93LQDB?tag=eloabder-20&linkCode=osi&th=1&psc=1"><img src="https://m.media-amazon.com/images/I/51veoN6zK0L._SL500_.jpg" alt="Product Image"></a><p>Shuttle Art Acrylic Paint Set, 36 Colors Acrylic Paint with Brushes & Palette, 2oz Bottles, Rich Pigments Non-toxic Paint for Artists Kids & Adults, Art Supplies for Canvas Rock Ceramic Wood Painting</p><p>$27.99</p><a href="https://www.amazon.com/dp/B07Z93LQDB?tag=eloabder-20&linkCode=osi&th=1&psc=1">View Product</a></div><div class="product"><a href="https://www.amazon.com/dp/B002665SYY?tag=eloabder-20&linkCode=osi&th=1&psc=1"><img src="https://m.media-amazon.com/images/I/31sJJeWK6OS._SL500_.jpg" alt="Product Image"></a><p>Liquitex BASICS Acrylic Paint, 250ml (8.5-oz) Tube, Titanium White</p><p>$9.99 ($1.18 / Fl Oz)</p><a href="https://www.amazon.com/dp/B002665SYY?tag=eloabder-20&linkCode=osi&th=1&psc=1">View Product</a></div>
<div class="product"><a href="https://www.amazon.com/dp/B0CC98XLGL?tag=eloabder-20&linkCode=osi&th=1&psc=1"><img src="https://m.media-amazon.com/images/I/51ZLw+nThiL._SL500_.jpg" alt="Product Image"></a><p>HUIRUSO 4 Pack Double Sided Tape Roller, Scrapbook Supplies, Glue Tape Roller for Crafts, Double-Sided Adhesive Tape Runner for Scrapbooking, School Office Journaling Supplies (0.31 in X 26.25 ft)</p><p>$6.99 ($1.75 / Count)</p><a href="https://www.amazon.com/dp/B0CC98XLGL?tag=eloabder-20&linkCode=osi&th=1&psc=1">View Product</a></div><div class="product"><a href="https://www.amazon.com/dp/B007XAAE6K?tag=eloabder-20&linkCode=osi&th=1&psc=1"><img src="https://m.media-amazon.com/images/I/414qxYVR0wL._SL500_.jpg" alt="Product Image"></a><p>Scotch Double Sided Tape Runner, 1-Pack, 0.27 in x 26 ft., Perfect for Holiday Crafts, Gifts, and More</p><p>$4.47</p><a href="https://www.amazon.com/dp/B007XAAE6K?tag=eloabder-20&linkCode=osi&th=1&psc=1">View Product</a></div><div class="product"><a href="https://www.amazon.com/dp/B0BZVGPFSK?tag=eloabder-20&linkCode=osi&th=1&psc=1"><img src="https://m.media-amazon.com/images/I/51-ue9+7JkL._SL500_.jpg" alt="Product Image"></a><p>Birllaid Double Sided Tape for Walls, Picture Hanging Strips Removable Mounting Dots Adhesive Heavy Duty, Removable for Art Craft, Decoration, Party Supplies, Multipurpose</p><p>$11.99</p><a href="https://www.amazon.com/dp/B0BZVGPFSK?tag=eloabder-20&linkCode=osi&th=1&psc=1">View Product</a></div><div class="product"><a href="https://www.amazon.com/dp/B0CGVN9SL1?tag=eloabder-20&linkCode=osi&th=1&psc=1"><img src="https://m.media-amazon.com/images/I/41Hy+i4CnoL._SL500_.jpg" alt="Product Image"></a><p>30Ft x 1 Inch Hook and Loop Strips with Adhesive,Double Rolls of Heavy Duty Self Adhesive Tape with Backing, Nylon Self Adhesive Tape for Home Office School and Crafting,White</p><p>$9.99</p><a href="https://www.amazon.com/dp/B0CGVN9SL1?tag=eloabder-20&linkCode=osi&th=1&psc=1">View Product</a></div><div class="product"><a href="https://www.amazon.com/dp/B07Y3VDPLF?tag=eloabder-20&linkCode=osi&th=1&psc=1"><img src="https://m.media-amazon.com/images/I/41cyKQ2OMuL._SL500_.jpg" alt="Product Image"></a><p>Melsan 1x4 inch Hook and Loop Strips with Adhesive - 15 Sets, Strong Back Adhesive Fasten Mounting Tape for Home or Office Use - Instead of Holes and Screws, Black</p><p>$7.82</p><a href="https://www.amazon.com/dp/B07Y3VDPLF?tag=eloabder-20&linkCode=osi&th=1&psc=1">View Product</a></div><div class="product"><a href="https://www.amazon.com/dp/B07V57VJT5?tag=eloabder-20&linkCode=osi&th=1&psc=1"><img src="https://m.media-amazon.com/images/I/514JO3bvl3L._SL500_.jpg" alt="Product Image"></a><p>XFasten Adhesive Roller for Scrapbooking, 8mm x 30ft 4-Pack Double Sided Glue Tape Roller, Scrapbook Supplies for Adults, Photo Tape for Scrapbooking</p><p>$9.99 ($2.50 / Count)</p><a href="https://www.amazon.com/dp/B07V57VJT5?tag=eloabder-20&linkCode=osi&th=1&psc=1">View Product</a></div><div class="product"><a href="https://www.amazon.com/dp/B07JLTGQHX?tag=eloabder-20&linkCode=osi&th=1&psc=1"><img src="https://m.media-amazon.com/images/I/51Eqfo7kUZL._SL500_.jpg" alt="Product Image"></a><p>UPINS 120 Pack Double Sided Foam Tape Square Self-Adhesive Foam Tape Black Strong Tape Pads for DIY Art Crafts Supplies</p><p>$9.99 ($0.08 / Count)</p><a href="https://www.amazon.com/dp/B07JLTGQHX?tag=eloabder-20&linkCode=osi&th=1&psc=1">View Product</a></div><div class="product"><a href="https://www.amazon.com/dp/B005FM6XF4?tag=eloabder-20&linkCode=osi&th=1&psc=1"><img src="https://m.media-amazon.com/images/I/51-vp1WJ89L._SL500_.jpg" alt="Product Image"></a><p>AdTech 5603 Permanent Crafter's Tape, 0.31" x 315", Pack of 4</p><p>$7.84 ($0.07 / Foot)</p><a href="https://www.amazon.com/dp/B005FM6XF4?tag=eloabder-20&linkCode=osi&th=1&psc=1">View Product</a></div><div class="product"><a href="https://www.amazon.com/dp/B0CJF1FLFJ?tag=eloabder-20&linkCode=osi&th=1&psc=1"><img src="https://m.media-amazon.com/images/I/51dig1RqzdL._SL500_.jpg" alt="Product Image"></a><p>UPINS 150Pack Double Sided Foam Tape Strong Sticky Double Sided Foam Pads for Crafts Self-Adhesive Mounting Foam Tape Heavy Duty for Home Wall Decor 40 * 40 * 2mm</p><p>$8.99 ($0.06 / Count)</p><a href="https://www.amazon.com/dp/B0CJF1FLFJ?tag=eloabder-20&linkCode=osi&th=1&psc=1">View Product</a></div><div class="product"><a href="https://www.amazon.com/dp/B0D4YWRGCL?tag=eloabder-20&linkCode=osi&th=1&psc=1"><img src="https://m.media-amazon.com/images/I/41EqJ553-KL._SL500_.jpg" alt="Product Image"></a><p>Amanbo Glue Tape for Scrapbooking, 6 Pack Scrapbook Tape, Double Sided Tape Roller for Crafts, Total 120 Ft x 0.24 in Tape Runner, Craft Supplies for Scrapbooking, Gift Wrapping and Photo Tape</p><p>$6.99</p><a href="https://www.amazon.com/dp/B0D4YWRGCL?tag=eloabder-20&linkCode=osi&th=1&psc=1">View Product</a></div>
<div class="product"><a href="https://www.amazon.com/dp/B0CC5HPPTN?tag=eloabder-20&linkCode=osi&th=1&psc=1"><img src="https://m.media-amazon.com/images/I/519M81S201L._SL500_.jpg" alt="Product Image"></a><p>Airbrush Paint - 30 Colors with 3 Thinner, Ready to Spray Airbrush Paint Set, Water-Based Acrylic Air brush Paints for Metal, Plastic Models, Canvas, Wood, 20ml/Bottle</p><p>$32.99 ($1.48 / Fl Oz)</p><a href="https://www.amazon.com/dp/B0CC5HPPTN?tag=eloabder-20&linkCode=osi&th=1&psc=1">View Product</a></div>
<div class="product"><a href="https://www.amazon.com/dp/B0CXPSGK36?tag=eloabder-20&linkCode=osi&th=1&psc=1"><img src="https://m.media-amazon.com/images/I/51dd2dYOtrL._SL500_.jpg" alt="Product Image"></a><p>Letter Stickers 30 Sheets 1500 PCS Large Alphabet Sticker 2 Inch Vinyl Self Adhesive Stick on Stickers for Water Bottles Cup Mailbox Number Address Craft Scrapbooking Bulletin Board Decor Multicolor</p><p>$9.99</p><a href="https://www.amazon.com/dp/B0CXPSGK36?tag=eloabder-20&linkCode=osi&th=1&psc=1">View Product</a></div><div class="product"><a href="https://www.amazon.com/dp/B07NNYFMGY?tag=eloabder-20&linkCode=osi&th=1&psc=1"><img src="https://m.media-amazon.com/images/I/51yDnU+gEXL._SL500_.jpg" alt="Product Image"></a><p>20 Sheets Alphabet Letter Stickers 10 Colors Self Adhesive Sticker Colorful PU Material Convex Feeling (Colored Letter Stickers 1)</p><p>$6.99 ($0.35 / Count)</p><a href="https://www.amazon.com/dp/B07NNYFMGY?tag=eloabder-20&linkCode=osi&th=1&psc=1">View Product</a></div>

<div class="product"><a href="https://www.amazon.com/dp/B01DDN8854?tag=eloabder-20&linkCode=osi&th=1&psc=1"><img src="https://m.media-amazon.com/images/I/61dPubDZBSL._SL500_.jpg" alt="Product Image"></a><p>Hugs 'n Kisses HNKHABY13 Applique Paper (20 Pack)</p><p>$19.72 ($0.99 / Count)</p><a href="https://www.amazon.com/dp/B01DDN8854?tag=eloabder-20&linkCode=osi&th=1&psc=1">View Product</a></div>
<div class="product"><a href="https://www.amazon.com/dp/B09KPNFJW1?tag=eloabder-20&linkCode=osi&th=1&psc=1"><img src="https://m.media-amazon.com/images/I/41abn5fELmL._SL500_.jpg" alt="Product Image"></a><p>UniPleased Disposable Aprons (50 Count), Plastic apron for Painting Party, Cooking, Housework, Picnic etc.</p><p>$5.69</p><a href="https://www.amazon.com/dp/B09KPNFJW1?tag=eloabder-20&linkCode=osi&th=1&psc=1">View Product</a></div>
<div class="product"><a href="https://www.amazon.com/dp/B087M21MM2?tag=eloabder-20&linkCode=osi&th=1&psc=1"><img src="https://m.media-amazon.com/images/I/41Xf-jehhLL._SL500_.jpg" alt="Product Image"></a><p>GOTIDEAL Stretched Canvas, Multi Pack 4x4, 5x7, 8x10,9x12, 11x14 Set of 10, Primed White - 100% Cotton Artist Canvas Boards for Painting, Acrylic Pouring, Oil Paint Dry & Wet Art Media</p><p>$24.99</p><a href="https://www.amazon.com/dp/B087M21MM2?tag=eloabder-20&linkCode=osi&th=1&psc=1">View Product</a></div><div class="product"><a href="https://www.amazon.com/dp/B00OQJYISG?tag=eloabder-20&linkCode=osi&th=1&psc=1"><img src="https://m.media-amazon.com/images/I/31fEDLPkkcL._SL500_.jpg" alt="Product Image"></a><p>6 Count 12” x 16” Super Value Canvas by Artist's Loft Necessities - Acid Free Cotton Canvas for Paint, Acrylic, & Oils - 1 Pack</p><p>$19.99</p><a href="https://www.amazon.com/dp/B00OQJYISG?tag=eloabder-20&linkCode=osi&th=1&psc=1">View Product</a></div><div class="product"><a href="https://www.amazon.com/dp/B09CDKB9HY?tag=eloabder-20&linkCode=osi&th=1&psc=1"><img src="https://m.media-amazon.com/images/I/51+p5xnClGL._SL500_.jpg" alt="Product Image"></a><p>DPDIAN Canvas Boards for Painting 40 Pack, 8 inch x 10 inch Super Value Pack, Artist Canvas Panels for Oil & Acrylic Painting</p><p>$29.99</p><a href="https://www.amazon.com/dp/B09CDKB9HY?tag=eloabder-20&linkCode=osi&th=1&psc=1">View Product</a></div><div class="product"><a href="https://www.amazon.com/dp/B0CFBGP29G?tag=eloabder-20&linkCode=osi&th=1&psc=1"><img src="https://m.media-amazon.com/images/I/3147Az5plbL._SL500_.jpg" alt="Product Image"></a><p>ArtSkills Stretched Canvases for Painting, 12x16 Canvas Painting Supplies for Artists, Blank Canvas Pack, 2-Pack</p><p>$16.99</p><a href="https://www.amazon.com/dp/B0CFBGP29G?tag=eloabder-20&linkCode=osi&th=1&psc=1">View Product</a></div><div class="product"><a href="https://www.amazon.com/dp/B07BNGQ1SS?tag=eloabder-20&linkCode=osi&th=1&psc=1"><img src="https://m.media-amazon.com/images/I/410ZVtygUwS._SL500_.jpg" alt="Product Image"></a><p>PHOENIX Stretched Canvas for Painting 8x10 Inch/10 Value Pack, 8 Oz Triple Primed 5/8 Inch Profile 100% Cotton White Blank Canvas, Artist Framed Canvas for Oil Acrylic & Pouring Art</p><p>$22.99</p><a href="https://www.amazon.com/dp/B07BNGQ1SS?tag=eloabder-20&linkCode=osi&th=1&psc=1">View Product</a></div><div class="product"><a href="https://www.amazon.com/dp/B0922JP1H4?tag=eloabder-20&linkCode=osi&th=1&psc=1"><img src="https://m.media-amazon.com/images/I/41BmiEND1KL._SL500_.jpg" alt="Product Image"></a><p>GOTIDEAL Canvases for Painting, 18 Pack Canvas Boards Multipack 4x4, 5x7, 8x10, 9x12,11x14,Primed White Blank Artist Canvas Variety Pack for Acrylic Paint, Oil Paint, Watercolor, Gouache</p><p>$19.99</p><a href="https://www.amazon.com/dp/B0922JP1H4?tag=eloabder-20&linkCode=osi&th=1&psc=1">View Product</a></div>


<div class="product"><a href="https://www.amazon.com/dp/B0872VFHBH?tag=eloabder-20&linkCode=osi&th=1&psc=1"><img src="https://m.media-amazon.com/images/I/51k3bekQheS._SL500_.jpg" alt="Product Image"></a><p>Bachmore Drawing Pad 9X12 Inch (110lb/180g), 60 Sheets, Top Spiral Bound Multi-Media for Artist Pro & Amateurs | Acrylic Art, Ink, Paint, Oil Pastels,Watercolor Mixed Media Sketch</p><p>$11.99</p><a href="https://www.amazon.com/dp/B0872VFHBH?tag=eloabder-20&linkCode=osi&th=1&psc=1">View Product</a></div><div class="product"><a href="https://www.amazon.com/dp/B0027A75A4?tag=eloabder-20&linkCode=osi&th=1&psc=1"><img src="https://m.media-amazon.com/images/I/51dyOxxcgYL._SL500_.jpg" alt="Product Image"></a><p>Strathmore 200 Series Sketch Pad, 9x12 inch, 100 Sheets, Tape Bound - Artist Sketchbook for Drawing, Illustration, Art Class Students</p><p>$6.99 ($0.07 / Count)</p><a href="https://www.amazon.com/dp/B0027A75A4?tag=eloabder-20&linkCode=osi&th=1&psc=1">View Product</a></div><div class="product"><a href="https://www.amazon.com/dp/B0BV13YQKX?tag=eloabder-20&linkCode=osi&th=1&psc=1"><img src="https://m.media-amazon.com/images/I/41VYfMpvXUL._SL500_.jpg" alt="Product Image"></a><p>Canson Graduate Watercolor Pad, Foldover, 9x12 inch, 20 Sheets | Artist Paper for Adults and Students - Painting, Gouache, Mixed Media and Ink</p><p>$4.97 ($0.41 / Count)</p><a href="https://www.amazon.com/dp/B0BV13YQKX?tag=eloabder-20&linkCode=osi&th=1&psc=1">View Product</a></div><div class="product"><a href="https://www.amazon.com/dp/B0024KMQ6K?tag=eloabder-20&linkCode=osi&th=1&psc=1"><img src="https://m.media-amazon.com/images/I/51sYdvPPUCL._SL500_.jpg" alt="Product Image"></a><p>Strathmore 400 Series Pastel Pad, Assorted Colors, 9"x12" Glue Bound, 24 Sheets</p><p>$9.11</p><a href="https://www.amazon.com/dp/B0024KMQ6K?tag=eloabder-20&linkCode=osi&th=1&psc=1">View Product</a></div><div class="product"><a href="https://www.amazon.com/dp/B00246O6PI?tag=eloabder-20&linkCode=osi&th=1&psc=1"><img src="https://m.media-amazon.com/images/I/517TUmckOIL._SL500_.jpg" alt="Product Image"></a><p>Strathmore 300 Series Drawing Paper Pad, Top Wire Bound, 11x14 inches, 50 Sheets (70lb/114g) - Artist Paper for Adults and Students - Charcoal, Colored Pencil, Ink, Pastel, Marker</p><p>$13.33</p><a href="https://www.amazon.com/dp/B00246O6PI?tag=eloabder-20&linkCode=osi&th=1&psc=1">View Product</a></div>
<div class="product"><a href="https://www.amazon.com/dp/B08ZMH7LJY?tag=eloabder-20&linkCode=osi&th=1&psc=1"><img src="https://m.media-amazon.com/images/I/51mJIsLJA-S._SL500_.jpg" alt="Product Image"></a><p>PANDAFLY Professional Drawing Sketching Pencil Set - 12 Pieces Graphite Pencils(14B - 2H), Ideal for Drawing Art, Sketching, Shading, Artist Pencils for Beginners & Pro Artists</p><p>$5.11</p><a href="https://www.amazon.com/dp/B08ZMH7LJY?tag=eloabder-20&linkCode=osi&th=1&psc=1">View Product</a></div><div class="product"><a href="https://www.amazon.com/dp/B088K1G5NL?tag=eloabder-20&linkCode=osi&th=1&psc=1"><img src="https://m.media-amazon.com/images/I/51F2bOMZWnL._SL500_.jpg" alt="Product Image"></a><p>MARKART Professional Drawing Sketching Pencil Set - 14 Pieces,Graphite,(12B - 4H), Ideal for Drawing Art, Sketching, Shading, Artist Pencils for Beginners & Pro Artists</p><p>$5.24</p><a href="https://www.amazon.com/dp/B088K1G5NL?tag=eloabder-20&linkCode=osi&th=1&psc=1">View Product</a></div><div class="product"><a href="https://www.amazon.com/dp/B08FHMRW4L?tag=eloabder-20&linkCode=osi&th=1&psc=1"><img src="https://m.media-amazon.com/images/I/51Pmn5gjyzL._SL500_.jpg" alt="Product Image"></a><p>Mr. Pen- Sketch Pencils for Drawing, 14 Pack, Drawing Pencils, Art Pencils, Graphite Pencils, Graphite Pencils for Drawing, Art Pencils for Drawing and Shading</p><p>$5.95</p><a href="https://www.amazon.com/dp/B08FHMRW4L?tag=eloabder-20&linkCode=osi&th=1&psc=1">View Product</a></div><div class="product"><a href="https://www.amazon.com/dp/B0BNQ58DC4?tag=eloabder-20&linkCode=osi&th=1&psc=1"><img src="https://m.media-amazon.com/images/I/51e-gQtCcCL._SL500_.jpg" alt="Product Image"></a><p>MARTCOLOR Drawing Sketching Pencils Set, 12 Pack Graphite Pencils(14B - 2H), Ideal for Drawing Art, Sketching, Shading, Artist Pencils for Beginners & Pro Artists</p><p>$5.99</p><a href="https://www.amazon.com/dp/B0BNQ58DC4?tag=eloabder-20&linkCode=osi&th=1&psc=1">View Product</a></div>

<div class="product"><a href="https://www.amazon.com/dp/B0851M3749?tag=eloabder-20&linkCode=osi&th=1&psc=1"><img src="https://m.media-amazon.com/images/I/41KKSGSDl5L._SL500_.jpg" alt="Product Image"></a><p>N NOROCME 12 PCS Blending Stumps and Tortillions Paper Art Blenders with Sandpaper Pencil Sharpener Pointer for Student Artist Charcoal Sketch Drawing Tools</p><p>$4.99</p><a href="https://www.amazon.com/dp/B0851M3749?tag=eloabder-20&linkCode=osi&th=1&psc=1">View Product</a></div><div class="product"><a href="https://www.amazon.com/dp/B09J3HKN8F?tag=eloabder-20&linkCode=osi&th=1&psc=1"><img src="https://m.media-amazon.com/images/I/51Qvx81eQLL._SL500_.jpg" alt="Product Image"></a><p>Eraser Pencils Set for Artists, Wooden Sketch Eraser Pen for Charcoal Drawings, Professional Highlight Painting Eraser for Sketching, Revise Erasing Details for Students Limner</p><p>$6.99</p><a href="https://www.amazon.com/dp/B09J3HKN8F?tag=eloabder-20&linkCode=osi&th=1&psc=1">View Product</a></div>
<div class="product"><a href="https://www.amazon.com/dp/B09WCQ89T8?tag=eloabder-20&linkCode=osi&th=1&psc=1"><img src="https://m.media-amazon.com/images/I/41gZz0qgBFL._SL500_.jpg" alt="Product Image"></a><p>Bernat BABY BLANKET BB Blue Dreams Yarn - 1 Pack of 10.5oz/300g - Polyester - #6 Super Bulky - 220 Yards - Knitting/Crochet</p><p>$6.97</p><a href="https://www.amazon.com/dp/B09WCQ89T8?tag=eloabder-20&linkCode=osi&th=1&psc=1">View Product</a></div><div class="product"><a href="https://www.amazon.com/dp/B07V5JVNFD?tag=eloabder-20&linkCode=osi&th=1&psc=1"><img src="https://m.media-amazon.com/images/I/41IS+HdtiOL._SL500_.jpg" alt="Product Image"></a><p>Lion Brand Yarn Basic Stitch Anti-Pilling Knitting Yarn, Yarn for Crocheting, 1-Pack, Baby Blue</p><p>$8.40 ($0.02 / Foot)</p><a href="https://www.amazon.com/dp/B07V5JVNFD?tag=eloabder-20&linkCode=osi&th=1&psc=1">View Product</a></div><div class="product"><a href="https://www.amazon.com/dp/B01M0AJID2?tag=eloabder-20&linkCode=osi&th=1&psc=1"><img src="https://m.media-amazon.com/images/I/41yVau0AUpL._SL500_.jpg" alt="Product Image"></a><p>Lion Brand Yarn (1 Skein) Lion Brand Yarn Babysoft Baby Yarn Yarn, Little Boy Blue Multicolor</p><p>$7.19 ($0.01 / Foot)</p><a href="https://www.amazon.com/dp/B01M0AJID2?tag=eloabder-20&linkCode=osi&th=1&psc=1">View Product</a></div><div class="product"><a href="https://www.amazon.com/dp/B09W1KHF42?tag=eloabder-20&linkCode=osi&th=1&psc=1"><img src="https://m.media-amazon.com/images/I/41maDlrio5L._SL500_.jpg" alt="Product Image"></a><p>Red Heart Super Saver Light Blue Yarn - 3 Pack of 198g/7oz - Acrylic - 4 Medium (Worsted) - 364 Yards - Knitting/Crochet</p><p>$13.29 ($4.43 / Count)</p><a href="https://www.amazon.com/dp/B09W1KHF42?tag=eloabder-20&linkCode=osi&th=1&psc=1">View Product</a></div><div class="product"><a href="https://www.amazon.com/dp/B08LKVZ3CX?tag=eloabder-20&linkCode=osi&th=1&psc=1"><img src="https://m.media-amazon.com/images/I/41GLizNx8UL._SL500_.jpg" alt="Product Image"></a><p>Bernat Baby Blanket Baby Blue Yarn - 3 Pack of 100g/3.5oz - Polyester - 6 Super Bulky - 72 Yards - Knitting/Crochet</p><p>$21.81</p><a href="https://www.amazon.com/dp/B08LKVZ3CX?tag=eloabder-20&linkCode=osi&th=1&psc=1">View Product</a></div><div class="product"><a href="https://www.amazon.com/dp/B0CHJ95WHJ?tag=eloabder-20&linkCode=osi&th=1&psc=1"><img src="https://m.media-amazon.com/images/I/314E1EQdihL._SL500_.jpg" alt="Product Image"></a><p>NORCIA Soft Velvet Yarn Chenille Yarn for Crocheting Baby Blanket Yarn for Knitting Amigurumi Yarn Fancy Yarn for Crochet Weaving Craft (Baby Blue, 1 Skein)</p><p>$9.99</p><a href="https://www.amazon.com/dp/B0CHJ95WHJ?tag=eloabder-20&linkCode=osi&th=1&psc=1">View Product</a></div>
<div class="product"><a href="https://www.amazon.com/dp/B0779F2TXJ?tag=eloabder-20&linkCode=osi&th=1&psc=1"><img src="https://m.media-amazon.com/images/I/31kqZr8DJzL._SL500_.jpg" alt="Product Image"></a><p>OPENDGO Feather Ballpoint Pen ，Black Ink Vintage Feather Quill Refined Plated Rod Quill Ballpoint Pen For School Writing ▏Wedding Gift Signature Pen (Black)</p><p>$6.97</p><a href="https://www.amazon.com/dp/B0779F2TXJ?tag=eloabder-20&linkCode=osi&th=1&psc=1">View Product</a></div><div class="product"><a href="https://www.amazon.com/dp/B0CQF3BJ3S?tag=eloabder-20&linkCode=osi&th=1&psc=1"><img src="https://m.media-amazon.com/images/I/41gs6AOiP6L._SL500_.jpg" alt="Product Image"></a><p>3 in 1 Retractable Ballpoint Pen with Light and Stylus, Nice Pens for Journaling Writing in The Dark - White/Red Light Tip- 0.7mm Black Ink</p><p>$12.99</p><a href="https://www.amazon.com/dp/B0CQF3BJ3S?tag=eloabder-20&linkCode=osi&th=1&psc=1">View Product</a></div><div class="product"><a href="https://www.amazon.com/dp/B08BBZ3B8G?tag=eloabder-20&linkCode=osi&th=1&psc=1"><img src="https://m.media-amazon.com/images/I/41cMHyw60wL._SL500_.jpg" alt="Product Image"></a><p>Mr. Pen- Pens, Black Pens, 12 Pack, Fast Dry, No Smear Pens, Bible Pens, Pens for Journaling, Pens No Bleed Through, Pens Fine Point, Journal Pens, Fine Tip, Planner Pens, Ball Point Journal Pens</p><p>$9.99</p><a href="https://www.amazon.com/dp/B08BBZ3B8G?tag=eloabder-20&linkCode=osi&th=1&psc=1">View Product</a></div><div class="product"><a href="https://www.amazon.com/dp/B0D4YWWGX6?tag=eloabder-20&linkCode=osi&th=1&psc=1"><img src="https://m.media-amazon.com/images/I/31xHBCCzJqL._SL500_.jpg" alt="Product Image"></a><p>PATIKIL 21cm/8" Feather Ballpoint Pen, 1Pcs Ink Vintage Quill Pen Refined Plated Dip Pen for Calligraphy Writing Signature Wedding Gift, Yellow</p><p>$7.49</p><a href="https://www.amazon.com/dp/B0D4YWWGX6?tag=eloabder-20&linkCode=osi&th=1&psc=1">View Product</a></div>

<div class="product"><a href="https://www.amazon.com/dp/B001TLDEVQ?tag=eloabder-20&linkCode=osi&th=1&psc=1"><img src="https://m.media-amazon.com/images/I/41jYF39F6lL._SL500_.jpg" alt="Product Image"></a><p>Beadalon SuppleMax Illusion Beading Cord, 0.40 mm / 0.016 in, Clear Monofilament, 50 m / 164 ft</p><p>$4.74</p><a href="https://www.amazon.com/dp/B001TLDEVQ?tag=eloabder-20&linkCode=osi&th=1&psc=1">View Product</a></div><div class="product"><a href="https://www.amazon.com/dp/B0D2HVFZ7Q?tag=eloabder-20&linkCode=osi&th=1&psc=1"><img src="https://m.media-amazon.com/images/I/41R66LMYz7L._SL500_.jpg" alt="Product Image"></a><p>Zxiixz 116Yards 0.5mm Bracelet String, Waxed String Cord for Bracelet Making, Beading Thread for Bracelet Beads, Friendship Bracelet String for Bracelet Making, Waxed Polyester Cord for Jewelry Making</p><p>$6.99</p><a href="https://www.amazon.com/dp/B0D2HVFZ7Q?tag=eloabder-20&linkCode=osi&th=1&psc=1">View Product</a></div><div class="product"><a href="https://www.amazon.com/dp/B07BNF8KH5?tag=eloabder-20&linkCode=osi&th=1&psc=1"><img src="https://m.media-amazon.com/images/I/51jVByheyVL._SL500_.jpg" alt="Product Image"></a><p>PH PandaHall 100 Yards 1mm Waxed Cotton Cord Thread Beading String for Bracelet Necklace Making Crafting Beading Macrame Vase Decor, Burlywood</p><p>$7.19 ($0.02 / Foot)</p><a href="https://www.amazon.com/dp/B07BNF8KH5?tag=eloabder-20&linkCode=osi&th=1&psc=1">View Product</a></div><div class="product"><a href="https://www.amazon.com/dp/B07HBPGXJG?tag=eloabder-20&linkCode=osi&th=1&psc=1"><img src="https://m.media-amazon.com/images/I/41xi8gO6kDL._SL500_.jpg" alt="Product Image"></a><p>Paxcoo 0.8mm Elastic String, Stretchy Bracelet String Crystal String Bead Cord for Bracelet, Beading and Jewelry Making (120m)</p><p>$6.99 ($0.02 / Foot)</p><a href="https://www.amazon.com/dp/B07HBPGXJG?tag=eloabder-20&linkCode=osi&th=1&psc=1">View Product</a></div><div class="product"><a href="https://www.amazon.com/dp/B0CNPST7D9?tag=eloabder-20&linkCode=osi&th=1&psc=1"><img src="https://m.media-amazon.com/images/I/41A9VISFC4L._SL500_.jpg" alt="Product Image"></a><p>Kblick Black Nylon String Cord - 1MM 100 Yards Black Twine, Bracelet String for Bracelet Making, Braided Ornament Lanyard Sting, Jewelry Thread Clay Bead String for Crafts, Macrame Satin Cord</p><p>$5.99 ($0.02 / Foot)</p><a href="https://www.amazon.com/dp/B0CNPST7D9?tag=eloabder-20&linkCode=osi&th=1&psc=1">View Product</a></div><div class="product"><a href="https://www.amazon.com/dp/B08GC3JF9X?tag=eloabder-20&linkCode=osi&th=1&psc=1"><img src="https://m.media-amazon.com/images/I/41FQZYhvQpL._SL500_.jpg" alt="Product Image"></a><p>Cheriswelry 100M 0.8mm Nylon Beading Cord Black Chinese Knotting Rattail Macrame Thread String Roll for Jewelry Making Kumihimo Wrapping Supplies DIY Crafts</p><p>$6.99 ($0.02 / Fl Oz)</p><a href="https://www.amazon.com/dp/B08GC3JF9X?tag=eloabder-20&linkCode=osi&th=1&psc=1">View Product</a></div><div class="product"><a href="https://www.amazon.com/dp/B0B3V9RWQC?tag=eloabder-20&linkCode=osi&th=1&psc=1"><img src="https://m.media-amazon.com/images/I/41F-OP+yCxL._SL500_.jpg" alt="Product Image"></a><p>Griffin Silk Bead Cord Perlseide – Black Color – Size 3 (0.50mm) – 2 Meters per Card – Stainless Steel Needle Attached – for Knotting Pearls, Gemstones, Crystals and Beads</p><p>$4.99 ($0.76 / Foot)</p><a href="https://www.amazon.com/dp/B0B3V9RWQC?tag=eloabder-20&linkCode=osi&th=1&psc=1">View Product</a></div><div class="product"><a href="https://www.amazon.com/dp/B08F49YVQP?tag=eloabder-20&linkCode=osi&th=1&psc=1"><img src="https://m.media-amazon.com/images/I/41yCMIpj0rS._SL500_.jpg" alt="Product Image"></a><p>1mm Stretchy Bracelet String, Sturdy Rainbow Elastic String Elastic Cord for Jewelry Making, Necklaces, Beading and Crafts</p><p>$6.99 ($0.04 / Foot)</p><a href="https://www.amazon.com/dp/B08F49YVQP?tag=eloabder-20&linkCode=osi&th=1&psc=1">View Product</a></div>

<div class="product"><a href="https://www.amazon.com/dp/B001GMUBJ6?tag=eloabder-20&linkCode=osi&th=1&psc=1"><img src="https://m.media-amazon.com/images/I/41V5qzn3H5L._SL500_.jpg" alt="Product Image"></a><p>The Beadsmith Fireline by Berkley – Micro-Fused Braided Thread – 6lb. Test, 006”/.15mm Diameter, 50 Yard Spool, Crystal Color – Super Strong Stringing Material for Jewelry Making and Bead Weaving</p><p>$12.59</p><a href="https://www.amazon.com/dp/B001GMUBJ6?tag=eloabder-20&linkCode=osi&th=1&psc=1">View Product</a></div><div class="product"><a href="https://www.amazon.com/dp/B001UAKK0Y?tag=eloabder-20&linkCode=osi&th=1&psc=1"><img src="https://m.media-amazon.com/images/I/41rY1D0wfuL._SL500_.jpg" alt="Product Image"></a><p>Beadalon Wildfire, 0.006 in, 0.15 mm, Break Strength 10 lb / 4.5 kg, Frost, 50 yd / 45 m</p><p>$8.85 ($0.06 / Foot)</p><a href="https://www.amazon.com/dp/B001UAKK0Y?tag=eloabder-20&linkCode=osi&th=1&psc=1">View Product</a></div><div class="product"><a href="https://www.amazon.com/dp/B095WY58F4?tag=eloabder-20&linkCode=osi&th=1&psc=1"><img src="https://m.media-amazon.com/images/I/41mXRfJqcjL._SL500_.jpg" alt="Product Image"></a><p>PH PandaHall 0.1mm Nylon Seed Bead Thread 100 Yards Black White Bracelet Cord Beading Thread Invisible Sewing Thread Nylon Braided Thread String for Leather Stitching Beading Jewelry Bracelets Making</p><p>$9.99 ($0.03 / Foot)</p><a href="https://www.amazon.com/dp/B095WY58F4?tag=eloabder-20&linkCode=osi&th=1&psc=1">View Product</a></div><div class="product"><a href="https://www.amazon.com/dp/B08RN2R2SZ?tag=eloabder-20&linkCode=osi&th=1&psc=1"><img src="https://m.media-amazon.com/images/I/41Tg2MMC++L._SL500_.jpg" alt="Product Image"></a><p>KO Nylon Beading Thread, White Color, Japanese Pre-Waxed 100% Nylon, 330TEX, Tangle Resistant Knotting Cords, 50m /55 yds Spool, Use for Seed Bead Projects, Loom Work & Bead Weaving</p><p>$7.06 ($0.04 / Foot)</p><a href="https://www.amazon.com/dp/B08RN2R2SZ?tag=eloabder-20&linkCode=osi&th=1&psc=1">View Product</a></div><div class="product"><a href="https://www.amazon.com/dp/B09J89ST79?tag=eloabder-20&linkCode=osi&th=1&psc=1"><img src="https://m.media-amazon.com/images/I/41hLuuOZeXL._SL500_.jpg" alt="Product Image"></a><p>2 Roll Polyester Thread, Heavy Duty Thread, 1500Yard/Reel 210D/3 nylon thread for sewing, Sewing Thread for Upholstery, Outdoor Market, Drapery, Leather, Beading, Crafts</p><p>$7.99 ($0.00 / Foot)</p><a href="https://www.amazon.com/dp/B09J89ST79?tag=eloabder-20&linkCode=osi&th=1&psc=1">View Product</a></div><div class="product"><a href="https://www.amazon.com/dp/B0C6MSY7QQ?tag=eloabder-20&linkCode=osi&th=1&psc=1"><img src="https://m.media-amazon.com/images/I/31Bn-MyA62L._SL500_.jpg" alt="Product Image"></a><p>PH PandaHall 0.1mm Nylon String 100 Yards Beading Thread White Nylon Seed Bead Thread Bracelet Beading Thread Sewing String for Leather Stitching Beading Jewelry Bracelets Making</p><p>$7.99 ($0.03 / Foot)</p><a href="https://www.amazon.com/dp/B0C6MSY7QQ?tag=eloabder-20&linkCode=osi&th=1&psc=1">View Product</a></div>

<div class="product"><a href="https://www.amazon.com/dp/B07NMNDT1W?tag=eloabder-20&linkCode=osi&th=1&psc=1"><img src="https://m.media-amazon.com/images/I/41-zwQIcVcL._SL500_.jpg" alt="Product Image"></a><p>Howemon White Beeswax Pellets 2LB 100% Pure and Natural Triple Filtered for Skin, Face, Body and Hair Care DIY Creams, Lotions, Lip Balm and Soap Making Supplies</p><p>$13.99 ($0.44 / Fl Oz)</p><a href="https://www.amazon.com/dp/B07NMNDT1W?tag=eloabder-20&linkCode=osi&th=1&psc=1">View Product</a></div><div class="product"><a href="https://www.amazon.com/dp/B00B3U0FW4?tag=eloabder-20&linkCode=osi&th=1&psc=1"><img src="https://m.media-amazon.com/images/I/51rWFCST+TL._SL500_.jpg" alt="Product Image"></a><p>Beesworks Yellow Beeswax Pellets (1 lb) | 100% Pure, Cosmetic Grade, Triple-Filtered Beeswax for DIY Skin care, Lip Balm, Lotion, and Candle Making</p><p>$13.99 ($0.87 / Ounce)</p><a href="https://www.amazon.com/dp/B00B3U0FW4?tag=eloabder-20&linkCode=osi&th=1&psc=1">View Product</a></div><div class="product"><a href="https://www.amazon.com/dp/B01LWX2IO1?tag=eloabder-20&linkCode=osi&th=1&psc=1"><img src="https://m.media-amazon.com/images/I/41MlNqhDyCL._SL500_.jpg" alt="Product Image"></a><p>Beesworks Yellow Beeswax Bars (6 oz) | 100% Pure, Cosmetic Grade, Triple-Filtered Beeswax for DIY Skin Care, Lip Balm, Lotion and Candle Making (1 oz Bars - Pack of 6)</p><p>$6.99</p><a href="https://www.amazon.com/dp/B01LWX2IO1?tag=eloabder-20&linkCode=osi&th=1&psc=1">View Product</a></div><div class="product"><a href="https://www.amazon.com/dp/B0BV77F19N?tag=eloabder-20&linkCode=osi&th=1&psc=1"><img src="https://m.media-amazon.com/images/I/41xzHaO1-EL._SL500_.jpg" alt="Product Image"></a><p>Beeswax Pellets 10LB Cosmetic Beeswax Triple Filtered Beeswax Pastilles for Candle Making Great for DIY Projects Creams Lotions Lip Balm and Soap Making Supplies(10LB)</p><p>$32.99</p><a href="https://www.amazon.com/dp/B0BV77F19N?tag=eloabder-20&linkCode=osi&th=1&psc=1">View Product</a></div><div class="product"><a href="https://www.amazon.com/dp/B0C9QSG3CY?tag=eloabder-20&linkCode=osi&th=1&psc=1"><img src="https://m.media-amazon.com/images/I/414XQcU6SRL._SL500_.jpg" alt="Product Image"></a><p>YASNAY White Beeswax Pellets 2LB, 100% Organic Beeswax, Beeswax for Candle Making, Body, Skin Care DIY, Lip Balm and Soap Making Supplies</p><p>$11.99</p><a href="https://www.amazon.com/dp/B0C9QSG3CY?tag=eloabder-20&linkCode=osi&th=1&psc=1">View Product</a></div><div class="product"><a href="https://www.amazon.com/dp/B097HTC4WN?tag=eloabder-20&linkCode=osi&th=1&psc=1"><img src="https://m.media-amazon.com/images/I/51pwMM7C6-L._SL500_.jpg" alt="Product Image"></a><p>Eco Lux 8 Yellow Beeswax Blocks 100% Pure Natural Organic Bees Wax 6.5oz</p><p>$8.49 ($1.35 / Ounce)</p><a href="https://www.amazon.com/dp/B097HTC4WN?tag=eloabder-20&linkCode=osi&th=1&psc=1">View Product</a></div><div class="product"><a href="https://www.amazon.com/dp/B00HDHQQCE?tag=eloabder-20&linkCode=osi&th=1&psc=1"><img src="https://m.media-amazon.com/images/I/41vF-7MwNhL._SL500_.jpg" alt="Product Image"></a><p>Murray's 100% Pure Beeswax 4 oz</p><p>$5.98 ($1.50 / Ounce)</p><a href="https://www.amazon.com/dp/B00HDHQQCE?tag=eloabder-20&linkCode=osi&th=1&psc=1">View Product</a></div><div class="product"><a href="https://www.amazon.com/dp/B09YM8JTLM?tag=eloabder-20&linkCode=osi&th=1&psc=1"><img src="https://m.media-amazon.com/images/I/41cjNuBnFEL._SL500_.jpg" alt="Product Image"></a><p>TRINIDa Beeswax Pellets 2LB(32 oz), 100% Organic Yellow Bees Wax for DIY Candles, Beeswax for Candle Making, Skin, Body, Face, and Hair Care, Lotions, DIY Creams, Lip Balm and Soap Making Supplies</p><p>$11.99</p><a href="https://www.amazon.com/dp/B09YM8JTLM?tag=eloabder-20&linkCode=osi&th=1&psc=1">View Product</a></div><div class="product"><a href="https://www.amazon.com/dp/B00F3CNMV4?tag=eloabder-20&linkCode=osi&th=1&psc=1"><img src="https://m.media-amazon.com/images/I/31pjrRAEa4L._SL500_.jpg" alt="Product Image"></a><p>Stakich Yellow Beeswax Block - Natural, Triple Filtered - 1 Pound, Honey Scent</p><p>$13.95 ($0.87 / Ounce)</p><a href="https://www.amazon.com/dp/B00F3CNMV4?tag=eloabder-20&linkCode=osi&th=1&psc=1">View Product</a></div><div class="product"><a href="https://www.amazon.com/dp/B0BXFZBZS9?tag=eloabder-20&linkCode=osi&th=1&psc=1"><img src="https://m.media-amazon.com/images/I/4178i9IB9KL._SL500_.jpg" alt="Product Image"></a><p>5LB Beeswax Pellets Beeswax for Candle Making Organic Beeswax Pellets for Skin Beeswax Beads Beeswax Bulk Beeswax for Lotion Making Organic for DIY and Craft Project</p><p>$22.99</p><a href="https://www.amazon.com/dp/B0BXFZBZS9?tag=eloabder-20&linkCode=osi&th=1&psc=1">View Product</a></div>
<div class="product"><a href="https://www.amazon.com/dp/B0052F1BVK?tag=eloabder-20&linkCode=osi&th=1&psc=1"><img src="https://m.media-amazon.com/images/I/41zE9eiGoLL._SL500_.jpg" alt="Product Image"></a><p>ACC Staples Large Binder Clips, 2" Width, 1" Capacity, Black, 12/Pk</p><p>$6.30</p><a href="https://www.amazon.com/dp/B0052F1BVK?tag=eloabder-20&linkCode=osi&th=1&psc=1">View Product</a></div><div class="product"><a href="https://www.amazon.com/dp/B07MLFR771?tag=eloabder-20&linkCode=osi&th=1&psc=1"><img src="https://m.media-amazon.com/images/I/51N2wxA7N0L._SL500_.jpg" alt="Product Image"></a><p>CooBigo 50 Pack Binder Ring, Metal Book Ring Paper Ring Holder 5/8-Inch Loose Leaf Binder Ring Clip for Index Card, Flash Card Ring, Card Calendar, Keychain Key Ring - Bronze</p><p>$6.99</p><a href="https://www.amazon.com/dp/B07MLFR771?tag=eloabder-20&linkCode=osi&th=1&psc=1">View Product</a></div><div class="product"><a href="https://www.amazon.com/dp/B01563NHGY?tag=eloabder-20&linkCode=osi&th=1&psc=1"><img src="https://m.media-amazon.com/images/I/41gj+0ZftqL._SL500_.jpg" alt="Product Image"></a><p>vanki Pack of 40 Cute Lovely Smiling Face Spring-Loaded File Organizer Paper Holder Metal Binder Clips, Assorted Color</p><p>$8.99</p><a href="https://www.amazon.com/dp/B01563NHGY?tag=eloabder-20&linkCode=osi&th=1&psc=1">View Product</a></div><div class="product"><a href="https://www.amazon.com/dp/B000GOUDSO?tag=eloabder-20&linkCode=osi&th=1&psc=1"><img src="https://m.media-amazon.com/images/I/41ZANISHgML._SL500_.jpg" alt="Product Image"></a><p>Small Binder Clips .75" 8/Pkg-Assorted Colors</p><p>$4.46</p><a href="https://www.amazon.com/dp/B000GOUDSO?tag=eloabder-20&linkCode=osi&th=1&psc=1">View Product</a></div>
<div class="product"><a href="https://www.amazon.com/dp/B07PRPX4VR?tag=eloabder-20&linkCode=osi&th=1&psc=1"><img src="https://m.media-amazon.com/images/I/41IMH12fdPL._SL500_.jpg" alt="Product Image"></a><p>Durable Sheet Lifters, Durable Easy Flow, 11" x 3", Lifts Sheets Over Rings and Protects Sheets from Tearing, Fit Standard 3-Ring Binders, Black (20 Pack)</p><p>$14.99</p><a href="https://www.amazon.com/dp/B07PRPX4VR?tag=eloabder-20&linkCode=osi&th=1&psc=1">View Product</a></div><div class="product"><a href="https://www.amazon.com/dp/B0CM8QJHFW?tag=eloabder-20&linkCode=osi&th=1&psc=1"><img src="https://m.media-amazon.com/images/I/31cJGS74oCL._SL500_.jpg" alt="Product Image"></a><p>Wantane D-Shaped Tape Storage Ring Tape Storage Ring 4" D-Shaped Washi Tape Storage Ring for DIY Decoration and Storage（Nickel）-2PCS</p><p>$7.99</p><a href="https://www.amazon.com/dp/B0CM8QJHFW?tag=eloabder-20&linkCode=osi&th=1&psc=1">View Product</a></div>
<div class="product"><a href="https://www.amazon.com/dp/B00006IAS3?tag=eloabder-20&linkCode=osi&th=1&psc=1"><img src="https://m.media-amazon.com/images/I/317DvSXhT1L._SL500_.jpg" alt="Product Image"></a><p>GBC Binding System, Manual, Desktop Binding Punch, 6 Sheet Punch Capacity, ProClick P50 (2515650)</p><p>$123.89</p><a href="https://www.amazon.com/dp/B00006IAS3?tag=eloabder-20&linkCode=osi&th=1&psc=1">View Product</a></div><div class="product"><a href="https://www.amazon.com/dp/B004BP81KQ?tag=eloabder-20&linkCode=osi&th=1&psc=1"><img src="https://m.media-amazon.com/images/I/51SqfeZ12KL._SL500_.jpg" alt="Product Image"></a><p>We R Memory Keepers Cinch Book Binding Wire (1-Inch, Silver (2 Pack))</p><p>$5.99</p><a href="https://www.amazon.com/dp/B004BP81KQ?tag=eloabder-20&linkCode=osi&th=1&psc=1">View Product</a></div>

<div class="product"><a href="https://www.amazon.com/dp/B0007ZJ8TM?tag=eloabder-20&linkCode=osi&th=1&psc=1"><img src="https://m.media-amazon.com/images/I/41i49sz3UAL._SL500_.jpg" alt="Product Image"></a><p>Speedball Super Black India Ink, 2-Ounce</p><p>$9.99 ($9.99 / Count)</p><a href="https://www.amazon.com/dp/B0007ZJ8TM?tag=eloabder-20&linkCode=osi&th=1&psc=1">View Product</a></div><div class="product"><a href="https://www.amazon.com/dp/B0026I10AI?tag=eloabder-20&linkCode=osi&th=1&psc=1"><img src="https://m.media-amazon.com/images/I/31vklP4uBsL._SL500_.jpg" alt="Product Image"></a><p>Dr. Ph. Martin's Bombay India (7BY) Ink Bottle, 1.0 oz, Black</p><p>$6.99</p><a href="https://www.amazon.com/dp/B0026I10AI?tag=eloabder-20&linkCode=osi&th=1&psc=1">View Product</a></div><div class="product"><a href="https://www.amazon.com/dp/B000KNP96C?tag=eloabder-20&linkCode=osi&th=1&psc=1"><img src="https://m.media-amazon.com/images/I/51e9srYtG0L._SL500_.jpg" alt="Product Image"></a><p>Winsor & Newton Drawing Ink, 14ml Bottle, Black Indian</p><p>$10.99</p><a href="https://www.amazon.com/dp/B000KNP96C?tag=eloabder-20&linkCode=osi&th=1&psc=1">View Product</a></div><div class="product"><a href="https://www.amazon.com/dp/B07BQG5QF4?tag=eloabder-20&linkCode=osi&th=1&psc=1"><img src="https://m.media-amazon.com/images/I/41nEMDYZaiL._SL500_.jpg" alt="Product Image"></a><p>Speedball Super Black India Ink, 16-Ounce</p><p>$19.99</p><a href="https://www.amazon.com/dp/B07BQG5QF4?tag=eloabder-20&linkCode=osi&th=1&psc=1">View Product</a></div><div class="product"><a href="https://www.amazon.com/dp/B001038NLY?tag=eloabder-20&linkCode=osi&th=1&psc=1"><img src="https://m.media-amazon.com/images/I/418i4sxJJ0L._SL500_.jpg" alt="Product Image"></a><p>Speedball Fabric Screen Printing Ink, 8-Ounce, Black for T-Shirt and Silkscreen Printmaking</p><p>$12.99 ($1.62 / Fl Oz)</p><a href="https://www.amazon.com/dp/B001038NLY?tag=eloabder-20&linkCode=osi&th=1&psc=1">View Product</a></div><div class="product"><a href="https://www.amazon.com/dp/B00161OPSA?tag=eloabder-20&linkCode=osi&th=1&psc=1"><img src="https://m.media-amazon.com/images/I/41C32y3CJAL._SL500_.jpg" alt="Product Image"></a><p>Tsukineko VersaFine inkpad, Full-Size, Onyx Black</p><p>$4.99 ($4.99 / Count)</p><a href="https://www.amazon.com/dp/B00161OPSA?tag=eloabder-20&linkCode=osi&th=1&psc=1">View Product</a></div>
<div class="product"><a href="https://www.amazon.com/dp/B07Q4TJCDJ?tag=eloabder-20&linkCode=osi&th=1&psc=1"><img src="https://m.media-amazon.com/images/I/315HYvYg-BL._SL500_.jpg" alt="Product Image"></a><p>Primbeeks 300pcs Blank Business Cards, Premium Blank White Cards, 3.5" x 2.2" Small Blank Cards, Blank Cardstock Cards, Small Note Cards, white blank cards, white business cards, kraft paper cards</p><p>$7.99</p><a href="https://www.amazon.com/dp/B07Q4TJCDJ?tag=eloabder-20&linkCode=osi&th=1&psc=1">View Product</a></div><div class="product"><a href="https://www.amazon.com/dp/B0CRGHFLT8?tag=eloabder-20&linkCode=osi&th=1&psc=1"><img src="https://m.media-amazon.com/images/I/41S1NLpb8hL._SL500_.jpg" alt="Product Image"></a><p>Watercolor Cards and Envelopes Set - 50 Folded 5x7 Inch Blank Heavyweight Paper Cards (140lb/300gsm) with Matching Envelopes for DIY Greeting Cards, Festivals, and Events</p><p>$17.99 ($0.36 / Count)</p><a href="https://www.amazon.com/dp/B0CRGHFLT8?tag=eloabder-20&linkCode=osi&th=1&psc=1">View Product</a></div><div class="product"><a href="https://www.amazon.com/dp/B08MX4TZ3H?tag=eloabder-20&linkCode=osi&th=1&psc=1"><img src="https://m.media-amazon.com/images/I/41D2u4vdLQL._SL500_.jpg" alt="Product Image"></a><p>50 Pack Blank Kraft Cards Cardstock Thick Paper Brown Greeting Cards for DIY Gift Card Menus, Baby Shower and Wedding Invitations (Multicolored, 5x7IN)</p><p>$8.99</p><a href="https://www.amazon.com/dp/B08MX4TZ3H?tag=eloabder-20&linkCode=osi&th=1&psc=1">View Product</a></div><div class="product"><a href="https://www.amazon.com/dp/B08BDGGVMK?tag=eloabder-20&linkCode=osi&th=1&psc=1"><img src="https://m.media-amazon.com/images/I/41W-dTUoBqL._SL500_.jpg" alt="Product Image"></a><p>100pcs 3.54"x2" Blank Kraft Paper Business Card, Words Message Notes paper Tags, Mini Craft Cardboard Festival gifts - 6 colors</p><p>$5.98</p><a href="https://www.amazon.com/dp/B08BDGGVMK?tag=eloabder-20&linkCode=osi&th=1&psc=1">View Product</a></div><div class="product"><a href="https://www.amazon.com/dp/B08BFDJJ78?tag=eloabder-20&linkCode=osi&th=1&psc=1"><img src="https://m.media-amazon.com/images/I/61LZ1Csb+dL._SL500_.jpg" alt="Product Image"></a><p>Nettbe 100pcs 3.54"x2" Blank Kraft Paper Business Card, Words Message Notes paper Tags, Mini Craft Cardboard Festival gifts</p><p>$5.99</p><a href="https://www.amazon.com/dp/B08BFDJJ78?tag=eloabder-20&linkCode=osi&th=1&psc=1">View Product</a></div><div class="product"><a href="https://www.amazon.com/dp/B07Q8YBJM3?tag=eloabder-20&linkCode=osi&th=1&psc=1"><img src="https://m.media-amazon.com/images/I/31w6U4cCqEL._SL500_.jpg" alt="Product Image"></a><p>Primbeeks 228pcs Blank Business Cards, Premium Blank White Cards, 3.5" x 2.2" Small Blank Cards, Blank Cardstock Cards, Small Note Cards, white blank cards, white business cards, kraft paper cards</p><p>$5.99</p><a href="https://www.amazon.com/dp/B07Q8YBJM3?tag=eloabder-20&linkCode=osi&th=1&psc=1">View Product</a></div><div class="product"><a href="https://www.amazon.com/dp/B08X4Z9TGN?tag=eloabder-20&linkCode=osi&th=1&psc=1"><img src="https://m.media-amazon.com/images/I/41Jqhe35tDL._SL500_.jpg" alt="Product Image"></a><p>321Done Blank Rustic Cards, Made in USA - 4x6 Thick, Heavy Cardstock - Make Invites, Greeting, Note, Thank You Cards - Plain Kraft for Writing, Stamping, Printing, Art - No Envelopes - Set of 50</p><p>$14.99</p><a href="https://www.amazon.com/dp/B08X4Z9TGN?tag=eloabder-20&linkCode=osi&th=1&psc=1">View Product</a></div><div class="product"><a href="https://www.amazon.com/dp/B0D2KDWBNM?tag=eloabder-20&linkCode=osi&th=1&psc=1"><img src="https://m.media-amazon.com/images/I/31dAhnBJ7aL._SL500_.jpg" alt="Product Image"></a><p>4x6 Blank White Cardstock (Set of 100) - Card Stock for Printer Postcards, Photo Paper Invitations, Greeting, Note, Thank You, DIY Making, Index Cards - Plain for Writing, Stamping, Printing, Art</p><p>$8.99</p><a href="https://www.amazon.com/dp/B0D2KDWBNM?tag=eloabder-20&linkCode=osi&th=1&psc=1">View Product</a></div><div class="product"><a href="https://www.amazon.com/dp/B0BB858RYN?tag=eloabder-20&linkCode=osi&th=1&psc=1"><img src="https://m.media-amazon.com/images/I/317zmriPKNL._SL500_.jpg" alt="Product Image"></a><p>WANDERINGS Handmade White Deckle Edge Blank Greeting Cards- Folded to 5x7” - Pack of 25 - Writers, Artists, Crafters - Thank Yous, Invitations, Menus, Greeting Cards, Notes - Thick 150 GSM</p><p>$21.99 ($0.88 / Count)</p><a href="https://www.amazon.com/dp/B0BB858RYN?tag=eloabder-20&linkCode=osi&th=1&psc=1">View Product</a></div><div class="product"><a href="https://www.amazon.com/dp/B0BZPPXRZW?tag=eloabder-20&linkCode=osi&th=1&psc=1"><img src="https://m.media-amazon.com/images/I/21Da-WQhrpL._SL500_.jpg" alt="Product Image"></a><p>100 Pack Thick Paper Cardstock Blank Heavy Cards Stock for Invitations, Greeting Cards Making, Postcards, Photos, 250GSM Thick Paper (White, 2x3.5 inches)</p><p>$5.99</p><a href="https://www.amazon.com/dp/B0BZPPXRZW?tag=eloabder-20&linkCode=osi&th=1&psc=1">View Product</a></div>
<div class="product"><a href="https://www.amazon.com/dp/B0BZRDQKH6?tag=eloabder-20&linkCode=osi&th=1&psc=1"><img src="https://m.media-amazon.com/images/I/41GYYRiusgL._SL500_.jpg" alt="Product Image"></a><p>feela 8 Pack Unlined Kraft Paper Notebooks, Blank Journal Note Pad for Drawing Writing, Small Sketchbook Travel Journal Bulk for Women Kids Students Office School Supplies, A5, 60 Pages, 8.3” X 5.5”</p><p>$9.99</p><a href="https://www.amazon.com/dp/B0BZRDQKH6?tag=eloabder-20&linkCode=osi&th=1&psc=1">View Product</a></div><div class="product"><a href="https://www.amazon.com/dp/B0BXLB74KK?tag=eloabder-20&linkCode=osi&th=1&psc=1"><img src="https://m.media-amazon.com/images/I/313vYzg7HpL._SL500_.jpg" alt="Product Image"></a><p>ZZTX 4 Pack Blank Kraft Notebooks, Blank Paper Sketchbooks for Drawing Doodling Writing,Travel Journal Set, A5, 36 Pages, 8.3” X 5.5”</p><p>$5.99</p><a href="https://www.amazon.com/dp/B0BXLB74KK?tag=eloabder-20&linkCode=osi&th=1&psc=1">View Product</a></div><div class="product"><a href="https://www.amazon.com/dp/B0BW5TNPXJ?tag=eloabder-20&linkCode=osi&th=1&psc=1"><img src="https://m.media-amazon.com/images/I/31Wu8UP78iL._SL500_.jpg" alt="Product Image"></a><p>EOOUT Kraft Notebooks, Blank Page Journals in Bulk, 16pcs A5, 8.3 X 5.5 Inches, 60 Pages, 80gsm, Travel Journal Set, for Art Camp, Travelers, Students and Office Supplies Sketchbooks Bulk for Kids</p><p>$15.99</p><a href="https://www.amazon.com/dp/B0BW5TNPXJ?tag=eloabder-20&linkCode=osi&th=1&psc=1">View Product</a></div><div class="product"><a href="https://www.amazon.com/dp/B08P3F46SD?tag=eloabder-20&linkCode=osi&th=1&psc=1"><img src="https://m.media-amazon.com/images/I/41jeBDcZJ1L._SL500_.jpg" alt="Product Image"></a><p>Krafty Soft Cover Blank Notebook Journal, Spiral Sketchbook Pad, Drawing Book, 60 Sheets/140gsm (A4)/120 Pages</p><p>$7.99</p><a href="https://www.amazon.com/dp/B08P3F46SD?tag=eloabder-20&linkCode=osi&th=1&psc=1">View Product</a></div><div class="product"><a href="https://www.amazon.com/dp/B0CWNPMC4T?tag=eloabder-20&linkCode=osi&th=1&psc=1"><img src="https://m.media-amazon.com/images/I/31BZeVGe6TL._SL500_.jpg" alt="Product Image"></a><p>zmybcpack 5 Pack Blank Journal Notebooks, Blank Paper Sketchbook for Drawing Writing, Travel Journal Notebook Kraft Paper Notebook for Travelers, Students, Office, A5, 8.26” x 5.5”, 60 Pages/30 Sheets</p><p>$8.99</p><a href="https://www.amazon.com/dp/B0CWNPMC4T?tag=eloabder-20&linkCode=osi&th=1&psc=1">View Product</a></div><div class="product"><a href="https://www.amazon.com/dp/B07WHYP9WN?tag=eloabder-20&linkCode=osi&th=1&psc=1"><img src="https://m.media-amazon.com/images/I/41ZhyCux1yL._SL500_.jpg" alt="Product Image"></a><p>Thick Blank Journal Notebook with Unlined / Unruled / Plain Pages | Deluxe 120gsm Ink Resistant Paper for Writing, Sketch Book, 160 Pages | Hardcover Sketchbook with Pen Holder, Pocket, Ribbon (Black)</p><p>$14.99</p><a href="https://www.amazon.com/dp/B07WHYP9WN?tag=eloabder-20&linkCode=osi&th=1&psc=1">View Product</a></div>
<div class="product"><a href="https://www.amazon.com/dp/B07MT7HKZW?tag=eloabder-20&linkCode=osi&th=1&psc=1"><img src="https://m.media-amazon.com/images/I/413JwH5JREL._SL500_.jpg" alt="Product Image"></a><p>Spiral Sketch Book Large Notebook（Built-in Drawing Board） Kraft Cover Blank Sketch Pad Wirebound Sketching for Drawing Painting 8.5x11-Inch (2 Pack) 200 Sheets, 100 Sheets, 200Pages Each</p><p>$17.99 ($9.00 / Count)</p><a href="https://www.amazon.com/dp/B07MT7HKZW?tag=eloabder-20&linkCode=osi&th=1&psc=1">View Product</a></div><div class="product"><a href="https://www.amazon.com/dp/B0BDQ82WB9?tag=eloabder-20&linkCode=osi&th=1&psc=1"><img src="https://m.media-amazon.com/images/I/51FoWr3GPwL._SL500_.jpg" alt="Product Image"></a><p>feela 170 Pack Blank Kraft Notebooks, Unlined Sketchbook Mini Cute Note Pad for Drawing Writing, Journal Bulk For Kids Students Office School Supplies, A6, 48 Pages, 4.25” X 5.5”, Black and Brown</p><p>$51.99</p><a href="https://www.amazon.com/dp/B0BDQ82WB9?tag=eloabder-20&linkCode=osi&th=1&psc=1">View Product</a></div><div class="product"><a href="https://www.amazon.com/dp/B0B3WWHWT2?tag=eloabder-20&linkCode=osi&th=1&psc=1"><img src="https://m.media-amazon.com/images/I/31m0FzXtPxL._SL500_.jpg" alt="Product Image"></a><p>Tamaki 6 Pack Colorful Blank Books for kids to Write, Drawing, Cute Sketchbook for Kid, 6 Colors (4.25 x 5.5 Inches)</p><p>$6.99</p><a href="https://www.amazon.com/dp/B0B3WWHWT2?tag=eloabder-20&linkCode=osi&th=1&psc=1">View Product</a></div>
<div class="product"><a href="https://www.amazon.com/dp/B0BGH2P9M6?tag=eloabder-20&linkCode=osi&th=1&psc=1"><img src="https://m.media-amazon.com/images/I/41ozOaYoHEL._SL500_.jpg" alt="Product Image"></a><p>EOOUT 100pcs A5 Kraft Notebooks, Blank Page Journals in Bulk, Sketchbooks Bulk for Kids, 60 Pages, 80GSM, 8.3 X 5.5 Inch, Travel Journal Set, for Art Camp, Travelers, Students and Office Supplies</p><p>$51.99</p><a href="https://www.amazon.com/dp/B0BGH2P9M6?tag=eloabder-20&linkCode=osi&th=1&psc=1">View Product</a></div><div class="product"><a href="https://www.amazon.com/dp/B07MT99F94?tag=eloabder-20&linkCode=osi&th=1&psc=1"><img src="https://m.media-amazon.com/images/I/41Ug7gpSWDL._SL500_.jpg" alt="Product Image"></a><p>Spiral Sketch Book Large Notebook（Built-in Drawing Board） Kraft Cover Blank Sketch Pad Wirebound Sketching for Drawing Painting 8.5x11-Inch (1 Pack) 200 Pages, 100 Sheets</p><p>$9.99</p><a href="https://www.amazon.com/dp/B07MT99F94?tag=eloabder-20&linkCode=osi&th=1&psc=1">View Product</a></div><div class="product"><a href="https://www.amazon.com/dp/B07CM32KLM?tag=eloabder-20&linkCode=osi&th=1&psc=1"><img src="https://m.media-amazon.com/images/I/41ENhBLE9DL._SL500_.jpg" alt="Product Image"></a><p>Kraft Cover Drawing Notebook & Sketchbook – Set of 2 Blank Plain Sketch Books – 125g Thick Paper A5 Size, 150x210mm Paper Ideal for Drawing & Sketching- 128 sheets/256 pages – 180 Degree Opening, 2pcs</p><p>$20.99 ($0.08 / Count)</p><a href="https://www.amazon.com/dp/B07CM32KLM?tag=eloabder-20&linkCode=osi&th=1&psc=1">View Product</a></div><div class="product"><a href="https://www.amazon.com/dp/B08ZLMLF7C?tag=eloabder-20&linkCode=osi&th=1&psc=1"><img src="https://m.media-amazon.com/images/I/41X-5yj83vL._SL500_.jpg" alt="Product Image"></a><p>BEECHMORE BOOKS Sketch Book, A4 8.5 x 11.5 inch Blank Sketchbook for Drawing, Paint and Draw, 156 Pages Thick Paper 160gsm, Hardcover Leather Art Notebook, Boxed for Gifts (Chestnut Brown)</p><p>$21.20</p><a href="https://www.amazon.com/dp/B08ZLMLF7C?tag=eloabder-20&linkCode=osi&th=1&psc=1">View Product</a></div>
<div class="product"><a href="https://www.amazon.com/dp/B075M9MSFH?tag=eloabder-20&linkCode=osi&th=1&psc=1"><img src="https://m.media-amazon.com/images/I/51x+szTX6TL._SL500_.jpg" alt="Product Image"></a><p>Bianyo Bleedproof Marker Paper Pad, A4(8.27"X11.69"), 50 Sheets, 18 LB / 70 GSM, Glue-Bound, 100% Cotton, White, Ideal for Use with Markers and Ink Mediums</p><p>$9.99</p><a href="https://www.amazon.com/dp/B075M9MSFH?tag=eloabder-20&linkCode=osi&th=1&psc=1">View Product</a></div><div class="product"><a href="https://www.amazon.com/dp/B08FX5S2NL?tag=eloabder-20&linkCode=osi&th=1&psc=1"><img src="https://m.media-amazon.com/images/I/41CA0ZfazKL._SL500_.jpg" alt="Product Image"></a><p>Marker Paper Sketchbook, Bleedproof Art Marker Pad, (8.27 X 11.69) Inch, White, 40 Sheets</p><p>$6.99</p><a href="https://www.amazon.com/dp/B08FX5S2NL?tag=eloabder-20&linkCode=osi&th=1&psc=1">View Product</a></div><div class="product"><a href="https://www.amazon.com/dp/B0CJRBFSJ8?tag=eloabder-20&linkCode=osi&th=1&psc=1"><img src="https://m.media-amazon.com/images/I/51DLA8TpwEL._SL500_.jpg" alt="Product Image"></a><p>Shuttle Art Marker Pad, 8.3”x8.9” Portable Square Sketchbook, 80 Sheets Marker Drawing Paper, 120LB/200GSM Bleedproof Art Paper, Spiral-Bound, Great for Professional Artist to Draw, Paint & Sketch</p><p>$16.99</p><a href="https://www.amazon.com/dp/B0CJRBFSJ8?tag=eloabder-20&linkCode=osi&th=1&psc=1">View Product</a></div><div class="product"><a href="https://www.amazon.com/dp/B09N7VX5Z5?tag=eloabder-20&linkCode=osi&th=1&psc=1"><img src="https://m.media-amazon.com/images/I/51xCPs9HZyL._SL500_.jpg" alt="Product Image"></a><p>Marker Paper Sketchbook - Marker Sketchbook with Bleedproof Smooth Coated Art Paper, 120 GSM 80 LBS - Marker Pad for Alcohol Markers, Sketching, Drawing - 8.11 x 8.5 Inch | 50 Sheets, 2 Pack</p><p>$15.99 ($8.00 / Count)</p><a href="https://www.amazon.com/dp/B09N7VX5Z5?tag=eloabder-20&linkCode=osi&th=1&psc=1">View Product</a></div><div class="product"><a href="https://www.amazon.com/dp/B07CK94W9T?tag=eloabder-20&linkCode=osi&th=1&psc=1"><img src="https://m.media-amazon.com/images/I/41ocoSNDjdL._SL500_.jpg" alt="Product Image"></a><p>BOXUN Premium 50 Sheets Sketch Marker Paper Pad, Bleedproof Artist Drawing Paper, 8.27 x 11.69 Inch</p><p>$8.29 ($0.17 / Count)</p><a href="https://www.amazon.com/dp/B07CK94W9T?tag=eloabder-20&linkCode=osi&th=1&psc=1">View Product</a></div><div class="product"><a href="https://www.amazon.com/dp/B0CPXWD11W?tag=eloabder-20&linkCode=osi&th=1&psc=1"><img src="https://m.media-amazon.com/images/I/51ApKzpDVNL._SL500_.jpg" alt="Product Image"></a><p>FEITAKE Marker Paper Pad Sketchbook Bleedproof for Alcohol Markers 120lb/200gsm Double Sided Thick Art Drawing Papers 60pages (30Sheets) / A4(8.3"x11.7") Gift for Artists Students Kids</p><p>$13.99 ($0.47 / Count)</p><a href="https://www.amazon.com/dp/B0CPXWD11W?tag=eloabder-20&linkCode=osi&th=1&psc=1">View Product</a></div><div class="product"><a href="https://www.amazon.com/dp/B0025TWYW6?tag=eloabder-20&linkCode=osi&th=1&psc=1"><img src="https://m.media-amazon.com/images/I/51t6UkUHCvL._SL500_.jpg" alt="Product Image"></a><p>Bee Paper Bleedproof Marker Pack, 8-1/2-Inch by 11-Inch, 50 Sheets per Pack</p><p>$17.09 ($0.34 / Count)</p><a href="https://www.amazon.com/dp/B0025TWYW6?tag=eloabder-20&linkCode=osi&th=1&psc=1">View Product</a></div><div class="product"><a href="https://www.amazon.com/dp/B0CJRBYYQB?tag=eloabder-20&linkCode=osi&th=1&psc=1"><img src="https://m.media-amazon.com/images/I/41knBnjZ25L._SL500_.jpg" alt="Product Image"></a><p>Shuttle Art Marker Pad, 8.3”x7.67” Portable Square Sketchbook, 50 Sheets Marker Drawing Paper, 60LB/90GSM Smooth Surface Bleedproof Art Paper, Glue-Bound, Great for Beginners to Draw, Paint & Sketch</p><p>$8.99 ($0.18 / Count)</p><a href="https://www.amazon.com/dp/B0CJRBYYQB?tag=eloabder-20&linkCode=osi&th=1&psc=1">View Product</a></div>
<div class="product"><a href="https://www.amazon.com/dp/B00881IU8M?tag=eloabder-20&linkCode=osi&th=1&psc=1"><img src="https://m.media-amazon.com/images/I/41hbSgdLBtL._SL500_.jpg" alt="Product Image"></a><p>Speedball Fabric & Paper Block Printing Ink 6-Color Set, 1.25-Ounce x 6</p><p>$28.99 ($28.99 / Count)</p><a href="https://www.amazon.com/dp/B00881IU8M?tag=eloabder-20&linkCode=osi&th=1&psc=1">View Product</a></div><div class="product"><a href="https://www.amazon.com/dp/B000J09PFM?tag=eloabder-20&linkCode=osi&th=1&psc=1"><img src="https://m.media-amazon.com/images/I/51yPRc4nvoL._SL500_.jpg" alt="Product Image"></a><p>Speedball Water-Soluble Block Printing Ink Starter Set, 6 Bold Colors with Satin Finish, 1.25-Ounce Tubes</p><p>$29.99 ($4.00 / Fl Oz)</p><a href="https://www.amazon.com/dp/B000J09PFM?tag=eloabder-20&linkCode=osi&th=1&psc=1">View Product</a></div><div class="product"><a href="https://www.amazon.com/dp/B000BYT24U?tag=eloabder-20&linkCode=osi&th=1&psc=1"><img src="https://m.media-amazon.com/images/I/51pDlo+LlKL._SL500_.jpg" alt="Product Image"></a><p>Speedball Water-Soluble Block Printing Ink, 8-Ounce Jar, Black</p><p>$14.49</p><a href="https://www.amazon.com/dp/B000BYT24U?tag=eloabder-20&linkCode=osi&th=1&psc=1">View Product</a></div><div class="product"><a href="https://www.amazon.com/dp/B00C1JUJWW?tag=eloabder-20&linkCode=osi&th=1&psc=1"><img src="https://m.media-amazon.com/images/I/41zDtJ6f5hL._SL500_.jpg" alt="Product Image"></a><p>Speedball Fabric Block Printing Ink, 2.5-Ounce, Black</p><p>$9.99 ($4.00 / Fl Oz)</p><a href="https://www.amazon.com/dp/B00C1JUJWW?tag=eloabder-20&linkCode=osi&th=1&psc=1">View Product</a></div><div class="product"><a href="https://www.amazon.com/dp/B004PZ1ZJG?tag=eloabder-20&linkCode=osi&th=1&psc=1"><img src="https://m.media-amazon.com/images/I/41+GkhhpR5L._SL500_.jpg" alt="Product Image"></a><p>Speedball Water-Soluble Block Printing Ink Starter Set, 4-Color Set, 1.25-Ounce Tubes</p><p>$20.99</p><a href="https://www.amazon.com/dp/B004PZ1ZJG?tag=eloabder-20&linkCode=osi&th=1&psc=1">View Product</a></div><div class="product"><a href="https://www.amazon.com/dp/B0017CZF3C?tag=eloabder-20&linkCode=osi&th=1&psc=1"><img src="https://m.media-amazon.com/images/I/41S17SYPAZL._SL500_.jpg" alt="Product Image"></a><p>Speedball Water Soluble Block Printing Ink, Black, 2-1/2 Ounces - 380663</p><p>$9.99</p><a href="https://www.amazon.com/dp/B0017CZF3C?tag=eloabder-20&linkCode=osi&th=1&psc=1">View Product</a></div><div class="product"><a href="https://www.amazon.com/dp/B0BXNX8FSH?tag=eloabder-20&linkCode=osi&th=1&psc=1"><img src="https://m.media-amazon.com/images/I/51JGm1VxVOL._SL500_.jpg" alt="Product Image"></a><p>Falling in Art Water-Soluble Block Printing Ink, 6-Color Printmaking Ink Set for Linoleum Block, 3.5 floz</p><p>$28.99</p><a href="https://www.amazon.com/dp/B0BXNX8FSH?tag=eloabder-20&linkCode=osi&th=1&psc=1">View Product</a></div><div class="product"><a href="https://www.amazon.com/dp/B0027ACJBO?tag=eloabder-20&linkCode=osi&th=1&psc=1"><img src="https://m.media-amazon.com/images/I/41OzayB9ojL._SL500_.jpg" alt="Product Image"></a><p>Speedball 3476 Oil-Based Block Printing Ink Starter Set for Professional, Permanent Prints AP Certified – 1.25 FL OZ Tubes</p><p>$33.99</p><a href="https://www.amazon.com/dp/B0027ACJBO?tag=eloabder-20&linkCode=osi&th=1&psc=1">View Product</a></div>
<div class="product"><a href="https://www.amazon.com/dp/B0027AGDWK?tag=eloabder-20&linkCode=osi&th=1&psc=1"><img src="https://m.media-amazon.com/images/I/515LDer6GPL._SL500_.jpg" alt="Product Image"></a><p>Speedball Deluxe Block Printing Kit - Includes Inks, Brayer, Bench Hook, Lino Handle and Cutters, Speedy-Carve Block, Mounted Linoleum Block</p><p>$59.99</p><a href="https://www.amazon.com/dp/B0027AGDWK?tag=eloabder-20&linkCode=osi&th=1&psc=1">View Product</a></div><div class="product"><a href="https://www.amazon.com/dp/B07ZJBZN5S?tag=eloabder-20&linkCode=osi&th=1&psc=1"><img src="https://m.media-amazon.com/images/I/41UbN58y9uS._SL500_.jpg" alt="Product Image"></a><p>SGHUO 12pcs 4"x6" Pink Rubber Carving Blocks Linoleum Block Stamp Making Kit</p><p>$22.99 ($1.92 / Count)</p><a href="https://www.amazon.com/dp/B07ZJBZN5S?tag=eloabder-20&linkCode=osi&th=1&psc=1">View Product</a></div>
<div class="product"><a href="https://www.amazon.com/dp/B00L2DYUM8?tag=eloabder-20&linkCode=osi&th=1&psc=1"><img src="https://m.media-amazon.com/images/I/51l5FZ0+5AL._SL500_.jpg" alt="Product Image"></a><p>Strathmore 300 Series Printmaking Paper Pad, Glue Bound, 5x7 inches, 40 Sheets (120g) - Artist Paper for Adults and Students - Block Printing, Linocut, Screen Printing, White</p><p>$7.26</p><a href="https://www.amazon.com/dp/B00L2DYUM8?tag=eloabder-20&linkCode=osi&th=1&psc=1">View Product</a></div><div class="product"><a href="https://www.amazon.com/dp/B07BSYS5XC?tag=eloabder-20&linkCode=osi&th=1&psc=1"><img src="https://m.media-amazon.com/images/I/51Uwfq0jv+L._SL500_.jpg" alt="Product Image"></a><p>Ucreate Printmaking Paper, 9"x12", White, 100 Sheet, P9001</p><p>$9.79</p><a href="https://www.amazon.com/dp/B07BSYS5XC?tag=eloabder-20&linkCode=osi&th=1&psc=1">View Product</a></div><div class="product"><a href="https://www.amazon.com/dp/B00K5562WA?tag=eloabder-20&linkCode=osi&th=1&psc=1"><img src="https://m.media-amazon.com/images/I/51Dm+TeJGdL._SL500_.jpg" alt="Product Image"></a><p>Strathmore Printmaking Paper Pad 8"X10"-20 Sheets -62433800, White</p><p>$10.19</p><a href="https://www.amazon.com/dp/B00K5562WA?tag=eloabder-20&linkCode=osi&th=1&psc=1">View Product</a></div><div class="product"><a href="https://www.amazon.com/dp/B001DNH8I0?tag=eloabder-20&linkCode=osi&th=1&psc=1"><img src="https://m.media-amazon.com/images/I/51UzoKdUojL._SL500_.jpg" alt="Product Image"></a><p>Black Ink 9-Inch by 12-Inch Bleached Mulberry Block Printing Paper, 25-Pack</p><p>$19.35 ($0.77 / Count)</p><a href="https://www.amazon.com/dp/B001DNH8I0?tag=eloabder-20&linkCode=osi&th=1&psc=1">View Product</a></div><div class="product"><a href="https://www.amazon.com/dp/B00C6G6L5Y?tag=eloabder-20&linkCode=osi&th=1&psc=1"><img src="https://m.media-amazon.com/images/I/5103h0Rm8sL._SL500_.jpg" alt="Product Image"></a><p>Black Ink Thai Mulberry Block Printing Paper Packs small assorted colors</p><p>$21.99</p><a href="https://www.amazon.com/dp/B00C6G6L5Y?tag=eloabder-20&linkCode=osi&th=1&psc=1">View Product</a></div>
<div class="product"><a href="https://www.amazon.com/dp/B003IG27OK?tag=eloabder-20&linkCode=osi&th=1&psc=1"><img src="https://m.media-amazon.com/images/I/416NUaYo1DL._SL500_.jpg" alt="Product Image"></a><p>Speedball Block Printing Baren - Comfortable Wooden Handle, Made in the USA - 4 Inches</p><p>$29.49</p><a href="https://www.amazon.com/dp/B003IG27OK?tag=eloabder-20&linkCode=osi&th=1&psc=1">View Product</a></div>
<div class="product"><a href="https://www.amazon.com/dp/B0CMZYY8CJ?tag=eloabder-20&linkCode=osi&th=1&psc=1"><img src="https://m.media-amazon.com/images/I/41TifSIP7SL._SL500_.jpg" alt="Product Image"></a><p>Ecoofor Blotting Paper for Flower Press, 20 Sheets Highly Absorbent and Reusable Blotter Paper for Flower Press Paper Craft 9 x 9 inch</p><p>$9.99</p><a href="https://www.amazon.com/dp/B0CMZYY8CJ?tag=eloabder-20&linkCode=osi&th=1&psc=1">View Product</a></div><div class="product"><a href="https://www.amazon.com/dp/B0CYRT3RM4?tag=eloabder-20&linkCode=osi&th=1&psc=1"><img src="https://m.media-amazon.com/images/I/31+qvVq3giL._SL500_.jpg" alt="Product Image"></a><p>Hygge & Sage Premium Natural Fiber Blotting Paper for Flower Press Art; 20 Large Sheets for a Press up to 8x11 Inches; Absorbent, Versatile, and Acid-Free Reusable Blotter Paper for Flower Pressing</p><p>$9.50 ($0.48 / Count)</p><a href="https://www.amazon.com/dp/B0CYRT3RM4?tag=eloabder-20&linkCode=osi&th=1&psc=1">View Product</a></div><div class="product"><a href="https://www.amazon.com/dp/B0D41GDLHM?tag=eloabder-20&linkCode=osi&th=1&psc=1"><img src="https://m.media-amazon.com/images/I/41LIF5dHXaL._SL500_.jpg" alt="Product Image"></a><p>Aboofx 20 Sheets Blotting Paper for Flower Press, 15" x 10" Extra Large Highly Absorbent Blotter Paper for Flower Press Reusable Herbarium Paper Craft Blotter Paper Sheets</p><p>$19.99</p><a href="https://www.amazon.com/dp/B0D41GDLHM?tag=eloabder-20&linkCode=osi&th=1&psc=1">View Product</a></div><div class="product"><a href="https://www.amazon.com/dp/B0CQMMYSBR?tag=eloabder-20&linkCode=osi&th=1&psc=1"><img src="https://m.media-amazon.com/images/I/413SlUi6IDL._SL500_.jpg" alt="Product Image"></a><p>Wisreach Blotting Paper for Flower Press, 20 Sheets Flower Press Paper Highly Absorbent and Reusable Blotter Paper for Flower Art A4 Size 8.26 x 11.4 inch</p><p>$9.99</p><a href="https://www.amazon.com/dp/B0CQMMYSBR?tag=eloabder-20&linkCode=osi&th=1&psc=1">View Product</a></div><div class="product"><a href="https://www.amazon.com/dp/B093FQ22PG?tag=eloabder-20&linkCode=osi&th=1&psc=1"><img src="https://m.media-amazon.com/images/I/41B2jXhe+QL._SL500_.jpg" alt="Product Image"></a><p>Blotting Paper for Flower Press by Berstuk® • Large A4 Flower Press Paper • Highly Absorbent and Reusable Herbarium Paper • Pack of 10 Blotter Paper Sheets</p><p>$6.99 ($69.90 / 100 Sheets)</p><a href="https://www.amazon.com/dp/B093FQ22PG?tag=eloabder-20&linkCode=osi&th=1&psc=1">View Product</a></div><div class="product"><a href="https://www.amazon.com/dp/B0C6PW4VGB?tag=eloabder-20&linkCode=osi&th=1&psc=1"><img src="https://m.media-amazon.com/images/I/21C64VB3iVL._SL500_.jpg" alt="Product Image"></a><p>PATIKIL 16"x12" Flower Press Paper, 1 Set/30 Sheet Refill Lining Blotter Paper Absorbent Reusable Blotting Paper for DIY Art Handicraft Scrapbook</p><p>$11.19</p><a href="https://www.amazon.com/dp/B0C6PW4VGB?tag=eloabder-20&linkCode=osi&th=1&psc=1">View Product</a></div><div class="product"><a href="https://www.amazon.com/dp/B0C6PTK915?tag=eloabder-20&linkCode=osi&th=1&psc=1"><img src="https://m.media-amazon.com/images/I/21UviFCGjtL._SL500_.jpg" alt="Product Image"></a><p>PATIKIL 12"x8" Flower Press Paper, 2 Set/60 Sheet Refill Lining Blotter Paper Absorbent Reusable Blotting Paper for DIY Art Handicraft Scrapbook</p><p>$13.69</p><a href="https://www.amazon.com/dp/B0C6PTK915?tag=eloabder-20&linkCode=osi&th=1&psc=1">View Product</a></div><div class="product"><a href="https://www.amazon.com/dp/B0CDJZ4MD7?tag=eloabder-20&linkCode=osi&th=1&psc=1"><img src="https://m.media-amazon.com/images/I/41iwkW+QQOL._SL500_.jpg" alt="Product Image"></a><p>30 PCS Blotting Paper for Flower Press Large A4 Flower Press Paper Highly Absorbent and Reusable Blotter Paper Refill Lining Paper for Flower Press Art Craft Scrapbook Making, 11.8 x 7.9 Inches Blue</p><p>$9.99</p><a href="https://www.amazon.com/dp/B0CDJZ4MD7?tag=eloabder-20&linkCode=osi&th=1&psc=1">View Product</a></div>

<div class="product"><a href="https://www.amazon.com/dp/B0D2T4F1DZ?tag=eloabder-20&linkCode=osi&th=1&psc=1"><img src="https://m.media-amazon.com/images/I/41KNcatyBWL._SL500_.jpg" alt="Product Image"></a><p>10pcs Book Cloth,14”x10”,Fabric Surface and Paper Backed, book cloth for book binding,book binding fabric,5 Colors Bookbinding Cloth for DIY fabric book cover,bookbinding paper (Style B)</p><p>$9.99</p><a href="https://www.amazon.com/dp/B0D2T4F1DZ?tag=eloabder-20&linkCode=osi&th=1&psc=1">View Product</a></div><div class="product"><a href="https://www.amazon.com/dp/B0CMD2LWR8?tag=eloabder-20&linkCode=osi&th=1&psc=1"><img src="https://m.media-amazon.com/images/I/31QVUZVSB+L._SL500_.jpg" alt="Product Image"></a><p>Mozeat Lens 33 ft Bookbinding Tape Book Tape Repair Book Binding Tape Cloth Book Repair Kit 2 Inch Wide Book Spine Tape Cloth Bookbinding Repair Tape White Book Tape for Reinforcing Book Spine Tape</p><p>$7.99</p><a href="https://www.amazon.com/dp/B0CMD2LWR8?tag=eloabder-20&linkCode=osi&th=1&psc=1">View Product</a></div><div class="product"><a href="https://www.amazon.com/dp/B0D1KC168C?tag=eloabder-20&linkCode=osi&th=1&psc=1"><img src="https://m.media-amazon.com/images/I/31wWgk-1V4L._SL500_.jpg" alt="Product Image"></a><p>AKONEGE Book Cloth for Book Binding 35 x 16 Inch Fabric Surface and Paper Backed, Strong, Easy to Use, Fabric Materials Bookbinding Supplies Bookcloth for Scrapbooking Album DIY Crafts, Black</p><p>$9.99</p><a href="https://www.amazon.com/dp/B0D1KC168C?tag=eloabder-20&linkCode=osi&th=1&psc=1">View Product</a></div><div class="product"><a href="https://www.amazon.com/dp/B0BC48CCWW?tag=eloabder-20&linkCode=osi&th=1&psc=1"><img src="https://m.media-amazon.com/images/I/41vTc+L-XyL._SL500_.jpg" alt="Product Image"></a><p>Wooqu Book Cloth, Fabric Surface and Paper Backed, Easy to Use, Strong, 17x29”, for Book Binding, Dark Green</p><p>$13.99</p><a href="https://www.amazon.com/dp/B0BC48CCWW?tag=eloabder-20&linkCode=osi&th=1&psc=1">View Product</a></div><div class="product"><a href="https://www.amazon.com/dp/B00W3S7LU4?tag=eloabder-20&linkCode=osi&th=1&psc=1"><img src="https://m.media-amazon.com/images/I/41mUL1LmSHS._SL500_.jpg" alt="Product Image"></a><p>BookGuard 2 inch Premium Bookbinding Repair Cloth Tape, 15 Yard Roll Burgundy</p><p>$14.95</p><a href="https://www.amazon.com/dp/B00W3S7LU4?tag=eloabder-20&linkCode=osi&th=1&psc=1">View Product</a></div>

<div class="product"><a href="https://www.amazon.com/dp/B0D3HPD7WP?tag=eloabder-20&linkCode=osi&th=1&psc=1"><img src="https://m.media-amazon.com/images/I/31KSmmAWUWL._SL500_.jpg" alt="Product Image"></a><p>50 Sheets Grey Cardstock Paper, Colored Printer Paper 8.5 x 11, Thick Construction Paper for Cards Making, Scrapbook，Office Printing, Invitations, Certificates，DIY Crafting 92 lb/250gsm</p><p>$9.99</p><a href="https://www.amazon.com/dp/B0D3HPD7WP?tag=eloabder-20&linkCode=osi&th=1&psc=1">View Product</a></div>
<div class="product"><a href="https://www.amazon.com/dp/B076CP6F36?tag=eloabder-20&linkCode=osi&th=1&psc=1"><img src="https://m.media-amazon.com/images/I/51rfEIvgI+L._SL500_.jpg" alt="Product Image"></a><p>Apple Barrel, Vibrant Spectrum Collection Acrylic Craft Paint, PROMOABIII, 2 fl oz each, 16 assorted matte colors, 16 count</p><p>$15.97 ($0.50 / Fl Oz)</p><a href="https://www.amazon.com/dp/B076CP6F36?tag=eloabder-20&linkCode=osi&th=1&psc=1">View Product</a></div><div class="product"><a href="https://www.amazon.com/dp/B0BKFLSYQF?tag=eloabder-20&linkCode=osi&th=1&psc=1"><img src="https://m.media-amazon.com/images/I/51a0PmPRknL._SL500_.jpg" alt="Product Image"></a><p>72 Pack Acrylic Paint Set, Shuttle Art 60 Colors Acrylic Paint Including Extra White Black & 12 Brushes, 2oz/60ml, Rich Pigmented, Water Proof, Ideal for Artists, Beginners on Canvas Rock Wood Ceramic</p><p>$45.99 ($23.00 / Fl Oz)</p><a href="https://www.amazon.com/dp/B0BKFLSYQF?tag=eloabder-20&linkCode=osi&th=1&psc=1">View Product</a></div><div class="product"><a href="https://www.amazon.com/dp/B08CB3JH79?tag=eloabder-20&linkCode=osi&th=1&psc=1"><img src="https://m.media-amazon.com/images/I/51OUZsFdnTL._SL500_.jpg" alt="Product Image"></a><p>Acrylic Paint Set of 36 Colors 2fl oz 60ml Bottles,Non Toxic 36 Colors Acrylic Paint No Fading Rich Pigment for Kids Adults Artists Canvas Crafts Wood Painting</p><p>$32.99 ($0.46 / Fl Oz)</p><a href="https://www.amazon.com/dp/B08CB3JH79?tag=eloabder-20&linkCode=osi&th=1&psc=1">View Product</a></div><div class="product"><a href="https://www.amazon.com/dp/B0018NBVKQ?tag=eloabder-20&linkCode=osi&th=1&psc=1"><img src="https://m.media-amazon.com/images/I/31YlSvZMTCL._SL500_.jpg" alt="Product Image"></a><p>Apple Barrel Acrylic Paint in Assorted Colors (8 Ounce), 20403 White</p><p>$2.67 ($0.33 / Fl Oz)</p><a href="https://www.amazon.com/dp/B0018NBVKQ?tag=eloabder-20&linkCode=osi&th=1&psc=1">View Product</a></div><div class="product"><a href="https://www.amazon.com/dp/B077WSBLZ1?tag=eloabder-20&linkCode=osi&th=1&psc=1"><img src="https://m.media-amazon.com/images/I/51KPkXpLn1L._SL500_.jpg" alt="Product Image"></a><p>Shuttle Art Acrylic Paint Set, 30 x12ml Tubes Artist Quality Non Toxic Rich Pigments Colors Great for Kids Adults Professional Painting on Rocks Canvas Wood Clay Fabric Ceramic Crafts</p><p>$12.99 ($1.08 / Fl Oz)</p><a href="https://www.amazon.com/dp/B077WSBLZ1?tag=eloabder-20&linkCode=osi&th=1&psc=1">View Product</a></div><div class="product"><a href="https://www.amazon.com/dp/B00889Z5Y6?tag=eloabder-20&linkCode=osi&th=1&psc=1"><img src="https://m.media-amazon.com/images/I/41MQjsyDbSL._SL500_.jpg" alt="Product Image"></a><p>Apple Barrel Acrylic Paint in Assorted Colors (2 oz), 20764, Apricot</p><p>$0.58 ($0.29 / Fl Oz)</p><a href="https://www.amazon.com/dp/B00889Z5Y6?tag=eloabder-20&linkCode=osi&th=1&psc=1">View Product</a></div><div class="product"><a href="https://www.amazon.com/dp/B09TWQD5ZL?tag=eloabder-20&linkCode=osi&th=1&psc=1"><img src="https://m.media-amazon.com/images/I/41B0L003QXL._SL500_.jpg" alt="Product Image"></a><p>Artkey Acrylic Paint Set - 24 colors 2 oz/59 ml Acrylic Paints Professional Artists Painting Kit for Canvases Fabric Rock Leather Easter Egg Wood Ceramic Glass Art Craft Painting</p><p>$19.99 ($0.42 / Fl Oz)</p><a href="https://www.amazon.com/dp/B09TWQD5ZL?tag=eloabder-20&linkCode=osi&th=1&psc=1">View Product</a></div><div class="product"><a href="https://www.amazon.com/dp/B07Z93LQDB?tag=eloabder-20&linkCode=osi&th=1&psc=1"><img src="https://m.media-amazon.com/images/I/51veoN6zK0L._SL500_.jpg" alt="Product Image"></a><p>Shuttle Art Acrylic Paint Set, 36 Colors Acrylic Paint with Brushes & Palette, 2oz Bottles, Rich Pigments Non-toxic Paint for Artists Kids & Adults, Art Supplies for Canvas Rock Ceramic Wood Painting</p><p>$27.99</p><a href="https://www.amazon.com/dp/B07Z93LQDB?tag=eloabder-20&linkCode=osi&th=1&psc=1">View Product</a></div><div class="product"><a href="https://www.amazon.com/dp/B002665SYY?tag=eloabder-20&linkCode=osi&th=1&psc=1"><img src="https://m.media-amazon.com/images/I/31sJJeWK6OS._SL500_.jpg" alt="Product Image"></a><p>Liquitex BASICS Acrylic Paint, 250ml (8.5-oz) Tube, Titanium White</p><p>$9.99 ($1.18 / Fl Oz)</p><a href="https://www.amazon.com/dp/B002665SYY?tag=eloabder-20&linkCode=osi&th=1&psc=1">View Product</a></div>
<div class="product"><a href="https://www.amazon.com/dp/B0CC98XLGL?tag=eloabder-20&linkCode=osi&th=1&psc=1"><img src="https://m.media-amazon.com/images/I/51ZLw+nThiL._SL500_.jpg" alt="Product Image"></a><p>HUIRUSO 4 Pack Double Sided Tape Roller, Scrapbook Supplies, Glue Tape Roller for Crafts, Double-Sided Adhesive Tape Runner for Scrapbooking, School Office Journaling Supplies (0.31 in X 26.25 ft)</p><p>$6.99 ($1.75 / Count)</p><a href="https://www.amazon.com/dp/B0CC98XLGL?tag=eloabder-20&linkCode=osi&th=1&psc=1">View Product</a></div><div class="product"><a href="https://www.amazon.com/dp/B007XAAE6K?tag=eloabder-20&linkCode=osi&th=1&psc=1"><img src="https://m.media-amazon.com/images/I/414qxYVR0wL._SL500_.jpg" alt="Product Image"></a><p>Scotch Double Sided Tape Runner, 1-Pack, 0.27 in x 26 ft., Perfect for Holiday Crafts, Gifts, and More</p><p>$4.47</p><a href="https://www.amazon.com/dp/B007XAAE6K?tag=eloabder-20&linkCode=osi&th=1&psc=1">View Product</a></div><div class="product"><a href="https://www.amazon.com/dp/B0BZVGPFSK?tag=eloabder-20&linkCode=osi&th=1&psc=1"><img src="https://m.media-amazon.com/images/I/51-ue9+7JkL._SL500_.jpg" alt="Product Image"></a><p>Birllaid Double Sided Tape for Walls, Picture Hanging Strips Removable Mounting Dots Adhesive Heavy Duty, Removable for Art Craft, Decoration, Party Supplies, Multipurpose</p><p>$11.99</p><a href="https://www.amazon.com/dp/B0BZVGPFSK?tag=eloabder-20&linkCode=osi&th=1&psc=1">View Product</a></div><div class="product"><a href="https://www.amazon.com/dp/B0CGVN9SL1?tag=eloabder-20&linkCode=osi&th=1&psc=1"><img src="https://m.media-amazon.com/images/I/41Hy+i4CnoL._SL500_.jpg" alt="Product Image"></a><p>30Ft x 1 Inch Hook and Loop Strips with Adhesive,Double Rolls of Heavy Duty Self Adhesive Tape with Backing, Nylon Self Adhesive Tape for Home Office School and Crafting,White</p><p>$9.99</p><a href="https://www.amazon.com/dp/B0CGVN9SL1?tag=eloabder-20&linkCode=osi&th=1&psc=1">View Product</a></div><div class="product"><a href="https://www.amazon.com/dp/B07Y3VDPLF?tag=eloabder-20&linkCode=osi&th=1&psc=1"><img src="https://m.media-amazon.com/images/I/41cyKQ2OMuL._SL500_.jpg" alt="Product Image"></a><p>Melsan 1x4 inch Hook and Loop Strips with Adhesive - 15 Sets, Strong Back Adhesive Fasten Mounting Tape for Home or Office Use - Instead of Holes and Screws, Black</p><p>$7.82</p><a href="https://www.amazon.com/dp/B07Y3VDPLF?tag=eloabder-20&linkCode=osi&th=1&psc=1">View Product</a></div><div class="product"><a href="https://www.amazon.com/dp/B07V57VJT5?tag=eloabder-20&linkCode=osi&th=1&psc=1"><img src="https://m.media-amazon.com/images/I/514JO3bvl3L._SL500_.jpg" alt="Product Image"></a><p>XFasten Adhesive Roller for Scrapbooking, 8mm x 30ft 4-Pack Double Sided Glue Tape Roller, Scrapbook Supplies for Adults, Photo Tape for Scrapbooking</p><p>$9.99 ($2.50 / Count)</p><a href="https://www.amazon.com/dp/B07V57VJT5?tag=eloabder-20&linkCode=osi&th=1&psc=1">View Product</a></div><div class="product"><a href="https://www.amazon.com/dp/B07JLTGQHX?tag=eloabder-20&linkCode=osi&th=1&psc=1"><img src="https://m.media-amazon.com/images/I/51Eqfo7kUZL._SL500_.jpg" alt="Product Image"></a><p>UPINS 120 Pack Double Sided Foam Tape Square Self-Adhesive Foam Tape Black Strong Tape Pads for DIY Art Crafts Supplies</p><p>$9.99 ($0.08 / Count)</p><a href="https://www.amazon.com/dp/B07JLTGQHX?tag=eloabder-20&linkCode=osi&th=1&psc=1">View Product</a></div><div class="product"><a href="https://www.amazon.com/dp/B005FM6XF4?tag=eloabder-20&linkCode=osi&th=1&psc=1"><img src="https://m.media-amazon.com/images/I/51-vp1WJ89L._SL500_.jpg" alt="Product Image"></a><p>AdTech 5603 Permanent Crafter's Tape, 0.31" x 315", Pack of 4</p><p>$7.84 ($0.07 / Foot)</p><a href="https://www.amazon.com/dp/B005FM6XF4?tag=eloabder-20&linkCode=osi&th=1&psc=1">View Product</a></div><div class="product"><a href="https://www.amazon.com/dp/B0CJF1FLFJ?tag=eloabder-20&linkCode=osi&th=1&psc=1"><img src="https://m.media-amazon.com/images/I/51dig1RqzdL._SL500_.jpg" alt="Product Image"></a><p>UPINS 150Pack Double Sided Foam Tape Strong Sticky Double Sided Foam Pads for Crafts Self-Adhesive Mounting Foam Tape Heavy Duty for Home Wall Decor 40 * 40 * 2mm</p><p>$8.99 ($0.06 / Count)</p><a href="https://www.amazon.com/dp/B0CJF1FLFJ?tag=eloabder-20&linkCode=osi&th=1&psc=1">View Product</a></div><div class="product"><a href="https://www.amazon.com/dp/B0D4YWRGCL?tag=eloabder-20&linkCode=osi&th=1&psc=1"><img src="https://m.media-amazon.com/images/I/41EqJ553-KL._SL500_.jpg" alt="Product Image"></a><p>Amanbo Glue Tape for Scrapbooking, 6 Pack Scrapbook Tape, Double Sided Tape Roller for Crafts, Total 120 Ft x 0.24 in Tape Runner, Craft Supplies for Scrapbooking, Gift Wrapping and Photo Tape</p><p>$6.99</p><a href="https://www.amazon.com/dp/B0D4YWRGCL?tag=eloabder-20&linkCode=osi&th=1&psc=1">View Product</a></div>
<div class="product"><a href="https://www.amazon.com/dp/B0CC5HPPTN?tag=eloabder-20&linkCode=osi&th=1&psc=1"><img src="https://m.media-amazon.com/images/I/519M81S201L._SL500_.jpg" alt="Product Image"></a><p>Airbrush Paint - 30 Colors with 3 Thinner, Ready to Spray Airbrush Paint Set, Water-Based Acrylic Air brush Paints for Metal, Plastic Models, Canvas, Wood, 20ml/Bottle</p><p>$32.99 ($1.48 / Fl Oz)</p><a href="https://www.amazon.com/dp/B0CC5HPPTN?tag=eloabder-20&linkCode=osi&th=1&psc=1">View Product</a></div>
<div class="product"><a href="https://www.amazon.com/dp/B0CXPSGK36?tag=eloabder-20&linkCode=osi&th=1&psc=1"><img src="https://m.media-amazon.com/images/I/51dd2dYOtrL._SL500_.jpg" alt="Product Image"></a><p>Letter Stickers 30 Sheets 1500 PCS Large Alphabet Sticker 2 Inch Vinyl Self Adhesive Stick on Stickers for Water Bottles Cup Mailbox Number Address Craft Scrapbooking Bulletin Board Decor Multicolor</p><p>$9.99</p><a href="https://www.amazon.com/dp/B0CXPSGK36?tag=eloabder-20&linkCode=osi&th=1&psc=1">View Product</a></div><div class="product"><a href="https://www.amazon.com/dp/B07NNYFMGY?tag=eloabder-20&linkCode=osi&th=1&psc=1"><img src="https://m.media-amazon.com/images/I/51yDnU+gEXL._SL500_.jpg" alt="Product Image"></a><p>20 Sheets Alphabet Letter Stickers 10 Colors Self Adhesive Sticker Colorful PU Material Convex Feeling (Colored Letter Stickers 1)</p><p>$6.99 ($0.35 / Count)</p><a href="https://www.amazon.com/dp/B07NNYFMGY?tag=eloabder-20&linkCode=osi&th=1&psc=1">View Product</a></div>

<div class="product"><a href="https://www.amazon.com/dp/B01DDN8854?tag=eloabder-20&linkCode=osi&th=1&psc=1"><img src="https://m.media-amazon.com/images/I/61dPubDZBSL._SL500_.jpg" alt="Product Image"></a><p>Hugs 'n Kisses HNKHABY13 Applique Paper (20 Pack)</p><p>$19.72 ($0.99 / Count)</p><a href="https://www.amazon.com/dp/B01DDN8854?tag=eloabder-20&linkCode=osi&th=1&psc=1">View Product</a></div>
<div class="product"><a href="https://www.amazon.com/dp/B09KPNFJW1?tag=eloabder-20&linkCode=osi&th=1&psc=1"><img src="https://m.media-amazon.com/images/I/41abn5fELmL._SL500_.jpg" alt="Product Image"></a><p>UniPleased Disposable Aprons (50 Count), Plastic apron for Painting Party, Cooking, Housework, Picnic etc.</p><p>$5.69</p><a href="https://www.amazon.com/dp/B09KPNFJW1?tag=eloabder-20&linkCode=osi&th=1&psc=1">View Product</a></div>
<div class="product"><a href="https://www.amazon.com/dp/B087M21MM2?tag=eloabder-20&linkCode=osi&th=1&psc=1"><img src="https://m.media-amazon.com/images/I/41Xf-jehhLL._SL500_.jpg" alt="Product Image"></a><p>GOTIDEAL Stretched Canvas, Multi Pack 4x4, 5x7, 8x10,9x12, 11x14 Set of 10, Primed White - 100% Cotton Artist Canvas Boards for Painting, Acrylic Pouring, Oil Paint Dry & Wet Art Media</p><p>$24.99</p><a href="https://www.amazon.com/dp/B087M21MM2?tag=eloabder-20&linkCode=osi&th=1&psc=1">View Product</a></div><div class="product"><a href="https://www.amazon.com/dp/B00OQJYISG?tag=eloabder-20&linkCode=osi&th=1&psc=1"><img src="https://m.media-amazon.com/images/I/31fEDLPkkcL._SL500_.jpg" alt="Product Image"></a><p>6 Count 12” x 16” Super Value Canvas by Artist's Loft Necessities - Acid Free Cotton Canvas for Paint, Acrylic, & Oils - 1 Pack</p><p>$19.99</p><a href="https://www.amazon.com/dp/B00OQJYISG?tag=eloabder-20&linkCode=osi&th=1&psc=1">View Product</a></div><div class="product"><a href="https://www.amazon.com/dp/B09CDKB9HY?tag=eloabder-20&linkCode=osi&th=1&psc=1"><img src="https://m.media-amazon.com/images/I/51+p5xnClGL._SL500_.jpg" alt="Product Image"></a><p>DPDIAN Canvas Boards for Painting 40 Pack, 8 inch x 10 inch Super Value Pack, Artist Canvas Panels for Oil & Acrylic Painting</p><p>$29.99</p><a href="https://www.amazon.com/dp/B09CDKB9HY?tag=eloabder-20&linkCode=osi&th=1&psc=1">View Product</a></div><div class="product"><a href="https://www.amazon.com/dp/B0CFBGP29G?tag=eloabder-20&linkCode=osi&th=1&psc=1"><img src="https://m.media-amazon.com/images/I/3147Az5plbL._SL500_.jpg" alt="Product Image"></a><p>ArtSkills Stretched Canvases for Painting, 12x16 Canvas Painting Supplies for Artists, Blank Canvas Pack, 2-Pack</p><p>$16.99</p><a href="https://www.amazon.com/dp/B0CFBGP29G?tag=eloabder-20&linkCode=osi&th=1&psc=1">View Product</a></div><div class="product"><a href="https://www.amazon.com/dp/B07BNGQ1SS?tag=eloabder-20&linkCode=osi&th=1&psc=1"><img src="https://m.media-amazon.com/images/I/410ZVtygUwS._SL500_.jpg" alt="Product Image"></a><p>PHOENIX Stretched Canvas for Painting 8x10 Inch/10 Value Pack, 8 Oz Triple Primed 5/8 Inch Profile 100% Cotton White Blank Canvas, Artist Framed Canvas for Oil Acrylic & Pouring Art</p><p>$22.99</p><a href="https://www.amazon.com/dp/B07BNGQ1SS?tag=eloabder-20&linkCode=osi&th=1&psc=1">View Product</a></div><div class="product"><a href="https://www.amazon.com/dp/B0922JP1H4?tag=eloabder-20&linkCode=osi&th=1&psc=1"><img src="https://m.media-amazon.com/images/I/41BmiEND1KL._SL500_.jpg" alt="Product Image"></a><p>GOTIDEAL Canvases for Painting, 18 Pack Canvas Boards Multipack 4x4, 5x7, 8x10, 9x12,11x14,Primed White Blank Artist Canvas Variety Pack for Acrylic Paint, Oil Paint, Watercolor, Gouache</p><p>$19.99</p><a href="https://www.amazon.com/dp/B0922JP1H4?tag=eloabder-20&linkCode=osi&th=1&psc=1">View Product</a></div>


<div class="product"><a href="https://www.amazon.com/dp/B0872VFHBH?tag=eloabder-20&linkCode=osi&th=1&psc=1"><img src="https://m.media-amazon.com/images/I/51k3bekQheS._SL500_.jpg" alt="Product Image"></a><p>Bachmore Drawing Pad 9X12 Inch (110lb/180g), 60 Sheets, Top Spiral Bound Multi-Media for Artist Pro & Amateurs | Acrylic Art, Ink, Paint, Oil Pastels,Watercolor Mixed Media Sketch</p><p>$11.99</p><a href="https://www.amazon.com/dp/B0872VFHBH?tag=eloabder-20&linkCode=osi&th=1&psc=1">View Product</a></div><div class="product"><a href="https://www.amazon.com/dp/B0027A75A4?tag=eloabder-20&linkCode=osi&th=1&psc=1"><img src="https://m.media-amazon.com/images/I/51dyOxxcgYL._SL500_.jpg" alt="Product Image"></a><p>Strathmore 200 Series Sketch Pad, 9x12 inch, 100 Sheets, Tape Bound - Artist Sketchbook for Drawing, Illustration, Art Class Students</p><p>$6.99 ($0.07 / Count)</p><a href="https://www.amazon.com/dp/B0027A75A4?tag=eloabder-20&linkCode=osi&th=1&psc=1">View Product</a></div><div class="product"><a href="https://www.amazon.com/dp/B0BV13YQKX?tag=eloabder-20&linkCode=osi&th=1&psc=1"><img src="https://m.media-amazon.com/images/I/41VYfMpvXUL._SL500_.jpg" alt="Product Image"></a><p>Canson Graduate Watercolor Pad, Foldover, 9x12 inch, 20 Sheets | Artist Paper for Adults and Students - Painting, Gouache, Mixed Media and Ink</p><p>$4.97 ($0.41 / Count)</p><a href="https://www.amazon.com/dp/B0BV13YQKX?tag=eloabder-20&linkCode=osi&th=1&psc=1">View Product</a></div><div class="product"><a href="https://www.amazon.com/dp/B0024KMQ6K?tag=eloabder-20&linkCode=osi&th=1&psc=1"><img src="https://m.media-amazon.com/images/I/51sYdvPPUCL._SL500_.jpg" alt="Product Image"></a><p>Strathmore 400 Series Pastel Pad, Assorted Colors, 9"x12" Glue Bound, 24 Sheets</p><p>$9.11</p><a href="https://www.amazon.com/dp/B0024KMQ6K?tag=eloabder-20&linkCode=osi&th=1&psc=1">View Product</a></div><div class="product"><a href="https://www.amazon.com/dp/B00246O6PI?tag=eloabder-20&linkCode=osi&th=1&psc=1"><img src="https://m.media-amazon.com/images/I/517TUmckOIL._SL500_.jpg" alt="Product Image"></a><p>Strathmore 300 Series Drawing Paper Pad, Top Wire Bound, 11x14 inches, 50 Sheets (70lb/114g) - Artist Paper for Adults and Students - Charcoal, Colored Pencil, Ink, Pastel, Marker</p><p>$13.33</p><a href="https://www.amazon.com/dp/B00246O6PI?tag=eloabder-20&linkCode=osi&th=1&psc=1">View Product</a></div>
<div class="product"><a href="https://www.amazon.com/dp/B08ZMH7LJY?tag=eloabder-20&linkCode=osi&th=1&psc=1"><img src="https://m.media-amazon.com/images/I/51mJIsLJA-S._SL500_.jpg" alt="Product Image"></a><p>PANDAFLY Professional Drawing Sketching Pencil Set - 12 Pieces Graphite Pencils(14B - 2H), Ideal for Drawing Art, Sketching, Shading, Artist Pencils for Beginners & Pro Artists</p><p>$5.11</p><a href="https://www.amazon.com/dp/B08ZMH7LJY?tag=eloabder-20&linkCode=osi&th=1&psc=1">View Product</a></div><div class="product"><a href="https://www.amazon.com/dp/B088K1G5NL?tag=eloabder-20&linkCode=osi&th=1&psc=1"><img src="https://m.media-amazon.com/images/I/51F2bOMZWnL._SL500_.jpg" alt="Product Image"></a><p>MARKART Professional Drawing Sketching Pencil Set - 14 Pieces,Graphite,(12B - 4H), Ideal for Drawing Art, Sketching, Shading, Artist Pencils for Beginners & Pro Artists</p><p>$5.24</p><a href="https://www.amazon.com/dp/B088K1G5NL?tag=eloabder-20&linkCode=osi&th=1&psc=1">View Product</a></div><div class="product"><a href="https://www.amazon.com/dp/B08FHMRW4L?tag=eloabder-20&linkCode=osi&th=1&psc=1"><img src="https://m.media-amazon.com/images/I/51Pmn5gjyzL._SL500_.jpg" alt="Product Image"></a><p>Mr. Pen- Sketch Pencils for Drawing, 14 Pack, Drawing Pencils, Art Pencils, Graphite Pencils, Graphite Pencils for Drawing, Art Pencils for Drawing and Shading</p><p>$5.95</p><a href="https://www.amazon.com/dp/B08FHMRW4L?tag=eloabder-20&linkCode=osi&th=1&psc=1">View Product</a></div><div class="product"><a href="https://www.amazon.com/dp/B0BNQ58DC4?tag=eloabder-20&linkCode=osi&th=1&psc=1"><img src="https://m.media-amazon.com/images/I/51e-gQtCcCL._SL500_.jpg" alt="Product Image"></a><p>MARTCOLOR Drawing Sketching Pencils Set, 12 Pack Graphite Pencils(14B - 2H), Ideal for Drawing Art, Sketching, Shading, Artist Pencils for Beginners & Pro Artists</p><p>$5.99</p><a href="https://www.amazon.com/dp/B0BNQ58DC4?tag=eloabder-20&linkCode=osi&th=1&psc=1">View Product</a></div>

<div class="product"><a href="https://www.amazon.com/dp/B0851M3749?tag=eloabder-20&linkCode=osi&th=1&psc=1"><img src="https://m.media-amazon.com/images/I/41KKSGSDl5L._SL500_.jpg" alt="Product Image"></a><p>N NOROCME 12 PCS Blending Stumps and Tortillions Paper Art Blenders with Sandpaper Pencil Sharpener Pointer for Student Artist Charcoal Sketch Drawing Tools</p><p>$4.99</p><a href="https://www.amazon.com/dp/B0851M3749?tag=eloabder-20&linkCode=osi&th=1&psc=1">View Product</a></div><div class="product"><a href="https://www.amazon.com/dp/B09J3HKN8F?tag=eloabder-20&linkCode=osi&th=1&psc=1"><img src="https://m.media-amazon.com/images/I/51Qvx81eQLL._SL500_.jpg" alt="Product Image"></a><p>Eraser Pencils Set for Artists, Wooden Sketch Eraser Pen for Charcoal Drawings, Professional Highlight Painting Eraser for Sketching, Revise Erasing Details for Students Limner</p><p>$6.99</p><a href="https://www.amazon.com/dp/B09J3HKN8F?tag=eloabder-20&linkCode=osi&th=1&psc=1">View Product</a></div>
<div class="product"><a href="https://www.amazon.com/dp/B09WCQ89T8?tag=eloabder-20&linkCode=osi&th=1&psc=1"><img src="https://m.media-amazon.com/images/I/41gZz0qgBFL._SL500_.jpg" alt="Product Image"></a><p>Bernat BABY BLANKET BB Blue Dreams Yarn - 1 Pack of 10.5oz/300g - Polyester - #6 Super Bulky - 220 Yards - Knitting/Crochet</p><p>$6.97</p><a href="https://www.amazon.com/dp/B09WCQ89T8?tag=eloabder-20&linkCode=osi&th=1&psc=1">View Product</a></div><div class="product"><a href="https://www.amazon.com/dp/B07V5JVNFD?tag=eloabder-20&linkCode=osi&th=1&psc=1"><img src="https://m.media-amazon.com/images/I/41IS+HdtiOL._SL500_.jpg" alt="Product Image"></a><p>Lion Brand Yarn Basic Stitch Anti-Pilling Knitting Yarn, Yarn for Crocheting, 1-Pack, Baby Blue</p><p>$8.40 ($0.02 / Foot)</p><a href="https://www.amazon.com/dp/B07V5JVNFD?tag=eloabder-20&linkCode=osi&th=1&psc=1">View Product</a></div><div class="product"><a href="https://www.amazon.com/dp/B01M0AJID2?tag=eloabder-20&linkCode=osi&th=1&psc=1"><img src="https://m.media-amazon.com/images/I/41yVau0AUpL._SL500_.jpg" alt="Product Image"></a><p>Lion Brand Yarn (1 Skein) Lion Brand Yarn Babysoft Baby Yarn Yarn, Little Boy Blue Multicolor</p><p>$7.19 ($0.01 / Foot)</p><a href="https://www.amazon.com/dp/B01M0AJID2?tag=eloabder-20&linkCode=osi&th=1&psc=1">View Product</a></div><div class="product"><a href="https://www.amazon.com/dp/B09W1KHF42?tag=eloabder-20&linkCode=osi&th=1&psc=1"><img src="https://m.media-amazon.com/images/I/41maDlrio5L._SL500_.jpg" alt="Product Image"></a><p>Red Heart Super Saver Light Blue Yarn - 3 Pack of 198g/7oz - Acrylic - 4 Medium (Worsted) - 364 Yards - Knitting/Crochet</p><p>$13.29 ($4.43 / Count)</p><a href="https://www.amazon.com/dp/B09W1KHF42?tag=eloabder-20&linkCode=osi&th=1&psc=1">View Product</a></div><div class="product"><a href="https://www.amazon.com/dp/B08LKVZ3CX?tag=eloabder-20&linkCode=osi&th=1&psc=1"><img src="https://m.media-amazon.com/images/I/41GLizNx8UL._SL500_.jpg" alt="Product Image"></a><p>Bernat Baby Blanket Baby Blue Yarn - 3 Pack of 100g/3.5oz - Polyester - 6 Super Bulky - 72 Yards - Knitting/Crochet</p><p>$21.81</p><a href="https://www.amazon.com/dp/B08LKVZ3CX?tag=eloabder-20&linkCode=osi&th=1&psc=1">View Product</a></div><div class="product"><a href="https://www.amazon.com/dp/B0CHJ95WHJ?tag=eloabder-20&linkCode=osi&th=1&psc=1"><img src="https://m.media-amazon.com/images/I/314E1EQdihL._SL500_.jpg" alt="Product Image"></a><p>NORCIA Soft Velvet Yarn Chenille Yarn for Crocheting Baby Blanket Yarn for Knitting Amigurumi Yarn Fancy Yarn for Crochet Weaving Craft (Baby Blue, 1 Skein)</p><p>$9.99</p><a href="https://www.amazon.com/dp/B0CHJ95WHJ?tag=eloabder-20&linkCode=osi&th=1&psc=1">View Product</a></div>
<div class="product"><a href="https://www.amazon.com/dp/B0779F2TXJ?tag=eloabder-20&linkCode=osi&th=1&psc=1"><img src="https://m.media-amazon.com/images/I/31kqZr8DJzL._SL500_.jpg" alt="Product Image"></a><p>OPENDGO Feather Ballpoint Pen ，Black Ink Vintage Feather Quill Refined Plated Rod Quill Ballpoint Pen For School Writing ▏Wedding Gift Signature Pen (Black)</p><p>$6.97</p><a href="https://www.amazon.com/dp/B0779F2TXJ?tag=eloabder-20&linkCode=osi&th=1&psc=1">View Product</a></div><div class="product"><a href="https://www.amazon.com/dp/B0CQF3BJ3S?tag=eloabder-20&linkCode=osi&th=1&psc=1"><img src="https://m.media-amazon.com/images/I/41gs6AOiP6L._SL500_.jpg" alt="Product Image"></a><p>3 in 1 Retractable Ballpoint Pen with Light and Stylus, Nice Pens for Journaling Writing in The Dark - White/Red Light Tip- 0.7mm Black Ink</p><p>$12.99</p><a href="https://www.amazon.com/dp/B0CQF3BJ3S?tag=eloabder-20&linkCode=osi&th=1&psc=1">View Product</a></div><div class="product"><a href="https://www.amazon.com/dp/B08BBZ3B8G?tag=eloabder-20&linkCode=osi&th=1&psc=1"><img src="https://m.media-amazon.com/images/I/41cMHyw60wL._SL500_.jpg" alt="Product Image"></a><p>Mr. Pen- Pens, Black Pens, 12 Pack, Fast Dry, No Smear Pens, Bible Pens, Pens for Journaling, Pens No Bleed Through, Pens Fine Point, Journal Pens, Fine Tip, Planner Pens, Ball Point Journal Pens</p><p>$9.99</p><a href="https://www.amazon.com/dp/B08BBZ3B8G?tag=eloabder-20&linkCode=osi&th=1&psc=1">View Product</a></div><div class="product"><a href="https://www.amazon.com/dp/B0D4YWWGX6?tag=eloabder-20&linkCode=osi&th=1&psc=1"><img src="https://m.media-amazon.com/images/I/31xHBCCzJqL._SL500_.jpg" alt="Product Image"></a><p>PATIKIL 21cm/8" Feather Ballpoint Pen, 1Pcs Ink Vintage Quill Pen Refined Plated Dip Pen for Calligraphy Writing Signature Wedding Gift, Yellow</p><p>$7.49</p><a href="https://www.amazon.com/dp/B0D4YWWGX6?tag=eloabder-20&linkCode=osi&th=1&psc=1">View Product</a></div>

<div class="product"><a href="https://www.amazon.com/dp/B001TLDEVQ?tag=eloabder-20&linkCode=osi&th=1&psc=1"><img src="https://m.media-amazon.com/images/I/41jYF39F6lL._SL500_.jpg" alt="Product Image"></a><p>Beadalon SuppleMax Illusion Beading Cord, 0.40 mm / 0.016 in, Clear Monofilament, 50 m / 164 ft</p><p>$4.74</p><a href="https://www.amazon.com/dp/B001TLDEVQ?tag=eloabder-20&linkCode=osi&th=1&psc=1">View Product</a></div><div class="product"><a href="https://www.amazon.com/dp/B0D2HVFZ7Q?tag=eloabder-20&linkCode=osi&th=1&psc=1"><img src="https://m.media-amazon.com/images/I/41R66LMYz7L._SL500_.jpg" alt="Product Image"></a><p>Zxiixz 116Yards 0.5mm Bracelet String, Waxed String Cord for Bracelet Making, Beading Thread for Bracelet Beads, Friendship Bracelet String for Bracelet Making, Waxed Polyester Cord for Jewelry Making</p><p>$6.99</p><a href="https://www.amazon.com/dp/B0D2HVFZ7Q?tag=eloabder-20&linkCode=osi&th=1&psc=1">View Product</a></div><div class="product"><a href="https://www.amazon.com/dp/B07BNF8KH5?tag=eloabder-20&linkCode=osi&th=1&psc=1"><img src="https://m.media-amazon.com/images/I/51jVByheyVL._SL500_.jpg" alt="Product Image"></a><p>PH PandaHall 100 Yards 1mm Waxed Cotton Cord Thread Beading String for Bracelet Necklace Making Crafting Beading Macrame Vase Decor, Burlywood</p><p>$7.19 ($0.02 / Foot)</p><a href="https://www.amazon.com/dp/B07BNF8KH5?tag=eloabder-20&linkCode=osi&th=1&psc=1">View Product</a></div><div class="product"><a href="https://www.amazon.com/dp/B07HBPGXJG?tag=eloabder-20&linkCode=osi&th=1&psc=1"><img src="https://m.media-amazon.com/images/I/41xi8gO6kDL._SL500_.jpg" alt="Product Image"></a><p>Paxcoo 0.8mm Elastic String, Stretchy Bracelet String Crystal String Bead Cord for Bracelet, Beading and Jewelry Making (120m)</p><p>$6.99 ($0.02 / Foot)</p><a href="https://www.amazon.com/dp/B07HBPGXJG?tag=eloabder-20&linkCode=osi&th=1&psc=1">View Product</a></div><div class="product"><a href="https://www.amazon.com/dp/B0CNPST7D9?tag=eloabder-20&linkCode=osi&th=1&psc=1"><img src="https://m.media-amazon.com/images/I/41A9VISFC4L._SL500_.jpg" alt="Product Image"></a><p>Kblick Black Nylon String Cord - 1MM 100 Yards Black Twine, Bracelet String for Bracelet Making, Braided Ornament Lanyard Sting, Jewelry Thread Clay Bead String for Crafts, Macrame Satin Cord</p><p>$5.99 ($0.02 / Foot)</p><a href="https://www.amazon.com/dp/B0CNPST7D9?tag=eloabder-20&linkCode=osi&th=1&psc=1">View Product</a></div><div class="product"><a href="https://www.amazon.com/dp/B08GC3JF9X?tag=eloabder-20&linkCode=osi&th=1&psc=1"><img src="https://m.media-amazon.com/images/I/41FQZYhvQpL._SL500_.jpg" alt="Product Image"></a><p>Cheriswelry 100M 0.8mm Nylon Beading Cord Black Chinese Knotting Rattail Macrame Thread String Roll for Jewelry Making Kumihimo Wrapping Supplies DIY Crafts</p><p>$6.99 ($0.02 / Fl Oz)</p><a href="https://www.amazon.com/dp/B08GC3JF9X?tag=eloabder-20&linkCode=osi&th=1&psc=1">View Product</a></div><div class="product"><a href="https://www.amazon.com/dp/B0B3V9RWQC?tag=eloabder-20&linkCode=osi&th=1&psc=1"><img src="https://m.media-amazon.com/images/I/41F-OP+yCxL._SL500_.jpg" alt="Product Image"></a><p>Griffin Silk Bead Cord Perlseide – Black Color – Size 3 (0.50mm) – 2 Meters per Card – Stainless Steel Needle Attached – for Knotting Pearls, Gemstones, Crystals and Beads</p><p>$4.99 ($0.76 / Foot)</p><a href="https://www.amazon.com/dp/B0B3V9RWQC?tag=eloabder-20&linkCode=osi&th=1&psc=1">View Product</a></div><div class="product"><a href="https://www.amazon.com/dp/B08F49YVQP?tag=eloabder-20&linkCode=osi&th=1&psc=1"><img src="https://m.media-amazon.com/images/I/41yCMIpj0rS._SL500_.jpg" alt="Product Image"></a><p>1mm Stretchy Bracelet String, Sturdy Rainbow Elastic String Elastic Cord for Jewelry Making, Necklaces, Beading and Crafts</p><p>$6.99 ($0.04 / Foot)</p><a href="https://www.amazon.com/dp/B08F49YVQP?tag=eloabder-20&linkCode=osi&th=1&psc=1">View Product</a></div>

<div class="product"><a href="https://www.amazon.com/dp/B001GMUBJ6?tag=eloabder-20&linkCode=osi&th=1&psc=1"><img src="https://m.media-amazon.com/images/I/41V5qzn3H5L._SL500_.jpg" alt="Product Image"></a><p>The Beadsmith Fireline by Berkley – Micro-Fused Braided Thread – 6lb. Test, 006”/.15mm Diameter, 50 Yard Spool, Crystal Color – Super Strong Stringing Material for Jewelry Making and Bead Weaving</p><p>$12.59</p><a href="https://www.amazon.com/dp/B001GMUBJ6?tag=eloabder-20&linkCode=osi&th=1&psc=1">View Product</a></div><div class="product"><a href="https://www.amazon.com/dp/B001UAKK0Y?tag=eloabder-20&linkCode=osi&th=1&psc=1"><img src="https://m.media-amazon.com/images/I/41rY1D0wfuL._SL500_.jpg" alt="Product Image"></a><p>Beadalon Wildfire, 0.006 in, 0.15 mm, Break Strength 10 lb / 4.5 kg, Frost, 50 yd / 45 m</p><p>$8.85 ($0.06 / Foot)</p><a href="https://www.amazon.com/dp/B001UAKK0Y?tag=eloabder-20&linkCode=osi&th=1&psc=1">View Product</a></div><div class="product"><a href="https://www.amazon.com/dp/B095WY58F4?tag=eloabder-20&linkCode=osi&th=1&psc=1"><img src="https://m.media-amazon.com/images/I/41mXRfJqcjL._SL500_.jpg" alt="Product Image"></a><p>PH PandaHall 0.1mm Nylon Seed Bead Thread 100 Yards Black White Bracelet Cord Beading Thread Invisible Sewing Thread Nylon Braided Thread String for Leather Stitching Beading Jewelry Bracelets Making</p><p>$9.99 ($0.03 / Foot)</p><a href="https://www.amazon.com/dp/B095WY58F4?tag=eloabder-20&linkCode=osi&th=1&psc=1">View Product</a></div><div class="product"><a href="https://www.amazon.com/dp/B08RN2R2SZ?tag=eloabder-20&linkCode=osi&th=1&psc=1"><img src="https://m.media-amazon.com/images/I/41Tg2MMC++L._SL500_.jpg" alt="Product Image"></a><p>KO Nylon Beading Thread, White Color, Japanese Pre-Waxed 100% Nylon, 330TEX, Tangle Resistant Knotting Cords, 50m /55 yds Spool, Use for Seed Bead Projects, Loom Work & Bead Weaving</p><p>$7.06 ($0.04 / Foot)</p><a href="https://www.amazon.com/dp/B08RN2R2SZ?tag=eloabder-20&linkCode=osi&th=1&psc=1">View Product</a></div><div class="product"><a href="https://www.amazon.com/dp/B09J89ST79?tag=eloabder-20&linkCode=osi&th=1&psc=1"><img src="https://m.media-amazon.com/images/I/41hLuuOZeXL._SL500_.jpg" alt="Product Image"></a><p>2 Roll Polyester Thread, Heavy Duty Thread, 1500Yard/Reel 210D/3 nylon thread for sewing, Sewing Thread for Upholstery, Outdoor Market, Drapery, Leather, Beading, Crafts</p><p>$7.99 ($0.00 / Foot)</p><a href="https://www.amazon.com/dp/B09J89ST79?tag=eloabder-20&linkCode=osi&th=1&psc=1">View Product</a></div><div class="product"><a href="https://www.amazon.com/dp/B0C6MSY7QQ?tag=eloabder-20&linkCode=osi&th=1&psc=1"><img src="https://m.media-amazon.com/images/I/31Bn-MyA62L._SL500_.jpg" alt="Product Image"></a><p>PH PandaHall 0.1mm Nylon String 100 Yards Beading Thread White Nylon Seed Bead Thread Bracelet Beading Thread Sewing String for Leather Stitching Beading Jewelry Bracelets Making</p><p>$7.99 ($0.03 / Foot)</p><a href="https://www.amazon.com/dp/B0C6MSY7QQ?tag=eloabder-20&linkCode=osi&th=1&psc=1">View Product</a></div>

<div class="product"><a href="https://www.amazon.com/dp/B07NMNDT1W?tag=eloabder-20&linkCode=osi&th=1&psc=1"><img src="https://m.media-amazon.com/images/I/41-zwQIcVcL._SL500_.jpg" alt="Product Image"></a><p>Howemon White Beeswax Pellets 2LB 100% Pure and Natural Triple Filtered for Skin, Face, Body and Hair Care DIY Creams, Lotions, Lip Balm and Soap Making Supplies</p><p>$13.99 ($0.44 / Fl Oz)</p><a href="https://www.amazon.com/dp/B07NMNDT1W?tag=eloabder-20&linkCode=osi&th=1&psc=1">View Product</a></div><div class="product"><a href="https://www.amazon.com/dp/B00B3U0FW4?tag=eloabder-20&linkCode=osi&th=1&psc=1"><img src="https://m.media-amazon.com/images/I/51rWFCST+TL._SL500_.jpg" alt="Product Image"></a><p>Beesworks Yellow Beeswax Pellets (1 lb) | 100% Pure, Cosmetic Grade, Triple-Filtered Beeswax for DIY Skin care, Lip Balm, Lotion, and Candle Making</p><p>$13.99 ($0.87 / Ounce)</p><a href="https://www.amazon.com/dp/B00B3U0FW4?tag=eloabder-20&linkCode=osi&th=1&psc=1">View Product</a></div><div class="product"><a href="https://www.amazon.com/dp/B01LWX2IO1?tag=eloabder-20&linkCode=osi&th=1&psc=1"><img src="https://m.media-amazon.com/images/I/41MlNqhDyCL._SL500_.jpg" alt="Product Image"></a><p>Beesworks Yellow Beeswax Bars (6 oz) | 100% Pure, Cosmetic Grade, Triple-Filtered Beeswax for DIY Skin Care, Lip Balm, Lotion and Candle Making (1 oz Bars - Pack of 6)</p><p>$6.99</p><a href="https://www.amazon.com/dp/B01LWX2IO1?tag=eloabder-20&linkCode=osi&th=1&psc=1">View Product</a></div><div class="product"><a href="https://www.amazon.com/dp/B0BV77F19N?tag=eloabder-20&linkCode=osi&th=1&psc=1"><img src="https://m.media-amazon.com/images/I/41xzHaO1-EL._SL500_.jpg" alt="Product Image"></a><p>Beeswax Pellets 10LB Cosmetic Beeswax Triple Filtered Beeswax Pastilles for Candle Making Great for DIY Projects Creams Lotions Lip Balm and Soap Making Supplies(10LB)</p><p>$32.99</p><a href="https://www.amazon.com/dp/B0BV77F19N?tag=eloabder-20&linkCode=osi&th=1&psc=1">View Product</a></div><div class="product"><a href="https://www.amazon.com/dp/B0C9QSG3CY?tag=eloabder-20&linkCode=osi&th=1&psc=1"><img src="https://m.media-amazon.com/images/I/414XQcU6SRL._SL500_.jpg" alt="Product Image"></a><p>YASNAY White Beeswax Pellets 2LB, 100% Organic Beeswax, Beeswax for Candle Making, Body, Skin Care DIY, Lip Balm and Soap Making Supplies</p><p>$11.99</p><a href="https://www.amazon.com/dp/B0C9QSG3CY?tag=eloabder-20&linkCode=osi&th=1&psc=1">View Product</a></div><div class="product"><a href="https://www.amazon.com/dp/B097HTC4WN?tag=eloabder-20&linkCode=osi&th=1&psc=1"><img src="https://m.media-amazon.com/images/I/51pwMM7C6-L._SL500_.jpg" alt="Product Image"></a><p>Eco Lux 8 Yellow Beeswax Blocks 100% Pure Natural Organic Bees Wax 6.5oz</p><p>$8.49 ($1.35 / Ounce)</p><a href="https://www.amazon.com/dp/B097HTC4WN?tag=eloabder-20&linkCode=osi&th=1&psc=1">View Product</a></div><div class="product"><a href="https://www.amazon.com/dp/B00HDHQQCE?tag=eloabder-20&linkCode=osi&th=1&psc=1"><img src="https://m.media-amazon.com/images/I/41vF-7MwNhL._SL500_.jpg" alt="Product Image"></a><p>Murray's 100% Pure Beeswax 4 oz</p><p>$5.98 ($1.50 / Ounce)</p><a href="https://www.amazon.com/dp/B00HDHQQCE?tag=eloabder-20&linkCode=osi&th=1&psc=1">View Product</a></div><div class="product"><a href="https://www.amazon.com/dp/B09YM8JTLM?tag=eloabder-20&linkCode=osi&th=1&psc=1"><img src="https://m.media-amazon.com/images/I/41cjNuBnFEL._SL500_.jpg" alt="Product Image"></a><p>TRINIDa Beeswax Pellets 2LB(32 oz), 100% Organic Yellow Bees Wax for DIY Candles, Beeswax for Candle Making, Skin, Body, Face, and Hair Care, Lotions, DIY Creams, Lip Balm and Soap Making Supplies</p><p>$11.99</p><a href="https://www.amazon.com/dp/B09YM8JTLM?tag=eloabder-20&linkCode=osi&th=1&psc=1">View Product</a></div><div class="product"><a href="https://www.amazon.com/dp/B00F3CNMV4?tag=eloabder-20&linkCode=osi&th=1&psc=1"><img src="https://m.media-amazon.com/images/I/31pjrRAEa4L._SL500_.jpg" alt="Product Image"></a><p>Stakich Yellow Beeswax Block - Natural, Triple Filtered - 1 Pound, Honey Scent</p><p>$13.95 ($0.87 / Ounce)</p><a href="https://www.amazon.com/dp/B00F3CNMV4?tag=eloabder-20&linkCode=osi&th=1&psc=1">View Product</a></div><div class="product"><a href="https://www.amazon.com/dp/B0BXFZBZS9?tag=eloabder-20&linkCode=osi&th=1&psc=1"><img src="https://m.media-amazon.com/images/I/4178i9IB9KL._SL500_.jpg" alt="Product Image"></a><p>5LB Beeswax Pellets Beeswax for Candle Making Organic Beeswax Pellets for Skin Beeswax Beads Beeswax Bulk Beeswax for Lotion Making Organic for DIY and Craft Project</p><p>$22.99</p><a href="https://www.amazon.com/dp/B0BXFZBZS9?tag=eloabder-20&linkCode=osi&th=1&psc=1">View Product</a></div>
<div class="product"><a href="https://www.amazon.com/dp/B0052F1BVK?tag=eloabder-20&linkCode=osi&th=1&psc=1"><img src="https://m.media-amazon.com/images/I/41zE9eiGoLL._SL500_.jpg" alt="Product Image"></a><p>ACC Staples Large Binder Clips, 2" Width, 1" Capacity, Black, 12/Pk</p><p>$6.30</p><a href="https://www.amazon.com/dp/B0052F1BVK?tag=eloabder-20&linkCode=osi&th=1&psc=1">View Product</a></div><div class="product"><a href="https://www.amazon.com/dp/B07MLFR771?tag=eloabder-20&linkCode=osi&th=1&psc=1"><img src="https://m.media-amazon.com/images/I/51N2wxA7N0L._SL500_.jpg" alt="Product Image"></a><p>CooBigo 50 Pack Binder Ring, Metal Book Ring Paper Ring Holder 5/8-Inch Loose Leaf Binder Ring Clip for Index Card, Flash Card Ring, Card Calendar, Keychain Key Ring - Bronze</p><p>$6.99</p><a href="https://www.amazon.com/dp/B07MLFR771?tag=eloabder-20&linkCode=osi&th=1&psc=1">View Product</a></div><div class="product"><a href="https://www.amazon.com/dp/B01563NHGY?tag=eloabder-20&linkCode=osi&th=1&psc=1"><img src="https://m.media-amazon.com/images/I/41gj+0ZftqL._SL500_.jpg" alt="Product Image"></a><p>vanki Pack of 40 Cute Lovely Smiling Face Spring-Loaded File Organizer Paper Holder Metal Binder Clips, Assorted Color</p><p>$8.99</p><a href="https://www.amazon.com/dp/B01563NHGY?tag=eloabder-20&linkCode=osi&th=1&psc=1">View Product</a></div><div class="product"><a href="https://www.amazon.com/dp/B000GOUDSO?tag=eloabder-20&linkCode=osi&th=1&psc=1"><img src="https://m.media-amazon.com/images/I/41ZANISHgML._SL500_.jpg" alt="Product Image"></a><p>Small Binder Clips .75" 8/Pkg-Assorted Colors</p><p>$4.46</p><a href="https://www.amazon.com/dp/B000GOUDSO?tag=eloabder-20&linkCode=osi&th=1&psc=1">View Product</a></div>
<div class="product"><a href="https://www.amazon.com/dp/B07PRPX4VR?tag=eloabder-20&linkCode=osi&th=1&psc=1"><img src="https://m.media-amazon.com/images/I/41IMH12fdPL._SL500_.jpg" alt="Product Image"></a><p>Durable Sheet Lifters, Durable Easy Flow, 11" x 3", Lifts Sheets Over Rings and Protects Sheets from Tearing, Fit Standard 3-Ring Binders, Black (20 Pack)</p><p>$14.99</p><a href="https://www.amazon.com/dp/B07PRPX4VR?tag=eloabder-20&linkCode=osi&th=1&psc=1">View Product</a></div><div class="product"><a href="https://www.amazon.com/dp/B0CM8QJHFW?tag=eloabder-20&linkCode=osi&th=1&psc=1"><img src="https://m.media-amazon.com/images/I/31cJGS74oCL._SL500_.jpg" alt="Product Image"></a><p>Wantane D-Shaped Tape Storage Ring Tape Storage Ring 4" D-Shaped Washi Tape Storage Ring for DIY Decoration and Storage（Nickel）-2PCS</p><p>$7.99</p><a href="https://www.amazon.com/dp/B0CM8QJHFW?tag=eloabder-20&linkCode=osi&th=1&psc=1">View Product</a></div>
<div class="product"><a href="https://www.amazon.com/dp/B00006IAS3?tag=eloabder-20&linkCode=osi&th=1&psc=1"><img src="https://m.media-amazon.com/images/I/317DvSXhT1L._SL500_.jpg" alt="Product Image"></a><p>GBC Binding System, Manual, Desktop Binding Punch, 6 Sheet Punch Capacity, ProClick P50 (2515650)</p><p>$123.89</p><a href="https://www.amazon.com/dp/B00006IAS3?tag=eloabder-20&linkCode=osi&th=1&psc=1">View Product</a></div><div class="product"><a href="https://www.amazon.com/dp/B004BP81KQ?tag=eloabder-20&linkCode=osi&th=1&psc=1"><img src="https://m.media-amazon.com/images/I/51SqfeZ12KL._SL500_.jpg" alt="Product Image"></a><p>We R Memory Keepers Cinch Book Binding Wire (1-Inch, Silver (2 Pack))</p><p>$5.99</p><a href="https://www.amazon.com/dp/B004BP81KQ?tag=eloabder-20&linkCode=osi&th=1&psc=1">View Product</a></div>

<div class="product"><a href="https://www.amazon.com/dp/B0007ZJ8TM?tag=eloabder-20&linkCode=osi&th=1&psc=1"><img src="https://m.media-amazon.com/images/I/41i49sz3UAL._SL500_.jpg" alt="Product Image"></a><p>Speedball Super Black India Ink, 2-Ounce</p><p>$9.99 ($9.99 / Count)</p><a href="https://www.amazon.com/dp/B0007ZJ8TM?tag=eloabder-20&linkCode=osi&th=1&psc=1">View Product</a></div><div class="product"><a href="https://www.amazon.com/dp/B0026I10AI?tag=eloabder-20&linkCode=osi&th=1&psc=1"><img src="https://m.media-amazon.com/images/I/31vklP4uBsL._SL500_.jpg" alt="Product Image"></a><p>Dr. Ph. Martin's Bombay India (7BY) Ink Bottle, 1.0 oz, Black</p><p>$6.99</p><a href="https://www.amazon.com/dp/B0026I10AI?tag=eloabder-20&linkCode=osi&th=1&psc=1">View Product</a></div><div class="product"><a href="https://www.amazon.com/dp/B000KNP96C?tag=eloabder-20&linkCode=osi&th=1&psc=1"><img src="https://m.media-amazon.com/images/I/51e9srYtG0L._SL500_.jpg" alt="Product Image"></a><p>Winsor & Newton Drawing Ink, 14ml Bottle, Black Indian</p><p>$10.99</p><a href="https://www.amazon.com/dp/B000KNP96C?tag=eloabder-20&linkCode=osi&th=1&psc=1">View Product</a></div><div class="product"><a href="https://www.amazon.com/dp/B07BQG5QF4?tag=eloabder-20&linkCode=osi&th=1&psc=1"><img src="https://m.media-amazon.com/images/I/41nEMDYZaiL._SL500_.jpg" alt="Product Image"></a><p>Speedball Super Black India Ink, 16-Ounce</p><p>$19.99</p><a href="https://www.amazon.com/dp/B07BQG5QF4?tag=eloabder-20&linkCode=osi&th=1&psc=1">View Product</a></div><div class="product"><a href="https://www.amazon.com/dp/B001038NLY?tag=eloabder-20&linkCode=osi&th=1&psc=1"><img src="https://m.media-amazon.com/images/I/418i4sxJJ0L._SL500_.jpg" alt="Product Image"></a><p>Speedball Fabric Screen Printing Ink, 8-Ounce, Black for T-Shirt and Silkscreen Printmaking</p><p>$12.99 ($1.62 / Fl Oz)</p><a href="https://www.amazon.com/dp/B001038NLY?tag=eloabder-20&linkCode=osi&th=1&psc=1">View Product</a></div><div class="product"><a href="https://www.amazon.com/dp/B00161OPSA?tag=eloabder-20&linkCode=osi&th=1&psc=1"><img src="https://m.media-amazon.com/images/I/41C32y3CJAL._SL500_.jpg" alt="Product Image"></a><p>Tsukineko VersaFine inkpad, Full-Size, Onyx Black</p><p>$4.99 ($4.99 / Count)</p><a href="https://www.amazon.com/dp/B00161OPSA?tag=eloabder-20&linkCode=osi&th=1&psc=1">View Product</a></div>
<div class="product"><a href="https://www.amazon.com/dp/B07Q4TJCDJ?tag=eloabder-20&linkCode=osi&th=1&psc=1"><img src="https://m.media-amazon.com/images/I/315HYvYg-BL._SL500_.jpg" alt="Product Image"></a><p>Primbeeks 300pcs Blank Business Cards, Premium Blank White Cards, 3.5" x 2.2" Small Blank Cards, Blank Cardstock Cards, Small Note Cards, white blank cards, white business cards, kraft paper cards</p><p>$7.99</p><a href="https://www.amazon.com/dp/B07Q4TJCDJ?tag=eloabder-20&linkCode=osi&th=1&psc=1">View Product</a></div><div class="product"><a href="https://www.amazon.com/dp/B0CRGHFLT8?tag=eloabder-20&linkCode=osi&th=1&psc=1"><img src="https://m.media-amazon.com/images/I/41S1NLpb8hL._SL500_.jpg" alt="Product Image"></a><p>Watercolor Cards and Envelopes Set - 50 Folded 5x7 Inch Blank Heavyweight Paper Cards (140lb/300gsm) with Matching Envelopes for DIY Greeting Cards, Festivals, and Events</p><p>$17.99 ($0.36 / Count)</p><a href="https://www.amazon.com/dp/B0CRGHFLT8?tag=eloabder-20&linkCode=osi&th=1&psc=1">View Product</a></div><div class="product"><a href="https://www.amazon.com/dp/B08MX4TZ3H?tag=eloabder-20&linkCode=osi&th=1&psc=1"><img src="https://m.media-amazon.com/images/I/41D2u4vdLQL._SL500_.jpg" alt="Product Image"></a><p>50 Pack Blank Kraft Cards Cardstock Thick Paper Brown Greeting Cards for DIY Gift Card Menus, Baby Shower and Wedding Invitations (Multicolored, 5x7IN)</p><p>$8.99</p><a href="https://www.amazon.com/dp/B08MX4TZ3H?tag=eloabder-20&linkCode=osi&th=1&psc=1">View Product</a></div><div class="product"><a href="https://www.amazon.com/dp/B08BDGGVMK?tag=eloabder-20&linkCode=osi&th=1&psc=1"><img src="https://m.media-amazon.com/images/I/41W-dTUoBqL._SL500_.jpg" alt="Product Image"></a><p>100pcs 3.54"x2" Blank Kraft Paper Business Card, Words Message Notes paper Tags, Mini Craft Cardboard Festival gifts - 6 colors</p><p>$5.98</p><a href="https://www.amazon.com/dp/B08BDGGVMK?tag=eloabder-20&linkCode=osi&th=1&psc=1">View Product</a></div><div class="product"><a href="https://www.amazon.com/dp/B08BFDJJ78?tag=eloabder-20&linkCode=osi&th=1&psc=1"><img src="https://m.media-amazon.com/images/I/61LZ1Csb+dL._SL500_.jpg" alt="Product Image"></a><p>Nettbe 100pcs 3.54"x2" Blank Kraft Paper Business Card, Words Message Notes paper Tags, Mini Craft Cardboard Festival gifts</p><p>$5.99</p><a href="https://www.amazon.com/dp/B08BFDJJ78?tag=eloabder-20&linkCode=osi&th=1&psc=1">View Product</a></div><div class="product"><a href="https://www.amazon.com/dp/B07Q8YBJM3?tag=eloabder-20&linkCode=osi&th=1&psc=1"><img src="https://m.media-amazon.com/images/I/31w6U4cCqEL._SL500_.jpg" alt="Product Image"></a><p>Primbeeks 228pcs Blank Business Cards, Premium Blank White Cards, 3.5" x 2.2" Small Blank Cards, Blank Cardstock Cards, Small Note Cards, white blank cards, white business cards, kraft paper cards</p><p>$5.99</p><a href="https://www.amazon.com/dp/B07Q8YBJM3?tag=eloabder-20&linkCode=osi&th=1&psc=1">View Product</a></div><div class="product"><a href="https://www.amazon.com/dp/B08X4Z9TGN?tag=eloabder-20&linkCode=osi&th=1&psc=1"><img src="https://m.media-amazon.com/images/I/41Jqhe35tDL._SL500_.jpg" alt="Product Image"></a><p>321Done Blank Rustic Cards, Made in USA - 4x6 Thick, Heavy Cardstock - Make Invites, Greeting, Note, Thank You Cards - Plain Kraft for Writing, Stamping, Printing, Art - No Envelopes - Set of 50</p><p>$14.99</p><a href="https://www.amazon.com/dp/B08X4Z9TGN?tag=eloabder-20&linkCode=osi&th=1&psc=1">View Product</a></div><div class="product"><a href="https://www.amazon.com/dp/B0D2KDWBNM?tag=eloabder-20&linkCode=osi&th=1&psc=1"><img src="https://m.media-amazon.com/images/I/31dAhnBJ7aL._SL500_.jpg" alt="Product Image"></a><p>4x6 Blank White Cardstock (Set of 100) - Card Stock for Printer Postcards, Photo Paper Invitations, Greeting, Note, Thank You, DIY Making, Index Cards - Plain for Writing, Stamping, Printing, Art</p><p>$8.99</p><a href="https://www.amazon.com/dp/B0D2KDWBNM?tag=eloabder-20&linkCode=osi&th=1&psc=1">View Product</a></div><div class="product"><a href="https://www.amazon.com/dp/B0BB858RYN?tag=eloabder-20&linkCode=osi&th=1&psc=1"><img src="https://m.media-amazon.com/images/I/317zmriPKNL._SL500_.jpg" alt="Product Image"></a><p>WANDERINGS Handmade White Deckle Edge Blank Greeting Cards- Folded to 5x7” - Pack of 25 - Writers, Artists, Crafters - Thank Yous, Invitations, Menus, Greeting Cards, Notes - Thick 150 GSM</p><p>$21.99 ($0.88 / Count)</p><a href="https://www.amazon.com/dp/B0BB858RYN?tag=eloabder-20&linkCode=osi&th=1&psc=1">View Product</a></div><div class="product"><a href="https://www.amazon.com/dp/B0BZPPXRZW?tag=eloabder-20&linkCode=osi&th=1&psc=1"><img src="https://m.media-amazon.com/images/I/21Da-WQhrpL._SL500_.jpg" alt="Product Image"></a><p>100 Pack Thick Paper Cardstock Blank Heavy Cards Stock for Invitations, Greeting Cards Making, Postcards, Photos, 250GSM Thick Paper (White, 2x3.5 inches)</p><p>$5.99</p><a href="https://www.amazon.com/dp/B0BZPPXRZW?tag=eloabder-20&linkCode=osi&th=1&psc=1">View Product</a></div>
<div class="product"><a href="https://www.amazon.com/dp/B0BZRDQKH6?tag=eloabder-20&linkCode=osi&th=1&psc=1"><img src="https://m.media-amazon.com/images/I/41GYYRiusgL._SL500_.jpg" alt="Product Image"></a><p>feela 8 Pack Unlined Kraft Paper Notebooks, Blank Journal Note Pad for Drawing Writing, Small Sketchbook Travel Journal Bulk for Women Kids Students Office School Supplies, A5, 60 Pages, 8.3” X 5.5”</p><p>$9.99</p><a href="https://www.amazon.com/dp/B0BZRDQKH6?tag=eloabder-20&linkCode=osi&th=1&psc=1">View Product</a></div><div class="product"><a href="https://www.amazon.com/dp/B0BXLB74KK?tag=eloabder-20&linkCode=osi&th=1&psc=1"><img src="https://m.media-amazon.com/images/I/313vYzg7HpL._SL500_.jpg" alt="Product Image"></a><p>ZZTX 4 Pack Blank Kraft Notebooks, Blank Paper Sketchbooks for Drawing Doodling Writing,Travel Journal Set, A5, 36 Pages, 8.3” X 5.5”</p><p>$5.99</p><a href="https://www.amazon.com/dp/B0BXLB74KK?tag=eloabder-20&linkCode=osi&th=1&psc=1">View Product</a></div><div class="product"><a href="https://www.amazon.com/dp/B0BW5TNPXJ?tag=eloabder-20&linkCode=osi&th=1&psc=1"><img src="https://m.media-amazon.com/images/I/31Wu8UP78iL._SL500_.jpg" alt="Product Image"></a><p>EOOUT Kraft Notebooks, Blank Page Journals in Bulk, 16pcs A5, 8.3 X 5.5 Inches, 60 Pages, 80gsm, Travel Journal Set, for Art Camp, Travelers, Students and Office Supplies Sketchbooks Bulk for Kids</p><p>$15.99</p><a href="https://www.amazon.com/dp/B0BW5TNPXJ?tag=eloabder-20&linkCode=osi&th=1&psc=1">View Product</a></div><div class="product"><a href="https://www.amazon.com/dp/B08P3F46SD?tag=eloabder-20&linkCode=osi&th=1&psc=1"><img src="https://m.media-amazon.com/images/I/41jeBDcZJ1L._SL500_.jpg" alt="Product Image"></a><p>Krafty Soft Cover Blank Notebook Journal, Spiral Sketchbook Pad, Drawing Book, 60 Sheets/140gsm (A4)/120 Pages</p><p>$7.99</p><a href="https://www.amazon.com/dp/B08P3F46SD?tag=eloabder-20&linkCode=osi&th=1&psc=1">View Product</a></div><div class="product"><a href="https://www.amazon.com/dp/B0CWNPMC4T?tag=eloabder-20&linkCode=osi&th=1&psc=1"><img src="https://m.media-amazon.com/images/I/31BZeVGe6TL._SL500_.jpg" alt="Product Image"></a><p>zmybcpack 5 Pack Blank Journal Notebooks, Blank Paper Sketchbook for Drawing Writing, Travel Journal Notebook Kraft Paper Notebook for Travelers, Students, Office, A5, 8.26” x 5.5”, 60 Pages/30 Sheets</p><p>$8.99</p><a href="https://www.amazon.com/dp/B0CWNPMC4T?tag=eloabder-20&linkCode=osi&th=1&psc=1">View Product</a></div><div class="product"><a href="https://www.amazon.com/dp/B07WHYP9WN?tag=eloabder-20&linkCode=osi&th=1&psc=1"><img src="https://m.media-amazon.com/images/I/41ZhyCux1yL._SL500_.jpg" alt="Product Image"></a><p>Thick Blank Journal Notebook with Unlined / Unruled / Plain Pages | Deluxe 120gsm Ink Resistant Paper for Writing, Sketch Book, 160 Pages | Hardcover Sketchbook with Pen Holder, Pocket, Ribbon (Black)</p><p>$14.99</p><a href="https://www.amazon.com/dp/B07WHYP9WN?tag=eloabder-20&linkCode=osi&th=1&psc=1">View Product</a></div>
<div class="product"><a href="https://www.amazon.com/dp/B07MT7HKZW?tag=eloabder-20&linkCode=osi&th=1&psc=1"><img src="https://m.media-amazon.com/images/I/413JwH5JREL._SL500_.jpg" alt="Product Image"></a><p>Spiral Sketch Book Large Notebook（Built-in Drawing Board） Kraft Cover Blank Sketch Pad Wirebound Sketching for Drawing Painting 8.5x11-Inch (2 Pack) 200 Sheets, 100 Sheets, 200Pages Each</p><p>$17.99 ($9.00 / Count)</p><a href="https://www.amazon.com/dp/B07MT7HKZW?tag=eloabder-20&linkCode=osi&th=1&psc=1">View Product</a></div><div class="product"><a href="https://www.amazon.com/dp/B0BDQ82WB9?tag=eloabder-20&linkCode=osi&th=1&psc=1"><img src="https://m.media-amazon.com/images/I/51FoWr3GPwL._SL500_.jpg" alt="Product Image"></a><p>feela 170 Pack Blank Kraft Notebooks, Unlined Sketchbook Mini Cute Note Pad for Drawing Writing, Journal Bulk For Kids Students Office School Supplies, A6, 48 Pages, 4.25” X 5.5”, Black and Brown</p><p>$51.99</p><a href="https://www.amazon.com/dp/B0BDQ82WB9?tag=eloabder-20&linkCode=osi&th=1&psc=1">View Product</a></div><div class="product"><a href="https://www.amazon.com/dp/B0B3WWHWT2?tag=eloabder-20&linkCode=osi&th=1&psc=1"><img src="https://m.media-amazon.com/images/I/31m0FzXtPxL._SL500_.jpg" alt="Product Image"></a><p>Tamaki 6 Pack Colorful Blank Books for kids to Write, Drawing, Cute Sketchbook for Kid, 6 Colors (4.25 x 5.5 Inches)</p><p>$6.99</p><a href="https://www.amazon.com/dp/B0B3WWHWT2?tag=eloabder-20&linkCode=osi&th=1&psc=1">View Product</a></div>
<div class="product"><a href="https://www.amazon.com/dp/B0BGH2P9M6?tag=eloabder-20&linkCode=osi&th=1&psc=1"><img src="https://m.media-amazon.com/images/I/41ozOaYoHEL._SL500_.jpg" alt="Product Image"></a><p>EOOUT 100pcs A5 Kraft Notebooks, Blank Page Journals in Bulk, Sketchbooks Bulk for Kids, 60 Pages, 80GSM, 8.3 X 5.5 Inch, Travel Journal Set, for Art Camp, Travelers, Students and Office Supplies</p><p>$51.99</p><a href="https://www.amazon.com/dp/B0BGH2P9M6?tag=eloabder-20&linkCode=osi&th=1&psc=1">View Product</a></div><div class="product"><a href="https://www.amazon.com/dp/B07MT99F94?tag=eloabder-20&linkCode=osi&th=1&psc=1"><img src="https://m.media-amazon.com/images/I/41Ug7gpSWDL._SL500_.jpg" alt="Product Image"></a><p>Spiral Sketch Book Large Notebook（Built-in Drawing Board） Kraft Cover Blank Sketch Pad Wirebound Sketching for Drawing Painting 8.5x11-Inch (1 Pack) 200 Pages, 100 Sheets</p><p>$9.99</p><a href="https://www.amazon.com/dp/B07MT99F94?tag=eloabder-20&linkCode=osi&th=1&psc=1">View Product</a></div><div class="product"><a href="https://www.amazon.com/dp/B07CM32KLM?tag=eloabder-20&linkCode=osi&th=1&psc=1"><img src="https://m.media-amazon.com/images/I/41ENhBLE9DL._SL500_.jpg" alt="Product Image"></a><p>Kraft Cover Drawing Notebook & Sketchbook – Set of 2 Blank Plain Sketch Books – 125g Thick Paper A5 Size, 150x210mm Paper Ideal for Drawing & Sketching- 128 sheets/256 pages – 180 Degree Opening, 2pcs</p><p>$20.99 ($0.08 / Count)</p><a href="https://www.amazon.com/dp/B07CM32KLM?tag=eloabder-20&linkCode=osi&th=1&psc=1">View Product</a></div><div class="product"><a href="https://www.amazon.com/dp/B08ZLMLF7C?tag=eloabder-20&linkCode=osi&th=1&psc=1"><img src="https://m.media-amazon.com/images/I/41X-5yj83vL._SL500_.jpg" alt="Product Image"></a><p>BEECHMORE BOOKS Sketch Book, A4 8.5 x 11.5 inch Blank Sketchbook for Drawing, Paint and Draw, 156 Pages Thick Paper 160gsm, Hardcover Leather Art Notebook, Boxed for Gifts (Chestnut Brown)</p><p>$21.20</p><a href="https://www.amazon.com/dp/B08ZLMLF7C?tag=eloabder-20&linkCode=osi&th=1&psc=1">View Product</a></div>
<div class="product"><a href="https://www.amazon.com/dp/B075M9MSFH?tag=eloabder-20&linkCode=osi&th=1&psc=1"><img src="https://m.media-amazon.com/images/I/51x+szTX6TL._SL500_.jpg" alt="Product Image"></a><p>Bianyo Bleedproof Marker Paper Pad, A4(8.27"X11.69"), 50 Sheets, 18 LB / 70 GSM, Glue-Bound, 100% Cotton, White, Ideal for Use with Markers and Ink Mediums</p><p>$9.99</p><a href="https://www.amazon.com/dp/B075M9MSFH?tag=eloabder-20&linkCode=osi&th=1&psc=1">View Product</a></div><div class="product"><a href="https://www.amazon.com/dp/B08FX5S2NL?tag=eloabder-20&linkCode=osi&th=1&psc=1"><img src="https://m.media-amazon.com/images/I/41CA0ZfazKL._SL500_.jpg" alt="Product Image"></a><p>Marker Paper Sketchbook, Bleedproof Art Marker Pad, (8.27 X 11.69) Inch, White, 40 Sheets</p><p>$6.99</p><a href="https://www.amazon.com/dp/B08FX5S2NL?tag=eloabder-20&linkCode=osi&th=1&psc=1">View Product</a></div><div class="product"><a href="https://www.amazon.com/dp/B0CJRBFSJ8?tag=eloabder-20&linkCode=osi&th=1&psc=1"><img src="https://m.media-amazon.com/images/I/51DLA8TpwEL._SL500_.jpg" alt="Product Image"></a><p>Shuttle Art Marker Pad, 8.3”x8.9” Portable Square Sketchbook, 80 Sheets Marker Drawing Paper, 120LB/200GSM Bleedproof Art Paper, Spiral-Bound, Great for Professional Artist to Draw, Paint & Sketch</p><p>$16.99</p><a href="https://www.amazon.com/dp/B0CJRBFSJ8?tag=eloabder-20&linkCode=osi&th=1&psc=1">View Product</a></div><div class="product"><a href="https://www.amazon.com/dp/B09N7VX5Z5?tag=eloabder-20&linkCode=osi&th=1&psc=1"><img src="https://m.media-amazon.com/images/I/51xCPs9HZyL._SL500_.jpg" alt="Product Image"></a><p>Marker Paper Sketchbook - Marker Sketchbook with Bleedproof Smooth Coated Art Paper, 120 GSM 80 LBS - Marker Pad for Alcohol Markers, Sketching, Drawing - 8.11 x 8.5 Inch | 50 Sheets, 2 Pack</p><p>$15.99 ($8.00 / Count)</p><a href="https://www.amazon.com/dp/B09N7VX5Z5?tag=eloabder-20&linkCode=osi&th=1&psc=1">View Product</a></div><div class="product"><a href="https://www.amazon.com/dp/B07CK94W9T?tag=eloabder-20&linkCode=osi&th=1&psc=1"><img src="https://m.media-amazon.com/images/I/41ocoSNDjdL._SL500_.jpg" alt="Product Image"></a><p>BOXUN Premium 50 Sheets Sketch Marker Paper Pad, Bleedproof Artist Drawing Paper, 8.27 x 11.69 Inch</p><p>$8.29 ($0.17 / Count)</p><a href="https://www.amazon.com/dp/B07CK94W9T?tag=eloabder-20&linkCode=osi&th=1&psc=1">View Product</a></div><div class="product"><a href="https://www.amazon.com/dp/B0CPXWD11W?tag=eloabder-20&linkCode=osi&th=1&psc=1"><img src="https://m.media-amazon.com/images/I/51ApKzpDVNL._SL500_.jpg" alt="Product Image"></a><p>FEITAKE Marker Paper Pad Sketchbook Bleedproof for Alcohol Markers 120lb/200gsm Double Sided Thick Art Drawing Papers 60pages (30Sheets) / A4(8.3"x11.7") Gift for Artists Students Kids</p><p>$13.99 ($0.47 / Count)</p><a href="https://www.amazon.com/dp/B0CPXWD11W?tag=eloabder-20&linkCode=osi&th=1&psc=1">View Product</a></div><div class="product"><a href="https://www.amazon.com/dp/B0025TWYW6?tag=eloabder-20&linkCode=osi&th=1&psc=1"><img src="https://m.media-amazon.com/images/I/51t6UkUHCvL._SL500_.jpg" alt="Product Image"></a><p>Bee Paper Bleedproof Marker Pack, 8-1/2-Inch by 11-Inch, 50 Sheets per Pack</p><p>$17.09 ($0.34 / Count)</p><a href="https://www.amazon.com/dp/B0025TWYW6?tag=eloabder-20&linkCode=osi&th=1&psc=1">View Product</a></div><div class="product"><a href="https://www.amazon.com/dp/B0CJRBYYQB?tag=eloabder-20&linkCode=osi&th=1&psc=1"><img src="https://m.media-amazon.com/images/I/41knBnjZ25L._SL500_.jpg" alt="Product Image"></a><p>Shuttle Art Marker Pad, 8.3”x7.67” Portable Square Sketchbook, 50 Sheets Marker Drawing Paper, 60LB/90GSM Smooth Surface Bleedproof Art Paper, Glue-Bound, Great for Beginners to Draw, Paint & Sketch</p><p>$8.99 ($0.18 / Count)</p><a href="https://www.amazon.com/dp/B0CJRBYYQB?tag=eloabder-20&linkCode=osi&th=1&psc=1">View Product</a></div>
<div class="product"><a href="https://www.amazon.com/dp/B00881IU8M?tag=eloabder-20&linkCode=osi&th=1&psc=1"><img src="https://m.media-amazon.com/images/I/41hbSgdLBtL._SL500_.jpg" alt="Product Image"></a><p>Speedball Fabric & Paper Block Printing Ink 6-Color Set, 1.25-Ounce x 6</p><p>$28.99 ($28.99 / Count)</p><a href="https://www.amazon.com/dp/B00881IU8M?tag=eloabder-20&linkCode=osi&th=1&psc=1">View Product</a></div><div class="product"><a href="https://www.amazon.com/dp/B000J09PFM?tag=eloabder-20&linkCode=osi&th=1&psc=1"><img src="https://m.media-amazon.com/images/I/51yPRc4nvoL._SL500_.jpg" alt="Product Image"></a><p>Speedball Water-Soluble Block Printing Ink Starter Set, 6 Bold Colors with Satin Finish, 1.25-Ounce Tubes</p><p>$29.99 ($4.00 / Fl Oz)</p><a href="https://www.amazon.com/dp/B000J09PFM?tag=eloabder-20&linkCode=osi&th=1&psc=1">View Product</a></div><div class="product"><a href="https://www.amazon.com/dp/B000BYT24U?tag=eloabder-20&linkCode=osi&th=1&psc=1"><img src="https://m.media-amazon.com/images/I/51pDlo+LlKL._SL500_.jpg" alt="Product Image"></a><p>Speedball Water-Soluble Block Printing Ink, 8-Ounce Jar, Black</p><p>$14.49</p><a href="https://www.amazon.com/dp/B000BYT24U?tag=eloabder-20&linkCode=osi&th=1&psc=1">View Product</a></div><div class="product"><a href="https://www.amazon.com/dp/B00C1JUJWW?tag=eloabder-20&linkCode=osi&th=1&psc=1"><img src="https://m.media-amazon.com/images/I/41zDtJ6f5hL._SL500_.jpg" alt="Product Image"></a><p>Speedball Fabric Block Printing Ink, 2.5-Ounce, Black</p><p>$9.99 ($4.00 / Fl Oz)</p><a href="https://www.amazon.com/dp/B00C1JUJWW?tag=eloabder-20&linkCode=osi&th=1&psc=1">View Product</a></div><div class="product"><a href="https://www.amazon.com/dp/B004PZ1ZJG?tag=eloabder-20&linkCode=osi&th=1&psc=1"><img src="https://m.media-amazon.com/images/I/41+GkhhpR5L._SL500_.jpg" alt="Product Image"></a><p>Speedball Water-Soluble Block Printing Ink Starter Set, 4-Color Set, 1.25-Ounce Tubes</p><p>$20.99</p><a href="https://www.amazon.com/dp/B004PZ1ZJG?tag=eloabder-20&linkCode=osi&th=1&psc=1">View Product</a></div><div class="product"><a href="https://www.amazon.com/dp/B0017CZF3C?tag=eloabder-20&linkCode=osi&th=1&psc=1"><img src="https://m.media-amazon.com/images/I/41S17SYPAZL._SL500_.jpg" alt="Product Image"></a><p>Speedball Water Soluble Block Printing Ink, Black, 2-1/2 Ounces - 380663</p><p>$9.99</p><a href="https://www.amazon.com/dp/B0017CZF3C?tag=eloabder-20&linkCode=osi&th=1&psc=1">View Product</a></div><div class="product"><a href="https://www.amazon.com/dp/B0BXNX8FSH?tag=eloabder-20&linkCode=osi&th=1&psc=1"><img src="https://m.media-amazon.com/images/I/51JGm1VxVOL._SL500_.jpg" alt="Product Image"></a><p>Falling in Art Water-Soluble Block Printing Ink, 6-Color Printmaking Ink Set for Linoleum Block, 3.5 floz</p><p>$28.99</p><a href="https://www.amazon.com/dp/B0BXNX8FSH?tag=eloabder-20&linkCode=osi&th=1&psc=1">View Product</a></div><div class="product"><a href="https://www.amazon.com/dp/B0027ACJBO?tag=eloabder-20&linkCode=osi&th=1&psc=1"><img src="https://m.media-amazon.com/images/I/41OzayB9ojL._SL500_.jpg" alt="Product Image"></a><p>Speedball 3476 Oil-Based Block Printing Ink Starter Set for Professional, Permanent Prints AP Certified – 1.25 FL OZ Tubes</p><p>$33.99</p><a href="https://www.amazon.com/dp/B0027ACJBO?tag=eloabder-20&linkCode=osi&th=1&psc=1">View Product</a></div>
<div class="product"><a href="https://www.amazon.com/dp/B0027AGDWK?tag=eloabder-20&linkCode=osi&th=1&psc=1"><img src="https://m.media-amazon.com/images/I/515LDer6GPL._SL500_.jpg" alt="Product Image"></a><p>Speedball Deluxe Block Printing Kit - Includes Inks, Brayer, Bench Hook, Lino Handle and Cutters, Speedy-Carve Block, Mounted Linoleum Block</p><p>$59.99</p><a href="https://www.amazon.com/dp/B0027AGDWK?tag=eloabder-20&linkCode=osi&th=1&psc=1">View Product</a></div><div class="product"><a href="https://www.amazon.com/dp/B07ZJBZN5S?tag=eloabder-20&linkCode=osi&th=1&psc=1"><img src="https://m.media-amazon.com/images/I/41UbN58y9uS._SL500_.jpg" alt="Product Image"></a><p>SGHUO 12pcs 4"x6" Pink Rubber Carving Blocks Linoleum Block Stamp Making Kit</p><p>$22.99 ($1.92 / Count)</p><a href="https://www.amazon.com/dp/B07ZJBZN5S?tag=eloabder-20&linkCode=osi&th=1&psc=1">View Product</a></div>
<div class="product"><a href="https://www.amazon.com/dp/B00L2DYUM8?tag=eloabder-20&linkCode=osi&th=1&psc=1"><img src="https://m.media-amazon.com/images/I/51l5FZ0+5AL._SL500_.jpg" alt="Product Image"></a><p>Strathmore 300 Series Printmaking Paper Pad, Glue Bound, 5x7 inches, 40 Sheets (120g) - Artist Paper for Adults and Students - Block Printing, Linocut, Screen Printing, White</p><p>$7.26</p><a href="https://www.amazon.com/dp/B00L2DYUM8?tag=eloabder-20&linkCode=osi&th=1&psc=1">View Product</a></div><div class="product"><a href="https://www.amazon.com/dp/B07BSYS5XC?tag=eloabder-20&linkCode=osi&th=1&psc=1"><img src="https://m.media-amazon.com/images/I/51Uwfq0jv+L._SL500_.jpg" alt="Product Image"></a><p>Ucreate Printmaking Paper, 9"x12", White, 100 Sheet, P9001</p><p>$9.79</p><a href="https://www.amazon.com/dp/B07BSYS5XC?tag=eloabder-20&linkCode=osi&th=1&psc=1">View Product</a></div><div class="product"><a href="https://www.amazon.com/dp/B00K5562WA?tag=eloabder-20&linkCode=osi&th=1&psc=1"><img src="https://m.media-amazon.com/images/I/51Dm+TeJGdL._SL500_.jpg" alt="Product Image"></a><p>Strathmore Printmaking Paper Pad 8"X10"-20 Sheets -62433800, White</p><p>$10.19</p><a href="https://www.amazon.com/dp/B00K5562WA?tag=eloabder-20&linkCode=osi&th=1&psc=1">View Product</a></div><div class="product"><a href="https://www.amazon.com/dp/B001DNH8I0?tag=eloabder-20&linkCode=osi&th=1&psc=1"><img src="https://m.media-amazon.com/images/I/51UzoKdUojL._SL500_.jpg" alt="Product Image"></a><p>Black Ink 9-Inch by 12-Inch Bleached Mulberry Block Printing Paper, 25-Pack</p><p>$19.35 ($0.77 / Count)</p><a href="https://www.amazon.com/dp/B001DNH8I0?tag=eloabder-20&linkCode=osi&th=1&psc=1">View Product</a></div><div class="product"><a href="https://www.amazon.com/dp/B00C6G6L5Y?tag=eloabder-20&linkCode=osi&th=1&psc=1"><img src="https://m.media-amazon.com/images/I/5103h0Rm8sL._SL500_.jpg" alt="Product Image"></a><p>Black Ink Thai Mulberry Block Printing Paper Packs small assorted colors</p><p>$21.99</p><a href="https://www.amazon.com/dp/B00C6G6L5Y?tag=eloabder-20&linkCode=osi&th=1&psc=1">View Product</a></div>
<div class="product"><a href="https://www.amazon.com/dp/B003IG27OK?tag=eloabder-20&linkCode=osi&th=1&psc=1"><img src="https://m.media-amazon.com/images/I/416NUaYo1DL._SL500_.jpg" alt="Product Image"></a><p>Speedball Block Printing Baren - Comfortable Wooden Handle, Made in the USA - 4 Inches</p><p>$29.49</p><a href="https://www.amazon.com/dp/B003IG27OK?tag=eloabder-20&linkCode=osi&th=1&psc=1">View Product</a></div>
<div class="product"><a href="https://www.amazon.com/dp/B0CMZYY8CJ?tag=eloabder-20&linkCode=osi&th=1&psc=1"><img src="https://m.media-amazon.com/images/I/41TifSIP7SL._SL500_.jpg" alt="Product Image"></a><p>Ecoofor Blotting Paper for Flower Press, 20 Sheets Highly Absorbent and Reusable Blotter Paper for Flower Press Paper Craft 9 x 9 inch</p><p>$9.99</p><a href="https://www.amazon.com/dp/B0CMZYY8CJ?tag=eloabder-20&linkCode=osi&th=1&psc=1">View Product</a></div><div class="product"><a href="https://www.amazon.com/dp/B0CYRT3RM4?tag=eloabder-20&linkCode=osi&th=1&psc=1"><img src="https://m.media-amazon.com/images/I/31+qvVq3giL._SL500_.jpg" alt="Product Image"></a><p>Hygge & Sage Premium Natural Fiber Blotting Paper for Flower Press Art; 20 Large Sheets for a Press up to 8x11 Inches; Absorbent, Versatile, and Acid-Free Reusable Blotter Paper for Flower Pressing</p><p>$9.50 ($0.48 / Count)</p><a href="https://www.amazon.com/dp/B0CYRT3RM4?tag=eloabder-20&linkCode=osi&th=1&psc=1">View Product</a></div><div class="product"><a href="https://www.amazon.com/dp/B0D41GDLHM?tag=eloabder-20&linkCode=osi&th=1&psc=1"><img src="https://m.media-amazon.com/images/I/41LIF5dHXaL._SL500_.jpg" alt="Product Image"></a><p>Aboofx 20 Sheets Blotting Paper for Flower Press, 15" x 10" Extra Large Highly Absorbent Blotter Paper for Flower Press Reusable Herbarium Paper Craft Blotter Paper Sheets</p><p>$19.99</p><a href="https://www.amazon.com/dp/B0D41GDLHM?tag=eloabder-20&linkCode=osi&th=1&psc=1">View Product</a></div><div class="product"><a href="https://www.amazon.com/dp/B0CQMMYSBR?tag=eloabder-20&linkCode=osi&th=1&psc=1"><img src="https://m.media-amazon.com/images/I/413SlUi6IDL._SL500_.jpg" alt="Product Image"></a><p>Wisreach Blotting Paper for Flower Press, 20 Sheets Flower Press Paper Highly Absorbent and Reusable Blotter Paper for Flower Art A4 Size 8.26 x 11.4 inch</p><p>$9.99</p><a href="https://www.amazon.com/dp/B0CQMMYSBR?tag=eloabder-20&linkCode=osi&th=1&psc=1">View Product</a></div><div class="product"><a href="https://www.amazon.com/dp/B093FQ22PG?tag=eloabder-20&linkCode=osi&th=1&psc=1"><img src="https://m.media-amazon.com/images/I/41B2jXhe+QL._SL500_.jpg" alt="Product Image"></a><p>Blotting Paper for Flower Press by Berstuk® • Large A4 Flower Press Paper • Highly Absorbent and Reusable Herbarium Paper • Pack of 10 Blotter Paper Sheets</p><p>$6.99 ($69.90 / 100 Sheets)</p><a href="https://www.amazon.com/dp/B093FQ22PG?tag=eloabder-20&linkCode=osi&th=1&psc=1">View Product</a></div><div class="product"><a href="https://www.amazon.com/dp/B0C6PW4VGB?tag=eloabder-20&linkCode=osi&th=1&psc=1"><img src="https://m.media-amazon.com/images/I/21C64VB3iVL._SL500_.jpg" alt="Product Image"></a><p>PATIKIL 16"x12" Flower Press Paper, 1 Set/30 Sheet Refill Lining Blotter Paper Absorbent Reusable Blotting Paper for DIY Art Handicraft Scrapbook</p><p>$11.19</p><a href="https://www.amazon.com/dp/B0C6PW4VGB?tag=eloabder-20&linkCode=osi&th=1&psc=1">View Product</a></div><div class="product"><a href="https://www.amazon.com/dp/B0C6PTK915?tag=eloabder-20&linkCode=osi&th=1&psc=1"><img src="https://m.media-amazon.com/images/I/21UviFCGjtL._SL500_.jpg" alt="Product Image"></a><p>PATIKIL 12"x8" Flower Press Paper, 2 Set/60 Sheet Refill Lining Blotter Paper Absorbent Reusable Blotting Paper for DIY Art Handicraft Scrapbook</p><p>$13.69</p><a href="https://www.amazon.com/dp/B0C6PTK915?tag=eloabder-20&linkCode=osi&th=1&psc=1">View Product</a></div><div class="product"><a href="https://www.amazon.com/dp/B0CDJZ4MD7?tag=eloabder-20&linkCode=osi&th=1&psc=1"><img src="https://m.media-amazon.com/images/I/41iwkW+QQOL._SL500_.jpg" alt="Product Image"></a><p>30 PCS Blotting Paper for Flower Press Large A4 Flower Press Paper Highly Absorbent and Reusable Blotter Paper Refill Lining Paper for Flower Press Art Craft Scrapbook Making, 11.8 x 7.9 Inches Blue</p><p>$9.99</p><a href="https://www.amazon.com/dp/B0CDJZ4MD7?tag=eloabder-20&linkCode=osi&th=1&psc=1">View Product</a></div>

<div class="product"><a href="https://www.amazon.com/dp/B0D2T4F1DZ?tag=eloabder-20&linkCode=osi&th=1&psc=1"><img src="https://m.media-amazon.com/images/I/41KNcatyBWL._SL500_.jpg" alt="Product Image"></a><p>10pcs Book Cloth,14”x10”,Fabric Surface and Paper Backed, book cloth for book binding,book binding fabric,5 Colors Bookbinding Cloth for DIY fabric book cover,bookbinding paper (Style B)</p><p>$9.99</p><a href="https://www.amazon.com/dp/B0D2T4F1DZ?tag=eloabder-20&linkCode=osi&th=1&psc=1">View Product</a></div><div class="product"><a href="https://www.amazon.com/dp/B0CMD2LWR8?tag=eloabder-20&linkCode=osi&th=1&psc=1"><img src="https://m.media-amazon.com/images/I/31QVUZVSB+L._SL500_.jpg" alt="Product Image"></a><p>Mozeat Lens 33 ft Bookbinding Tape Book Tape Repair Book Binding Tape Cloth Book Repair Kit 2 Inch Wide Book Spine Tape Cloth Bookbinding Repair Tape White Book Tape for Reinforcing Book Spine Tape</p><p>$7.99</p><a href="https://www.amazon.com/dp/B0CMD2LWR8?tag=eloabder-20&linkCode=osi&th=1&psc=1">View Product</a></div><div class="product"><a href="https://www.amazon.com/dp/B0D1KC168C?tag=eloabder-20&linkCode=osi&th=1&psc=1"><img src="https://m.media-amazon.com/images/I/31wWgk-1V4L._SL500_.jpg" alt="Product Image"></a><p>AKONEGE Book Cloth for Book Binding 35 x 16 Inch Fabric Surface and Paper Backed, Strong, Easy to Use, Fabric Materials Bookbinding Supplies Bookcloth for Scrapbooking Album DIY Crafts, Black</p><p>$9.99</p><a href="https://www.amazon.com/dp/B0D1KC168C?tag=eloabder-20&linkCode=osi&th=1&psc=1">View Product</a></div><div class="product"><a href="https://www.amazon.com/dp/B0BC48CCWW?tag=eloabder-20&linkCode=osi&th=1&psc=1"><img src="https://m.media-amazon.com/images/I/41vTc+L-XyL._SL500_.jpg" alt="Product Image"></a><p>Wooqu Book Cloth, Fabric Surface and Paper Backed, Easy to Use, Strong, 17x29”, for Book Binding, Dark Green</p><p>$13.99</p><a href="https://www.amazon.com/dp/B0BC48CCWW?tag=eloabder-20&linkCode=osi&th=1&psc=1">View Product</a></div><div class="product"><a href="https://www.amazon.com/dp/B00W3S7LU4?tag=eloabder-20&linkCode=osi&th=1&psc=1"><img src="https://m.media-amazon.com/images/I/41mUL1LmSHS._SL500_.jpg" alt="Product Image"></a><p>BookGuard 2 inch Premium Bookbinding Repair Cloth Tape, 15 Yard Roll Burgundy</p><p>$14.95</p><a href="https://www.amazon.com/dp/B00W3S7LU4?tag=eloabder-20&linkCode=osi&th=1&psc=1">View Product</a></div>


<div class="product"><a href="https://www.amazon.com/dp/B0D3HPD7WP?tag=eloabder-20&linkCode=osi&th=1&psc=1"><img src="https://m.media-amazon.com/images/I/31KSmmAWUWL._SL500_.jpg" alt="Product Image"></a><p>50 Sheets Grey Cardstock Paper, Colored Printer Paper 8.5 x 11, Thick Construction Paper for Cards Making, Scrapbook，Office Printing, Invitations, Certificates，DIY Crafting 92 lb/250gsm</p><p>$9.99</p><a href="https://www.amazon.com/dp/B0D3HPD7WP?tag=eloabder-20&linkCode=osi&th=1&psc=1">View Product</a></div>
<div class="product"><a href="https://www.amazon.com/dp/B076CP6F36?tag=eloabder-20&linkCode=osi&th=1&psc=1"><img src="https://m.media-amazon.com/images/I/51rfEIvgI+L._SL500_.jpg" alt="Product Image"></a><p>Apple Barrel, Vibrant Spectrum Collection Acrylic Craft Paint, PROMOABIII, 2 fl oz each, 16 assorted matte colors, 16 count</p><p>$15.97 ($0.50 / Fl Oz)</p><a href="https://www.amazon.com/dp/B076CP6F36?tag=eloabder-20&linkCode=osi&th=1&psc=1">View Product</a></div><div class="product"><a href="https://www.amazon.com/dp/B0BKFLSYQF?tag=eloabder-20&linkCode=osi&th=1&psc=1"><img src="https://m.media-amazon.com/images/I/51a0PmPRknL._SL500_.jpg" alt="Product Image"></a><p>72 Pack Acrylic Paint Set, Shuttle Art 60 Colors Acrylic Paint Including Extra White Black & 12 Brushes, 2oz/60ml, Rich Pigmented, Water Proof, Ideal for Artists, Beginners on Canvas Rock Wood Ceramic</p><p>$45.99 ($23.00 / Fl Oz)</p><a href="https://www.amazon.com/dp/B0BKFLSYQF?tag=eloabder-20&linkCode=osi&th=1&psc=1">View Product</a></div><div class="product"><a href="https://www.amazon.com/dp/B08CB3JH79?tag=eloabder-20&linkCode=osi&th=1&psc=1"><img src="https://m.media-amazon.com/images/I/51OUZsFdnTL._SL500_.jpg" alt="Product Image"></a><p>Acrylic Paint Set of 36 Colors 2fl oz 60ml Bottles,Non Toxic 36 Colors Acrylic Paint No Fading Rich Pigment for Kids Adults Artists Canvas Crafts Wood Painting</p><p>$32.99 ($0.46 / Fl Oz)</p><a href="https://www.amazon.com/dp/B08CB3JH79?tag=eloabder-20&linkCode=osi&th=1&psc=1">View Product</a></div><div class="product"><a href="https://www.amazon.com/dp/B0018NBVKQ?tag=eloabder-20&linkCode=osi&th=1&psc=1"><img src="https://m.media-amazon.com/images/I/31YlSvZMTCL._SL500_.jpg" alt="Product Image"></a><p>Apple Barrel Acrylic Paint in Assorted Colors (8 Ounce), 20403 White</p><p>$2.67 ($0.33 / Fl Oz)</p><a href="https://www.amazon.com/dp/B0018NBVKQ?tag=eloabder-20&linkCode=osi&th=1&psc=1">View Product</a></div><div class="product"><a href="https://www.amazon.com/dp/B077WSBLZ1?tag=eloabder-20&linkCode=osi&th=1&psc=1"><img src="https://m.media-amazon.com/images/I/51KPkXpLn1L._SL500_.jpg" alt="Product Image"></a><p>Shuttle Art Acrylic Paint Set, 30 x12ml Tubes Artist Quality Non Toxic Rich Pigments Colors Great for Kids Adults Professional Painting on Rocks Canvas Wood Clay Fabric Ceramic Crafts</p><p>$12.99 ($1.08 / Fl Oz)</p><a href="https://www.amazon.com/dp/B077WSBLZ1?tag=eloabder-20&linkCode=osi&th=1&psc=1">View Product</a></div><div class="product"><a href="https://www.amazon.com/dp/B00889Z5Y6?tag=eloabder-20&linkCode=osi&th=1&psc=1"><img src="https://m.media-amazon.com/images/I/41MQjsyDbSL._SL500_.jpg" alt="Product Image"></a><p>Apple Barrel Acrylic Paint in Assorted Colors (2 oz), 20764, Apricot</p><p>$0.58 ($0.29 / Fl Oz)</p><a href="https://www.amazon.com/dp/B00889Z5Y6?tag=eloabder-20&linkCode=osi&th=1&psc=1">View Product</a></div><div class="product"><a href="https://www.amazon.com/dp/B09TWQD5ZL?tag=eloabder-20&linkCode=osi&th=1&psc=1"><img src="https://m.media-amazon.com/images/I/41B0L003QXL._SL500_.jpg" alt="Product Image"></a><p>Artkey Acrylic Paint Set - 24 colors 2 oz/59 ml Acrylic Paints Professional Artists Painting Kit for Canvases Fabric Rock Leather Easter Egg Wood Ceramic Glass Art Craft Painting</p><p>$19.99 ($0.42 / Fl Oz)</p><a href="https://www.amazon.com/dp/B09TWQD5ZL?tag=eloabder-20&linkCode=osi&th=1&psc=1">View Product</a></div><div class="product"><a href="https://www.amazon.com/dp/B07Z93LQDB?tag=eloabder-20&linkCode=osi&th=1&psc=1"><img src="https://m.media-amazon.com/images/I/51veoN6zK0L._SL500_.jpg" alt="Product Image"></a><p>Shuttle Art Acrylic Paint Set, 36 Colors Acrylic Paint with Brushes & Palette, 2oz Bottles, Rich Pigments Non-toxic Paint for Artists Kids & Adults, Art Supplies for Canvas Rock Ceramic Wood Painting</p><p>$27.99</p><a href="https://www.amazon.com/dp/B07Z93LQDB?tag=eloabder-20&linkCode=osi&th=1&psc=1">View Product</a></div><div class="product"><a href="https://www.amazon.com/dp/B002665SYY?tag=eloabder-20&linkCode=osi&th=1&psc=1"><img src="https://m.media-amazon.com/images/I/31sJJeWK6OS._SL500_.jpg" alt="Product Image"></a><p>Liquitex BASICS Acrylic Paint, 250ml (8.5-oz) Tube, Titanium White</p><p>$9.99 ($1.18 / Fl Oz)</p><a href="https://www.amazon.com/dp/B002665SYY?tag=eloabder-20&linkCode=osi&th=1&psc=1">View Product</a></div>
<div class="product"><a href="https://www.amazon.com/dp/B0CC98XLGL?tag=eloabder-20&linkCode=osi&th=1&psc=1"><img src="https://m.media-amazon.com/images/I/51ZLw+nThiL._SL500_.jpg" alt="Product Image"></a><p>HUIRUSO 4 Pack Double Sided Tape Roller, Scrapbook Supplies, Glue Tape Roller for Crafts, Double-Sided Adhesive Tape Runner for Scrapbooking, School Office Journaling Supplies (0.31 in X 26.25 ft)</p><p>$6.99 ($1.75 / Count)</p><a href="https://www.amazon.com/dp/B0CC98XLGL?tag=eloabder-20&linkCode=osi&th=1&psc=1">View Product</a></div><div class="product"><a href="https://www.amazon.com/dp/B007XAAE6K?tag=eloabder-20&linkCode=osi&th=1&psc=1"><img src="https://m.media-amazon.com/images/I/414qxYVR0wL._SL500_.jpg" alt="Product Image"></a><p>Scotch Double Sided Tape Runner, 1-Pack, 0.27 in x 26 ft., Perfect for Holiday Crafts, Gifts, and More</p><p>$4.47</p><a href="https://www.amazon.com/dp/B007XAAE6K?tag=eloabder-20&linkCode=osi&th=1&psc=1">View Product</a></div><div class="product"><a href="https://www.amazon.com/dp/B0BZVGPFSK?tag=eloabder-20&linkCode=osi&th=1&psc=1"><img src="https://m.media-amazon.com/images/I/51-ue9+7JkL._SL500_.jpg" alt="Product Image"></a><p>Birllaid Double Sided Tape for Walls, Picture Hanging Strips Removable Mounting Dots Adhesive Heavy Duty, Removable for Art Craft, Decoration, Party Supplies, Multipurpose</p><p>$11.99</p><a href="https://www.amazon.com/dp/B0BZVGPFSK?tag=eloabder-20&linkCode=osi&th=1&psc=1">View Product</a></div><div class="product"><a href="https://www.amazon.com/dp/B0CGVN9SL1?tag=eloabder-20&linkCode=osi&th=1&psc=1"><img src="https://m.media-amazon.com/images/I/41Hy+i4CnoL._SL500_.jpg" alt="Product Image"></a><p>30Ft x 1 Inch Hook and Loop Strips with Adhesive,Double Rolls of Heavy Duty Self Adhesive Tape with Backing, Nylon Self Adhesive Tape for Home Office School and Crafting,White</p><p>$9.99</p><a href="https://www.amazon.com/dp/B0CGVN9SL1?tag=eloabder-20&linkCode=osi&th=1&psc=1">View Product</a></div><div class="product"><a href="https://www.amazon.com/dp/B07Y3VDPLF?tag=eloabder-20&linkCode=osi&th=1&psc=1"><img src="https://m.media-amazon.com/images/I/41cyKQ2OMuL._SL500_.jpg" alt="Product Image"></a><p>Melsan 1x4 inch Hook and Loop Strips with Adhesive - 15 Sets, Strong Back Adhesive Fasten Mounting Tape for Home or Office Use - Instead of Holes and Screws, Black</p><p>$7.82</p><a href="https://www.amazon.com/dp/B07Y3VDPLF?tag=eloabder-20&linkCode=osi&th=1&psc=1">View Product</a></div><div class="product"><a href="https://www.amazon.com/dp/B07V57VJT5?tag=eloabder-20&linkCode=osi&th=1&psc=1"><img src="https://m.media-amazon.com/images/I/514JO3bvl3L._SL500_.jpg" alt="Product Image"></a><p>XFasten Adhesive Roller for Scrapbooking, 8mm x 30ft 4-Pack Double Sided Glue Tape Roller, Scrapbook Supplies for Adults, Photo Tape for Scrapbooking</p><p>$9.99 ($2.50 / Count)</p><a href="https://www.amazon.com/dp/B07V57VJT5?tag=eloabder-20&linkCode=osi&th=1&psc=1">View Product</a></div><div class="product"><a href="https://www.amazon.com/dp/B07JLTGQHX?tag=eloabder-20&linkCode=osi&th=1&psc=1"><img src="https://m.media-amazon.com/images/I/51Eqfo7kUZL._SL500_.jpg" alt="Product Image"></a><p>UPINS 120 Pack Double Sided Foam Tape Square Self-Adhesive Foam Tape Black Strong Tape Pads for DIY Art Crafts Supplies</p><p>$9.99 ($0.08 / Count)</p><a href="https://www.amazon.com/dp/B07JLTGQHX?tag=eloabder-20&linkCode=osi&th=1&psc=1">View Product</a></div><div class="product"><a href="https://www.amazon.com/dp/B005FM6XF4?tag=eloabder-20&linkCode=osi&th=1&psc=1"><img src="https://m.media-amazon.com/images/I/51-vp1WJ89L._SL500_.jpg" alt="Product Image"></a><p>AdTech 5603 Permanent Crafter's Tape, 0.31" x 315", Pack of 4</p><p>$7.84 ($0.07 / Foot)</p><a href="https://www.amazon.com/dp/B005FM6XF4?tag=eloabder-20&linkCode=osi&th=1&psc=1">View Product</a></div><div class="product"><a href="https://www.amazon.com/dp/B0CJF1FLFJ?tag=eloabder-20&linkCode=osi&th=1&psc=1"><img src="https://m.media-amazon.com/images/I/51dig1RqzdL._SL500_.jpg" alt="Product Image"></a><p>UPINS 150Pack Double Sided Foam Tape Strong Sticky Double Sided Foam Pads for Crafts Self-Adhesive Mounting Foam Tape Heavy Duty for Home Wall Decor 40 * 40 * 2mm</p><p>$8.99 ($0.06 / Count)</p><a href="https://www.amazon.com/dp/B0CJF1FLFJ?tag=eloabder-20&linkCode=osi&th=1&psc=1">View Product</a></div><div class="product"><a href="https://www.amazon.com/dp/B0D4YWRGCL?tag=eloabder-20&linkCode=osi&th=1&psc=1"><img src="https://m.media-amazon.com/images/I/41EqJ553-KL._SL500_.jpg" alt="Product Image"></a><p>Amanbo Glue Tape for Scrapbooking, 6 Pack Scrapbook Tape, Double Sided Tape Roller for Crafts, Total 120 Ft x 0.24 in Tape Runner, Craft Supplies for Scrapbooking, Gift Wrapping and Photo Tape</p><p>$6.99</p><a href="https://www.amazon.com/dp/B0D4YWRGCL?tag=eloabder-20&linkCode=osi&th=1&psc=1">View Product</a></div>
<div class="product"><a href="https://www.amazon.com/dp/B0CC5HPPTN?tag=eloabder-20&linkCode=osi&th=1&psc=1"><img src="https://m.media-amazon.com/images/I/519M81S201L._SL500_.jpg" alt="Product Image"></a><p>Airbrush Paint - 30 Colors with 3 Thinner, Ready to Spray Airbrush Paint Set, Water-Based Acrylic Air brush Paints for Metal, Plastic Models, Canvas, Wood, 20ml/Bottle</p><p>$32.99 ($1.48 / Fl Oz)</p><a href="https://www.amazon.com/dp/B0CC5HPPTN?tag=eloabder-20&linkCode=osi&th=1&psc=1">View Product</a></div>
<div class="product"><a href="https://www.amazon.com/dp/B0CXPSGK36?tag=eloabder-20&linkCode=osi&th=1&psc=1"><img src="https://m.media-amazon.com/images/I/51dd2dYOtrL._SL500_.jpg" alt="Product Image"></a><p>Letter Stickers 30 Sheets 1500 PCS Large Alphabet Sticker 2 Inch Vinyl Self Adhesive Stick on Stickers for Water Bottles Cup Mailbox Number Address Craft Scrapbooking Bulletin Board Decor Multicolor</p><p>$9.99</p><a href="https://www.amazon.com/dp/B0CXPSGK36?tag=eloabder-20&linkCode=osi&th=1&psc=1">View Product</a></div><div class="product"><a href="https://www.amazon.com/dp/B07NNYFMGY?tag=eloabder-20&linkCode=osi&th=1&psc=1"><img src="https://m.media-amazon.com/images/I/51yDnU+gEXL._SL500_.jpg" alt="Product Image"></a><p>20 Sheets Alphabet Letter Stickers 10 Colors Self Adhesive Sticker Colorful PU Material Convex Feeling (Colored Letter Stickers 1)</p><p>$6.99 ($0.35 / Count)</p><a href="https://www.amazon.com/dp/B07NNYFMGY?tag=eloabder-20&linkCode=osi&th=1&psc=1">View Product</a></div>

<div class="product"><a href="https://www.amazon.com/dp/B01DDN8854?tag=eloabder-20&linkCode=osi&th=1&psc=1"><img src="https://m.media-amazon.com/images/I/61dPubDZBSL._SL500_.jpg" alt="Product Image"></a><p>Hugs 'n Kisses HNKHABY13 Applique Paper (20 Pack)</p><p>$19.72 ($0.99 / Count)</p><a href="https://www.amazon.com/dp/B01DDN8854?tag=eloabder-20&linkCode=osi&th=1&psc=1">View Product</a></div>
<div class="product"><a href="https://www.amazon.com/dp/B09KPNFJW1?tag=eloabder-20&linkCode=osi&th=1&psc=1"><img src="https://m.media-amazon.com/images/I/41abn5fELmL._SL500_.jpg" alt="Product Image"></a><p>UniPleased Disposable Aprons (50 Count), Plastic apron for Painting Party, Cooking, Housework, Picnic etc.</p><p>$5.69</p><a href="https://www.amazon.com/dp/B09KPNFJW1?tag=eloabder-20&linkCode=osi&th=1&psc=1">View Product</a></div>
<div class="product"><a href="https://www.amazon.com/dp/B087M21MM2?tag=eloabder-20&linkCode=osi&th=1&psc=1"><img src="https://m.media-amazon.com/images/I/41Xf-jehhLL._SL500_.jpg" alt="Product Image"></a><p>GOTIDEAL Stretched Canvas, Multi Pack 4x4, 5x7, 8x10,9x12, 11x14 Set of 10, Primed White - 100% Cotton Artist Canvas Boards for Painting, Acrylic Pouring, Oil Paint Dry & Wet Art Media</p><p>$24.99</p><a href="https://www.amazon.com/dp/B087M21MM2?tag=eloabder-20&linkCode=osi&th=1&psc=1">View Product</a></div><div class="product"><a href="https://www.amazon.com/dp/B00OQJYISG?tag=eloabder-20&linkCode=osi&th=1&psc=1"><img src="https://m.media-amazon.com/images/I/31fEDLPkkcL._SL500_.jpg" alt="Product Image"></a><p>6 Count 12” x 16” Super Value Canvas by Artist's Loft Necessities - Acid Free Cotton Canvas for Paint, Acrylic, & Oils - 1 Pack</p><p>$19.99</p><a href="https://www.amazon.com/dp/B00OQJYISG?tag=eloabder-20&linkCode=osi&th=1&psc=1">View Product</a></div><div class="product"><a href="https://www.amazon.com/dp/B09CDKB9HY?tag=eloabder-20&linkCode=osi&th=1&psc=1"><img src="https://m.media-amazon.com/images/I/51+p5xnClGL._SL500_.jpg" alt="Product Image"></a><p>DPDIAN Canvas Boards for Painting 40 Pack, 8 inch x 10 inch Super Value Pack, Artist Canvas Panels for Oil & Acrylic Painting</p><p>$29.99</p><a href="https://www.amazon.com/dp/B09CDKB9HY?tag=eloabder-20&linkCode=osi&th=1&psc=1">View Product</a></div><div class="product"><a href="https://www.amazon.com/dp/B0CFBGP29G?tag=eloabder-20&linkCode=osi&th=1&psc=1"><img src="https://m.media-amazon.com/images/I/3147Az5plbL._SL500_.jpg" alt="Product Image"></a><p>ArtSkills Stretched Canvases for Painting, 12x16 Canvas Painting Supplies for Artists, Blank Canvas Pack, 2-Pack</p><p>$16.99</p><a href="https://www.amazon.com/dp/B0CFBGP29G?tag=eloabder-20&linkCode=osi&th=1&psc=1">View Product</a></div><div class="product"><a href="https://www.amazon.com/dp/B07BNGQ1SS?tag=eloabder-20&linkCode=osi&th=1&psc=1"><img src="https://m.media-amazon.com/images/I/410ZVtygUwS._SL500_.jpg" alt="Product Image"></a><p>PHOENIX Stretched Canvas for Painting 8x10 Inch/10 Value Pack, 8 Oz Triple Primed 5/8 Inch Profile 100% Cotton White Blank Canvas, Artist Framed Canvas for Oil Acrylic & Pouring Art</p><p>$22.99</p><a href="https://www.amazon.com/dp/B07BNGQ1SS?tag=eloabder-20&linkCode=osi&th=1&psc=1">View Product</a></div><div class="product"><a href="https://www.amazon.com/dp/B0922JP1H4?tag=eloabder-20&linkCode=osi&th=1&psc=1"><img src="https://m.media-amazon.com/images/I/41BmiEND1KL._SL500_.jpg" alt="Product Image"></a><p>GOTIDEAL Canvases for Painting, 18 Pack Canvas Boards Multipack 4x4, 5x7, 8x10, 9x12,11x14,Primed White Blank Artist Canvas Variety Pack for Acrylic Paint, Oil Paint, Watercolor, Gouache</p><p>$19.99</p><a href="https://www.amazon.com/dp/B0922JP1H4?tag=eloabder-20&linkCode=osi&th=1&psc=1">View Product</a></div>


<div class="product"><a href="https://www.amazon.com/dp/B0872VFHBH?tag=eloabder-20&linkCode=osi&th=1&psc=1"><img src="https://m.media-amazon.com/images/I/51k3bekQheS._SL500_.jpg" alt="Product Image"></a><p>Bachmore Drawing Pad 9X12 Inch (110lb/180g), 60 Sheets, Top Spiral Bound Multi-Media for Artist Pro & Amateurs | Acrylic Art, Ink, Paint, Oil Pastels,Watercolor Mixed Media Sketch</p><p>$11.99</p><a href="https://www.amazon.com/dp/B0872VFHBH?tag=eloabder-20&linkCode=osi&th=1&psc=1">View Product</a></div><div class="product"><a href="https://www.amazon.com/dp/B0027A75A4?tag=eloabder-20&linkCode=osi&th=1&psc=1"><img src="https://m.media-amazon.com/images/I/51dyOxxcgYL._SL500_.jpg" alt="Product Image"></a><p>Strathmore 200 Series Sketch Pad, 9x12 inch, 100 Sheets, Tape Bound - Artist Sketchbook for Drawing, Illustration, Art Class Students</p><p>$6.99 ($0.07 / Count)</p><a href="https://www.amazon.com/dp/B0027A75A4?tag=eloabder-20&linkCode=osi&th=1&psc=1">View Product</a></div><div class="product"><a href="https://www.amazon.com/dp/B0BV13YQKX?tag=eloabder-20&linkCode=osi&th=1&psc=1"><img src="https://m.media-amazon.com/images/I/41VYfMpvXUL._SL500_.jpg" alt="Product Image"></a><p>Canson Graduate Watercolor Pad, Foldover, 9x12 inch, 20 Sheets | Artist Paper for Adults and Students - Painting, Gouache, Mixed Media and Ink</p><p>$4.97 ($0.41 / Count)</p><a href="https://www.amazon.com/dp/B0BV13YQKX?tag=eloabder-20&linkCode=osi&th=1&psc=1">View Product</a></div><div class="product"><a href="https://www.amazon.com/dp/B0024KMQ6K?tag=eloabder-20&linkCode=osi&th=1&psc=1"><img src="https://m.media-amazon.com/images/I/51sYdvPPUCL._SL500_.jpg" alt="Product Image"></a><p>Strathmore 400 Series Pastel Pad, Assorted Colors, 9"x12" Glue Bound, 24 Sheets</p><p>$9.11</p><a href="https://www.amazon.com/dp/B0024KMQ6K?tag=eloabder-20&linkCode=osi&th=1&psc=1">View Product</a></div><div class="product"><a href="https://www.amazon.com/dp/B00246O6PI?tag=eloabder-20&linkCode=osi&th=1&psc=1"><img src="https://m.media-amazon.com/images/I/517TUmckOIL._SL500_.jpg" alt="Product Image"></a><p>Strathmore 300 Series Drawing Paper Pad, Top Wire Bound, 11x14 inches, 50 Sheets (70lb/114g) - Artist Paper for Adults and Students - Charcoal, Colored Pencil, Ink, Pastel, Marker</p><p>$13.33</p><a href="https://www.amazon.com/dp/B00246O6PI?tag=eloabder-20&linkCode=osi&th=1&psc=1">View Product</a></div>
<div class="product"><a href="https://www.amazon.com/dp/B08ZMH7LJY?tag=eloabder-20&linkCode=osi&th=1&psc=1"><img src="https://m.media-amazon.com/images/I/51mJIsLJA-S._SL500_.jpg" alt="Product Image"></a><p>PANDAFLY Professional Drawing Sketching Pencil Set - 12 Pieces Graphite Pencils(14B - 2H), Ideal for Drawing Art, Sketching, Shading, Artist Pencils for Beginners & Pro Artists</p><p>$5.11</p><a href="https://www.amazon.com/dp/B08ZMH7LJY?tag=eloabder-20&linkCode=osi&th=1&psc=1">View Product</a></div><div class="product"><a href="https://www.amazon.com/dp/B088K1G5NL?tag=eloabder-20&linkCode=osi&th=1&psc=1"><img src="https://m.media-amazon.com/images/I/51F2bOMZWnL._SL500_.jpg" alt="Product Image"></a><p>MARKART Professional Drawing Sketching Pencil Set - 14 Pieces,Graphite,(12B - 4H), Ideal for Drawing Art, Sketching, Shading, Artist Pencils for Beginners & Pro Artists</p><p>$5.24</p><a href="https://www.amazon.com/dp/B088K1G5NL?tag=eloabder-20&linkCode=osi&th=1&psc=1">View Product</a></div><div class="product"><a href="https://www.amazon.com/dp/B08FHMRW4L?tag=eloabder-20&linkCode=osi&th=1&psc=1"><img src="https://m.media-amazon.com/images/I/51Pmn5gjyzL._SL500_.jpg" alt="Product Image"></a><p>Mr. Pen- Sketch Pencils for Drawing, 14 Pack, Drawing Pencils, Art Pencils, Graphite Pencils, Graphite Pencils for Drawing, Art Pencils for Drawing and Shading</p><p>$5.95</p><a href="https://www.amazon.com/dp/B08FHMRW4L?tag=eloabder-20&linkCode=osi&th=1&psc=1">View Product</a></div><div class="product"><a href="https://www.amazon.com/dp/B0BNQ58DC4?tag=eloabder-20&linkCode=osi&th=1&psc=1"><img src="https://m.media-amazon.com/images/I/51e-gQtCcCL._SL500_.jpg" alt="Product Image"></a><p>MARTCOLOR Drawing Sketching Pencils Set, 12 Pack Graphite Pencils(14B - 2H), Ideal for Drawing Art, Sketching, Shading, Artist Pencils for Beginners & Pro Artists</p><p>$5.99</p><a href="https://www.amazon.com/dp/B0BNQ58DC4?tag=eloabder-20&linkCode=osi&th=1&psc=1">View Product</a></div>

<div class="product"><a href="https://www.amazon.com/dp/B0851M3749?tag=eloabder-20&linkCode=osi&th=1&psc=1"><img src="https://m.media-amazon.com/images/I/41KKSGSDl5L._SL500_.jpg" alt="Product Image"></a><p>N NOROCME 12 PCS Blending Stumps and Tortillions Paper Art Blenders with Sandpaper Pencil Sharpener Pointer for Student Artist Charcoal Sketch Drawing Tools</p><p>$4.99</p><a href="https://www.amazon.com/dp/B0851M3749?tag=eloabder-20&linkCode=osi&th=1&psc=1">View Product</a></div><div class="product"><a href="https://www.amazon.com/dp/B09J3HKN8F?tag=eloabder-20&linkCode=osi&th=1&psc=1"><img src="https://m.media-amazon.com/images/I/51Qvx81eQLL._SL500_.jpg" alt="Product Image"></a><p>Eraser Pencils Set for Artists, Wooden Sketch Eraser Pen for Charcoal Drawings, Professional Highlight Painting Eraser for Sketching, Revise Erasing Details for Students Limner</p><p>$6.99</p><a href="https://www.amazon.com/dp/B09J3HKN8F?tag=eloabder-20&linkCode=osi&th=1&psc=1">View Product</a></div>
<div class="product"><a href="https://www.amazon.com/dp/B09WCQ89T8?tag=eloabder-20&linkCode=osi&th=1&psc=1"><img src="https://m.media-amazon.com/images/I/41gZz0qgBFL._SL500_.jpg" alt="Product Image"></a><p>Bernat BABY BLANKET BB Blue Dreams Yarn - 1 Pack of 10.5oz/300g - Polyester - #6 Super Bulky - 220 Yards - Knitting/Crochet</p><p>$6.97</p><a href="https://www.amazon.com/dp/B09WCQ89T8?tag=eloabder-20&linkCode=osi&th=1&psc=1">View Product</a></div><div class="product"><a href="https://www.amazon.com/dp/B07V5JVNFD?tag=eloabder-20&linkCode=osi&th=1&psc=1"><img src="https://m.media-amazon.com/images/I/41IS+HdtiOL._SL500_.jpg" alt="Product Image"></a><p>Lion Brand Yarn Basic Stitch Anti-Pilling Knitting Yarn, Yarn for Crocheting, 1-Pack, Baby Blue</p><p>$8.40 ($0.02 / Foot)</p><a href="https://www.amazon.com/dp/B07V5JVNFD?tag=eloabder-20&linkCode=osi&th=1&psc=1">View Product</a></div><div class="product"><a href="https://www.amazon.com/dp/B01M0AJID2?tag=eloabder-20&linkCode=osi&th=1&psc=1"><img src="https://m.media-amazon.com/images/I/41yVau0AUpL._SL500_.jpg" alt="Product Image"></a><p>Lion Brand Yarn (1 Skein) Lion Brand Yarn Babysoft Baby Yarn Yarn, Little Boy Blue Multicolor</p><p>$7.19 ($0.01 / Foot)</p><a href="https://www.amazon.com/dp/B01M0AJID2?tag=eloabder-20&linkCode=osi&th=1&psc=1">View Product</a></div><div class="product"><a href="https://www.amazon.com/dp/B09W1KHF42?tag=eloabder-20&linkCode=osi&th=1&psc=1"><img src="https://m.media-amazon.com/images/I/41maDlrio5L._SL500_.jpg" alt="Product Image"></a><p>Red Heart Super Saver Light Blue Yarn - 3 Pack of 198g/7oz - Acrylic - 4 Medium (Worsted) - 364 Yards - Knitting/Crochet</p><p>$13.29 ($4.43 / Count)</p><a href="https://www.amazon.com/dp/B09W1KHF42?tag=eloabder-20&linkCode=osi&th=1&psc=1">View Product</a></div><div class="product"><a href="https://www.amazon.com/dp/B08LKVZ3CX?tag=eloabder-20&linkCode=osi&th=1&psc=1"><img src="https://m.media-amazon.com/images/I/41GLizNx8UL._SL500_.jpg" alt="Product Image"></a><p>Bernat Baby Blanket Baby Blue Yarn - 3 Pack of 100g/3.5oz - Polyester - 6 Super Bulky - 72 Yards - Knitting/Crochet</p><p>$21.81</p><a href="https://www.amazon.com/dp/B08LKVZ3CX?tag=eloabder-20&linkCode=osi&th=1&psc=1">View Product</a></div><div class="product"><a href="https://www.amazon.com/dp/B0CHJ95WHJ?tag=eloabder-20&linkCode=osi&th=1&psc=1"><img src="https://m.media-amazon.com/images/I/314E1EQdihL._SL500_.jpg" alt="Product Image"></a><p>NORCIA Soft Velvet Yarn Chenille Yarn for Crocheting Baby Blanket Yarn for Knitting Amigurumi Yarn Fancy Yarn for Crochet Weaving Craft (Baby Blue, 1 Skein)</p><p>$9.99</p><a href="https://www.amazon.com/dp/B0CHJ95WHJ?tag=eloabder-20&linkCode=osi&th=1&psc=1">View Product</a></div>
<div class="product"><a href="https://www.amazon.com/dp/B0779F2TXJ?tag=eloabder-20&linkCode=osi&th=1&psc=1"><img src="https://m.media-amazon.com/images/I/31kqZr8DJzL._SL500_.jpg" alt="Product Image"></a><p>OPENDGO Feather Ballpoint Pen ，Black Ink Vintage Feather Quill Refined Plated Rod Quill Ballpoint Pen For School Writing ▏Wedding Gift Signature Pen (Black)</p><p>$6.97</p><a href="https://www.amazon.com/dp/B0779F2TXJ?tag=eloabder-20&linkCode=osi&th=1&psc=1">View Product</a></div><div class="product"><a href="https://www.amazon.com/dp/B0CQF3BJ3S?tag=eloabder-20&linkCode=osi&th=1&psc=1"><img src="https://m.media-amazon.com/images/I/41gs6AOiP6L._SL500_.jpg" alt="Product Image"></a><p>3 in 1 Retractable Ballpoint Pen with Light and Stylus, Nice Pens for Journaling Writing in The Dark - White/Red Light Tip- 0.7mm Black Ink</p><p>$12.99</p><a href="https://www.amazon.com/dp/B0CQF3BJ3S?tag=eloabder-20&linkCode=osi&th=1&psc=1">View Product</a></div><div class="product"><a href="https://www.amazon.com/dp/B08BBZ3B8G?tag=eloabder-20&linkCode=osi&th=1&psc=1"><img src="https://m.media-amazon.com/images/I/41cMHyw60wL._SL500_.jpg" alt="Product Image"></a><p>Mr. Pen- Pens, Black Pens, 12 Pack, Fast Dry, No Smear Pens, Bible Pens, Pens for Journaling, Pens No Bleed Through, Pens Fine Point, Journal Pens, Fine Tip, Planner Pens, Ball Point Journal Pens</p><p>$9.99</p><a href="https://www.amazon.com/dp/B08BBZ3B8G?tag=eloabder-20&linkCode=osi&th=1&psc=1">View Product</a></div><div class="product"><a href="https://www.amazon.com/dp/B0D4YWWGX6?tag=eloabder-20&linkCode=osi&th=1&psc=1"><img src="https://m.media-amazon.com/images/I/31xHBCCzJqL._SL500_.jpg" alt="Product Image"></a><p>PATIKIL 21cm/8" Feather Ballpoint Pen, 1Pcs Ink Vintage Quill Pen Refined Plated Dip Pen for Calligraphy Writing Signature Wedding Gift, Yellow</p><p>$7.49</p><a href="https://www.amazon.com/dp/B0D4YWWGX6?tag=eloabder-20&linkCode=osi&th=1&psc=1">View Product</a></div>

<div class="product"><a href="https://www.amazon.com/dp/B001TLDEVQ?tag=eloabder-20&linkCode=osi&th=1&psc=1"><img src="https://m.media-amazon.com/images/I/41jYF39F6lL._SL500_.jpg" alt="Product Image"></a><p>Beadalon SuppleMax Illusion Beading Cord, 0.40 mm / 0.016 in, Clear Monofilament, 50 m / 164 ft</p><p>$4.74</p><a href="https://www.amazon.com/dp/B001TLDEVQ?tag=eloabder-20&linkCode=osi&th=1&psc=1">View Product</a></div><div class="product"><a href="https://www.amazon.com/dp/B0D2HVFZ7Q?tag=eloabder-20&linkCode=osi&th=1&psc=1"><img src="https://m.media-amazon.com/images/I/41R66LMYz7L._SL500_.jpg" alt="Product Image"></a><p>Zxiixz 116Yards 0.5mm Bracelet String, Waxed String Cord for Bracelet Making, Beading Thread for Bracelet Beads, Friendship Bracelet String for Bracelet Making, Waxed Polyester Cord for Jewelry Making</p><p>$6.99</p><a href="https://www.amazon.com/dp/B0D2HVFZ7Q?tag=eloabder-20&linkCode=osi&th=1&psc=1">View Product</a></div><div class="product"><a href="https://www.amazon.com/dp/B07BNF8KH5?tag=eloabder-20&linkCode=osi&th=1&psc=1"><img src="https://m.media-amazon.com/images/I/51jVByheyVL._SL500_.jpg" alt="Product Image"></a><p>PH PandaHall 100 Yards 1mm Waxed Cotton Cord Thread Beading String for Bracelet Necklace Making Crafting Beading Macrame Vase Decor, Burlywood</p><p>$7.19 ($0.02 / Foot)</p><a href="https://www.amazon.com/dp/B07BNF8KH5?tag=eloabder-20&linkCode=osi&th=1&psc=1">View Product</a></div><div class="product"><a href="https://www.amazon.com/dp/B07HBPGXJG?tag=eloabder-20&linkCode=osi&th=1&psc=1"><img src="https://m.media-amazon.com/images/I/41xi8gO6kDL._SL500_.jpg" alt="Product Image"></a><p>Paxcoo 0.8mm Elastic String, Stretchy Bracelet String Crystal String Bead Cord for Bracelet, Beading and Jewelry Making (120m)</p><p>$6.99 ($0.02 / Foot)</p><a href="https://www.amazon.com/dp/B07HBPGXJG?tag=eloabder-20&linkCode=osi&th=1&psc=1">View Product</a></div><div class="product"><a href="https://www.amazon.com/dp/B0CNPST7D9?tag=eloabder-20&linkCode=osi&th=1&psc=1"><img src="https://m.media-amazon.com/images/I/41A9VISFC4L._SL500_.jpg" alt="Product Image"></a><p>Kblick Black Nylon String Cord - 1MM 100 Yards Black Twine, Bracelet String for Bracelet Making, Braided Ornament Lanyard Sting, Jewelry Thread Clay Bead String for Crafts, Macrame Satin Cord</p><p>$5.99 ($0.02 / Foot)</p><a href="https://www.amazon.com/dp/B0CNPST7D9?tag=eloabder-20&linkCode=osi&th=1&psc=1">View Product</a></div><div class="product"><a href="https://www.amazon.com/dp/B08GC3JF9X?tag=eloabder-20&linkCode=osi&th=1&psc=1"><img src="https://m.media-amazon.com/images/I/41FQZYhvQpL._SL500_.jpg" alt="Product Image"></a><p>Cheriswelry 100M 0.8mm Nylon Beading Cord Black Chinese Knotting Rattail Macrame Thread String Roll for Jewelry Making Kumihimo Wrapping Supplies DIY Crafts</p><p>$6.99 ($0.02 / Fl Oz)</p><a href="https://www.amazon.com/dp/B08GC3JF9X?tag=eloabder-20&linkCode=osi&th=1&psc=1">View Product</a></div><div class="product"><a href="https://www.amazon.com/dp/B0B3V9RWQC?tag=eloabder-20&linkCode=osi&th=1&psc=1"><img src="https://m.media-amazon.com/images/I/41F-OP+yCxL._SL500_.jpg" alt="Product Image"></a><p>Griffin Silk Bead Cord Perlseide – Black Color – Size 3 (0.50mm) – 2 Meters per Card – Stainless Steel Needle Attached – for Knotting Pearls, Gemstones, Crystals and Beads</p><p>$4.99 ($0.76 / Foot)</p><a href="https://www.amazon.com/dp/B0B3V9RWQC?tag=eloabder-20&linkCode=osi&th=1&psc=1">View Product</a></div><div class="product"><a href="https://www.amazon.com/dp/B08F49YVQP?tag=eloabder-20&linkCode=osi&th=1&psc=1"><img src="https://m.media-amazon.com/images/I/41yCMIpj0rS._SL500_.jpg" alt="Product Image"></a><p>1mm Stretchy Bracelet String, Sturdy Rainbow Elastic String Elastic Cord for Jewelry Making, Necklaces, Beading and Crafts</p><p>$6.99 ($0.04 / Foot)</p><a href="https://www.amazon.com/dp/B08F49YVQP?tag=eloabder-20&linkCode=osi&th=1&psc=1">View Product</a></div>

<div class="product"><a href="https://www.amazon.com/dp/B001GMUBJ6?tag=eloabder-20&linkCode=osi&th=1&psc=1"><img src="https://m.media-amazon.com/images/I/41V5qzn3H5L._SL500_.jpg" alt="Product Image"></a><p>The Beadsmith Fireline by Berkley – Micro-Fused Braided Thread – 6lb. Test, 006”/.15mm Diameter, 50 Yard Spool, Crystal Color – Super Strong Stringing Material for Jewelry Making and Bead Weaving</p><p>$12.59</p><a href="https://www.amazon.com/dp/B001GMUBJ6?tag=eloabder-20&linkCode=osi&th=1&psc=1">View Product</a></div><div class="product"><a href="https://www.amazon.com/dp/B001UAKK0Y?tag=eloabder-20&linkCode=osi&th=1&psc=1"><img src="https://m.media-amazon.com/images/I/41rY1D0wfuL._SL500_.jpg" alt="Product Image"></a><p>Beadalon Wildfire, 0.006 in, 0.15 mm, Break Strength 10 lb / 4.5 kg, Frost, 50 yd / 45 m</p><p>$8.85 ($0.06 / Foot)</p><a href="https://www.amazon.com/dp/B001UAKK0Y?tag=eloabder-20&linkCode=osi&th=1&psc=1">View Product</a></div><div class="product"><a href="https://www.amazon.com/dp/B095WY58F4?tag=eloabder-20&linkCode=osi&th=1&psc=1"><img src="https://m.media-amazon.com/images/I/41mXRfJqcjL._SL500_.jpg" alt="Product Image"></a><p>PH PandaHall 0.1mm Nylon Seed Bead Thread 100 Yards Black White Bracelet Cord Beading Thread Invisible Sewing Thread Nylon Braided Thread String for Leather Stitching Beading Jewelry Bracelets Making</p><p>$9.99 ($0.03 / Foot)</p><a href="https://www.amazon.com/dp/B095WY58F4?tag=eloabder-20&linkCode=osi&th=1&psc=1">View Product</a></div><div class="product"><a href="https://www.amazon.com/dp/B08RN2R2SZ?tag=eloabder-20&linkCode=osi&th=1&psc=1"><img src="https://m.media-amazon.com/images/I/41Tg2MMC++L._SL500_.jpg" alt="Product Image"></a><p>KO Nylon Beading Thread, White Color, Japanese Pre-Waxed 100% Nylon, 330TEX, Tangle Resistant Knotting Cords, 50m /55 yds Spool, Use for Seed Bead Projects, Loom Work & Bead Weaving</p><p>$7.06 ($0.04 / Foot)</p><a href="https://www.amazon.com/dp/B08RN2R2SZ?tag=eloabder-20&linkCode=osi&th=1&psc=1">View Product</a></div><div class="product"><a href="https://www.amazon.com/dp/B09J89ST79?tag=eloabder-20&linkCode=osi&th=1&psc=1"><img src="https://m.media-amazon.com/images/I/41hLuuOZeXL._SL500_.jpg" alt="Product Image"></a><p>2 Roll Polyester Thread, Heavy Duty Thread, 1500Yard/Reel 210D/3 nylon thread for sewing, Sewing Thread for Upholstery, Outdoor Market, Drapery, Leather, Beading, Crafts</p><p>$7.99 ($0.00 / Foot)</p><a href="https://www.amazon.com/dp/B09J89ST79?tag=eloabder-20&linkCode=osi&th=1&psc=1">View Product</a></div><div class="product"><a href="https://www.amazon.com/dp/B0C6MSY7QQ?tag=eloabder-20&linkCode=osi&th=1&psc=1"><img src="https://m.media-amazon.com/images/I/31Bn-MyA62L._SL500_.jpg" alt="Product Image"></a><p>PH PandaHall 0.1mm Nylon String 100 Yards Beading Thread White Nylon Seed Bead Thread Bracelet Beading Thread Sewing String for Leather Stitching Beading Jewelry Bracelets Making</p><p>$7.99 ($0.03 / Foot)</p><a href="https://www.amazon.com/dp/B0C6MSY7QQ?tag=eloabder-20&linkCode=osi&th=1&psc=1">View Product</a></div>

<div class="product"><a href="https://www.amazon.com/dp/B07NMNDT1W?tag=eloabder-20&linkCode=osi&th=1&psc=1"><img src="https://m.media-amazon.com/images/I/41-zwQIcVcL._SL500_.jpg" alt="Product Image"></a><p>Howemon White Beeswax Pellets 2LB 100% Pure and Natural Triple Filtered for Skin, Face, Body and Hair Care DIY Creams, Lotions, Lip Balm and Soap Making Supplies</p><p>$13.99 ($0.44 / Fl Oz)</p><a href="https://www.amazon.com/dp/B07NMNDT1W?tag=eloabder-20&linkCode=osi&th=1&psc=1">View Product</a></div><div class="product"><a href="https://www.amazon.com/dp/B00B3U0FW4?tag=eloabder-20&linkCode=osi&th=1&psc=1"><img src="https://m.media-amazon.com/images/I/51rWFCST+TL._SL500_.jpg" alt="Product Image"></a><p>Beesworks Yellow Beeswax Pellets (1 lb) | 100% Pure, Cosmetic Grade, Triple-Filtered Beeswax for DIY Skin care, Lip Balm, Lotion, and Candle Making</p><p>$13.99 ($0.87 / Ounce)</p><a href="https://www.amazon.com/dp/B00B3U0FW4?tag=eloabder-20&linkCode=osi&th=1&psc=1">View Product</a></div><div class="product"><a href="https://www.amazon.com/dp/B01LWX2IO1?tag=eloabder-20&linkCode=osi&th=1&psc=1"><img src="https://m.media-amazon.com/images/I/41MlNqhDyCL._SL500_.jpg" alt="Product Image"></a><p>Beesworks Yellow Beeswax Bars (6 oz) | 100% Pure, Cosmetic Grade, Triple-Filtered Beeswax for DIY Skin Care, Lip Balm, Lotion and Candle Making (1 oz Bars - Pack of 6)</p><p>$6.99</p><a href="https://www.amazon.com/dp/B01LWX2IO1?tag=eloabder-20&linkCode=osi&th=1&psc=1">View Product</a></div><div class="product"><a href="https://www.amazon.com/dp/B0BV77F19N?tag=eloabder-20&linkCode=osi&th=1&psc=1"><img src="https://m.media-amazon.com/images/I/41xzHaO1-EL._SL500_.jpg" alt="Product Image"></a><p>Beeswax Pellets 10LB Cosmetic Beeswax Triple Filtered Beeswax Pastilles for Candle Making Great for DIY Projects Creams Lotions Lip Balm and Soap Making Supplies(10LB)</p><p>$32.99</p><a href="https://www.amazon.com/dp/B0BV77F19N?tag=eloabder-20&linkCode=osi&th=1&psc=1">View Product</a></div><div class="product"><a href="https://www.amazon.com/dp/B0C9QSG3CY?tag=eloabder-20&linkCode=osi&th=1&psc=1"><img src="https://m.media-amazon.com/images/I/414XQcU6SRL._SL500_.jpg" alt="Product Image"></a><p>YASNAY White Beeswax Pellets 2LB, 100% Organic Beeswax, Beeswax for Candle Making, Body, Skin Care DIY, Lip Balm and Soap Making Supplies</p><p>$11.99</p><a href="https://www.amazon.com/dp/B0C9QSG3CY?tag=eloabder-20&linkCode=osi&th=1&psc=1">View Product</a></div><div class="product"><a href="https://www.amazon.com/dp/B097HTC4WN?tag=eloabder-20&linkCode=osi&th=1&psc=1"><img src="https://m.media-amazon.com/images/I/51pwMM7C6-L._SL500_.jpg" alt="Product Image"></a><p>Eco Lux 8 Yellow Beeswax Blocks 100% Pure Natural Organic Bees Wax 6.5oz</p><p>$8.49 ($1.35 / Ounce)</p><a href="https://www.amazon.com/dp/B097HTC4WN?tag=eloabder-20&linkCode=osi&th=1&psc=1">View Product</a></div><div class="product"><a href="https://www.amazon.com/dp/B00HDHQQCE?tag=eloabder-20&linkCode=osi&th=1&psc=1"><img src="https://m.media-amazon.com/images/I/41vF-7MwNhL._SL500_.jpg" alt="Product Image"></a><p>Murray's 100% Pure Beeswax 4 oz</p><p>$5.98 ($1.50 / Ounce)</p><a href="https://www.amazon.com/dp/B00HDHQQCE?tag=eloabder-20&linkCode=osi&th=1&psc=1">View Product</a></div><div class="product"><a href="https://www.amazon.com/dp/B09YM8JTLM?tag=eloabder-20&linkCode=osi&th=1&psc=1"><img src="https://m.media-amazon.com/images/I/41cjNuBnFEL._SL500_.jpg" alt="Product Image"></a><p>TRINIDa Beeswax Pellets 2LB(32 oz), 100% Organic Yellow Bees Wax for DIY Candles, Beeswax for Candle Making, Skin, Body, Face, and Hair Care, Lotions, DIY Creams, Lip Balm and Soap Making Supplies</p><p>$11.99</p><a href="https://www.amazon.com/dp/B09YM8JTLM?tag=eloabder-20&linkCode=osi&th=1&psc=1">View Product</a></div><div class="product"><a href="https://www.amazon.com/dp/B00F3CNMV4?tag=eloabder-20&linkCode=osi&th=1&psc=1"><img src="https://m.media-amazon.com/images/I/31pjrRAEa4L._SL500_.jpg" alt="Product Image"></a><p>Stakich Yellow Beeswax Block - Natural, Triple Filtered - 1 Pound, Honey Scent</p><p>$13.95 ($0.87 / Ounce)</p><a href="https://www.amazon.com/dp/B00F3CNMV4?tag=eloabder-20&linkCode=osi&th=1&psc=1">View Product</a></div><div class="product"><a href="https://www.amazon.com/dp/B0BXFZBZS9?tag=eloabder-20&linkCode=osi&th=1&psc=1"><img src="https://m.media-amazon.com/images/I/4178i9IB9KL._SL500_.jpg" alt="Product Image"></a><p>5LB Beeswax Pellets Beeswax for Candle Making Organic Beeswax Pellets for Skin Beeswax Beads Beeswax Bulk Beeswax for Lotion Making Organic for DIY and Craft Project</p><p>$22.99</p><a href="https://www.amazon.com/dp/B0BXFZBZS9?tag=eloabder-20&linkCode=osi&th=1&psc=1">View Product</a></div>
<div class="product"><a href="https://www.amazon.com/dp/B0052F1BVK?tag=eloabder-20&linkCode=osi&th=1&psc=1"><img src="https://m.media-amazon.com/images/I/41zE9eiGoLL._SL500_.jpg" alt="Product Image"></a><p>ACC Staples Large Binder Clips, 2" Width, 1" Capacity, Black, 12/Pk</p><p>$6.30</p><a href="https://www.amazon.com/dp/B0052F1BVK?tag=eloabder-20&linkCode=osi&th=1&psc=1">View Product</a></div><div class="product"><a href="https://www.amazon.com/dp/B07MLFR771?tag=eloabder-20&linkCode=osi&th=1&psc=1"><img src="https://m.media-amazon.com/images/I/51N2wxA7N0L._SL500_.jpg" alt="Product Image"></a><p>CooBigo 50 Pack Binder Ring, Metal Book Ring Paper Ring Holder 5/8-Inch Loose Leaf Binder Ring Clip for Index Card, Flash Card Ring, Card Calendar, Keychain Key Ring - Bronze</p><p>$6.99</p><a href="https://www.amazon.com/dp/B07MLFR771?tag=eloabder-20&linkCode=osi&th=1&psc=1">View Product</a></div><div class="product"><a href="https://www.amazon.com/dp/B01563NHGY?tag=eloabder-20&linkCode=osi&th=1&psc=1"><img src="https://m.media-amazon.com/images/I/41gj+0ZftqL._SL500_.jpg" alt="Product Image"></a><p>vanki Pack of 40 Cute Lovely Smiling Face Spring-Loaded File Organizer Paper Holder Metal Binder Clips, Assorted Color</p><p>$8.99</p><a href="https://www.amazon.com/dp/B01563NHGY?tag=eloabder-20&linkCode=osi&th=1&psc=1">View Product</a></div><div class="product"><a href="https://www.amazon.com/dp/B000GOUDSO?tag=eloabder-20&linkCode=osi&th=1&psc=1"><img src="https://m.media-amazon.com/images/I/41ZANISHgML._SL500_.jpg" alt="Product Image"></a><p>Small Binder Clips .75" 8/Pkg-Assorted Colors</p><p>$4.46</p><a href="https://www.amazon.com/dp/B000GOUDSO?tag=eloabder-20&linkCode=osi&th=1&psc=1">View Product</a></div>
<div class="product"><a href="https://www.amazon.com/dp/B07PRPX4VR?tag=eloabder-20&linkCode=osi&th=1&psc=1"><img src="https://m.media-amazon.com/images/I/41IMH12fdPL._SL500_.jpg" alt="Product Image"></a><p>Durable Sheet Lifters, Durable Easy Flow, 11" x 3", Lifts Sheets Over Rings and Protects Sheets from Tearing, Fit Standard 3-Ring Binders, Black (20 Pack)</p><p>$14.99</p><a href="https://www.amazon.com/dp/B07PRPX4VR?tag=eloabder-20&linkCode=osi&th=1&psc=1">View Product</a></div><div class="product"><a href="https://www.amazon.com/dp/B0CM8QJHFW?tag=eloabder-20&linkCode=osi&th=1&psc=1"><img src="https://m.media-amazon.com/images/I/31cJGS74oCL._SL500_.jpg" alt="Product Image"></a><p>Wantane D-Shaped Tape Storage Ring Tape Storage Ring 4" D-Shaped Washi Tape Storage Ring for DIY Decoration and Storage（Nickel）-2PCS</p><p>$7.99</p><a href="https://www.amazon.com/dp/B0CM8QJHFW?tag=eloabder-20&linkCode=osi&th=1&psc=1">View Product</a></div>
<div class="product"><a href="https://www.amazon.com/dp/B00006IAS3?tag=eloabder-20&linkCode=osi&th=1&psc=1"><img src="https://m.media-amazon.com/images/I/317DvSXhT1L._SL500_.jpg" alt="Product Image"></a><p>GBC Binding System, Manual, Desktop Binding Punch, 6 Sheet Punch Capacity, ProClick P50 (2515650)</p><p>$123.89</p><a href="https://www.amazon.com/dp/B00006IAS3?tag=eloabder-20&linkCode=osi&th=1&psc=1">View Product</a></div><div class="product"><a href="https://www.amazon.com/dp/B004BP81KQ?tag=eloabder-20&linkCode=osi&th=1&psc=1"><img src="https://m.media-amazon.com/images/I/51SqfeZ12KL._SL500_.jpg" alt="Product Image"></a><p>We R Memory Keepers Cinch Book Binding Wire (1-Inch, Silver (2 Pack))</p><p>$5.99</p><a href="https://www.amazon.com/dp/B004BP81KQ?tag=eloabder-20&linkCode=osi&th=1&psc=1">View Product</a></div>

<div class="product"><a href="https://www.amazon.com/dp/B0007ZJ8TM?tag=eloabder-20&linkCode=osi&th=1&psc=1"><img src="https://m.media-amazon.com/images/I/41i49sz3UAL._SL500_.jpg" alt="Product Image"></a><p>Speedball Super Black India Ink, 2-Ounce</p><p>$9.99 ($9.99 / Count)</p><a href="https://www.amazon.com/dp/B0007ZJ8TM?tag=eloabder-20&linkCode=osi&th=1&psc=1">View Product</a></div><div class="product"><a href="https://www.amazon.com/dp/B0026I10AI?tag=eloabder-20&linkCode=osi&th=1&psc=1"><img src="https://m.media-amazon.com/images/I/31vklP4uBsL._SL500_.jpg" alt="Product Image"></a><p>Dr. Ph. Martin's Bombay India (7BY) Ink Bottle, 1.0 oz, Black</p><p>$6.99</p><a href="https://www.amazon.com/dp/B0026I10AI?tag=eloabder-20&linkCode=osi&th=1&psc=1">View Product</a></div><div class="product"><a href="https://www.amazon.com/dp/B000KNP96C?tag=eloabder-20&linkCode=osi&th=1&psc=1"><img src="https://m.media-amazon.com/images/I/51e9srYtG0L._SL500_.jpg" alt="Product Image"></a><p>Winsor & Newton Drawing Ink, 14ml Bottle, Black Indian</p><p>$10.99</p><a href="https://www.amazon.com/dp/B000KNP96C?tag=eloabder-20&linkCode=osi&th=1&psc=1">View Product</a></div><div class="product"><a href="https://www.amazon.com/dp/B07BQG5QF4?tag=eloabder-20&linkCode=osi&th=1&psc=1"><img src="https://m.media-amazon.com/images/I/41nEMDYZaiL._SL500_.jpg" alt="Product Image"></a><p>Speedball Super Black India Ink, 16-Ounce</p><p>$19.99</p><a href="https://www.amazon.com/dp/B07BQG5QF4?tag=eloabder-20&linkCode=osi&th=1&psc=1">View Product</a></div><div class="product"><a href="https://www.amazon.com/dp/B001038NLY?tag=eloabder-20&linkCode=osi&th=1&psc=1"><img src="https://m.media-amazon.com/images/I/418i4sxJJ0L._SL500_.jpg" alt="Product Image"></a><p>Speedball Fabric Screen Printing Ink, 8-Ounce, Black for T-Shirt and Silkscreen Printmaking</p><p>$12.99 ($1.62 / Fl Oz)</p><a href="https://www.amazon.com/dp/B001038NLY?tag=eloabder-20&linkCode=osi&th=1&psc=1">View Product</a></div><div class="product"><a href="https://www.amazon.com/dp/B00161OPSA?tag=eloabder-20&linkCode=osi&th=1&psc=1"><img src="https://m.media-amazon.com/images/I/41C32y3CJAL._SL500_.jpg" alt="Product Image"></a><p>Tsukineko VersaFine inkpad, Full-Size, Onyx Black</p><p>$4.99 ($4.99 / Count)</p><a href="https://www.amazon.com/dp/B00161OPSA?tag=eloabder-20&linkCode=osi&th=1&psc=1">View Product</a></div>
<div class="product"><a href="https://www.amazon.com/dp/B07Q4TJCDJ?tag=eloabder-20&linkCode=osi&th=1&psc=1"><img src="https://m.media-amazon.com/images/I/315HYvYg-BL._SL500_.jpg" alt="Product Image"></a><p>Primbeeks 300pcs Blank Business Cards, Premium Blank White Cards, 3.5" x 2.2" Small Blank Cards, Blank Cardstock Cards, Small Note Cards, white blank cards, white business cards, kraft paper cards</p><p>$7.99</p><a href="https://www.amazon.com/dp/B07Q4TJCDJ?tag=eloabder-20&linkCode=osi&th=1&psc=1">View Product</a></div><div class="product"><a href="https://www.amazon.com/dp/B0CRGHFLT8?tag=eloabder-20&linkCode=osi&th=1&psc=1"><img src="https://m.media-amazon.com/images/I/41S1NLpb8hL._SL500_.jpg" alt="Product Image"></a><p>Watercolor Cards and Envelopes Set - 50 Folded 5x7 Inch Blank Heavyweight Paper Cards (140lb/300gsm) with Matching Envelopes for DIY Greeting Cards, Festivals, and Events</p><p>$17.99 ($0.36 / Count)</p><a href="https://www.amazon.com/dp/B0CRGHFLT8?tag=eloabder-20&linkCode=osi&th=1&psc=1">View Product</a></div><div class="product"><a href="https://www.amazon.com/dp/B08MX4TZ3H?tag=eloabder-20&linkCode=osi&th=1&psc=1"><img src="https://m.media-amazon.com/images/I/41D2u4vdLQL._SL500_.jpg" alt="Product Image"></a><p>50 Pack Blank Kraft Cards Cardstock Thick Paper Brown Greeting Cards for DIY Gift Card Menus, Baby Shower and Wedding Invitations (Multicolored, 5x7IN)</p><p>$8.99</p><a href="https://www.amazon.com/dp/B08MX4TZ3H?tag=eloabder-20&linkCode=osi&th=1&psc=1">View Product</a></div><div class="product"><a href="https://www.amazon.com/dp/B08BDGGVMK?tag=eloabder-20&linkCode=osi&th=1&psc=1"><img src="https://m.media-amazon.com/images/I/41W-dTUoBqL._SL500_.jpg" alt="Product Image"></a><p>100pcs 3.54"x2" Blank Kraft Paper Business Card, Words Message Notes paper Tags, Mini Craft Cardboard Festival gifts - 6 colors</p><p>$5.98</p><a href="https://www.amazon.com/dp/B08BDGGVMK?tag=eloabder-20&linkCode=osi&th=1&psc=1">View Product</a></div><div class="product"><a href="https://www.amazon.com/dp/B08BFDJJ78?tag=eloabder-20&linkCode=osi&th=1&psc=1"><img src="https://m.media-amazon.com/images/I/61LZ1Csb+dL._SL500_.jpg" alt="Product Image"></a><p>Nettbe 100pcs 3.54"x2" Blank Kraft Paper Business Card, Words Message Notes paper Tags, Mini Craft Cardboard Festival gifts</p><p>$5.99</p><a href="https://www.amazon.com/dp/B08BFDJJ78?tag=eloabder-20&linkCode=osi&th=1&psc=1">View Product</a></div><div class="product"><a href="https://www.amazon.com/dp/B07Q8YBJM3?tag=eloabder-20&linkCode=osi&th=1&psc=1"><img src="https://m.media-amazon.com/images/I/31w6U4cCqEL._SL500_.jpg" alt="Product Image"></a><p>Primbeeks 228pcs Blank Business Cards, Premium Blank White Cards, 3.5" x 2.2" Small Blank Cards, Blank Cardstock Cards, Small Note Cards, white blank cards, white business cards, kraft paper cards</p><p>$5.99</p><a href="https://www.amazon.com/dp/B07Q8YBJM3?tag=eloabder-20&linkCode=osi&th=1&psc=1">View Product</a></div><div class="product"><a href="https://www.amazon.com/dp/B08X4Z9TGN?tag=eloabder-20&linkCode=osi&th=1&psc=1"><img src="https://m.media-amazon.com/images/I/41Jqhe35tDL._SL500_.jpg" alt="Product Image"></a><p>321Done Blank Rustic Cards, Made in USA - 4x6 Thick, Heavy Cardstock - Make Invites, Greeting, Note, Thank You Cards - Plain Kraft for Writing, Stamping, Printing, Art - No Envelopes - Set of 50</p><p>$14.99</p><a href="https://www.amazon.com/dp/B08X4Z9TGN?tag=eloabder-20&linkCode=osi&th=1&psc=1">View Product</a></div><div class="product"><a href="https://www.amazon.com/dp/B0D2KDWBNM?tag=eloabder-20&linkCode=osi&th=1&psc=1"><img src="https://m.media-amazon.com/images/I/31dAhnBJ7aL._SL500_.jpg" alt="Product Image"></a><p>4x6 Blank White Cardstock (Set of 100) - Card Stock for Printer Postcards, Photo Paper Invitations, Greeting, Note, Thank You, DIY Making, Index Cards - Plain for Writing, Stamping, Printing, Art</p><p>$8.99</p><a href="https://www.amazon.com/dp/B0D2KDWBNM?tag=eloabder-20&linkCode=osi&th=1&psc=1">View Product</a></div><div class="product"><a href="https://www.amazon.com/dp/B0BB858RYN?tag=eloabder-20&linkCode=osi&th=1&psc=1"><img src="https://m.media-amazon.com/images/I/317zmriPKNL._SL500_.jpg" alt="Product Image"></a><p>WANDERINGS Handmade White Deckle Edge Blank Greeting Cards- Folded to 5x7” - Pack of 25 - Writers, Artists, Crafters - Thank Yous, Invitations, Menus, Greeting Cards, Notes - Thick 150 GSM</p><p>$21.99 ($0.88 / Count)</p><a href="https://www.amazon.com/dp/B0BB858RYN?tag=eloabder-20&linkCode=osi&th=1&psc=1">View Product</a></div><div class="product"><a href="https://www.amazon.com/dp/B0BZPPXRZW?tag=eloabder-20&linkCode=osi&th=1&psc=1"><img src="https://m.media-amazon.com/images/I/21Da-WQhrpL._SL500_.jpg" alt="Product Image"></a><p>100 Pack Thick Paper Cardstock Blank Heavy Cards Stock for Invitations, Greeting Cards Making, Postcards, Photos, 250GSM Thick Paper (White, 2x3.5 inches)</p><p>$5.99</p><a href="https://www.amazon.com/dp/B0BZPPXRZW?tag=eloabder-20&linkCode=osi&th=1&psc=1">View Product</a></div>
<div class="product"><a href="https://www.amazon.com/dp/B0BZRDQKH6?tag=eloabder-20&linkCode=osi&th=1&psc=1"><img src="https://m.media-amazon.com/images/I/41GYYRiusgL._SL500_.jpg" alt="Product Image"></a><p>feela 8 Pack Unlined Kraft Paper Notebooks, Blank Journal Note Pad for Drawing Writing, Small Sketchbook Travel Journal Bulk for Women Kids Students Office School Supplies, A5, 60 Pages, 8.3” X 5.5”</p><p>$9.99</p><a href="https://www.amazon.com/dp/B0BZRDQKH6?tag=eloabder-20&linkCode=osi&th=1&psc=1">View Product</a></div><div class="product"><a href="https://www.amazon.com/dp/B0BXLB74KK?tag=eloabder-20&linkCode=osi&th=1&psc=1"><img src="https://m.media-amazon.com/images/I/313vYzg7HpL._SL500_.jpg" alt="Product Image"></a><p>ZZTX 4 Pack Blank Kraft Notebooks, Blank Paper Sketchbooks for Drawing Doodling Writing,Travel Journal Set, A5, 36 Pages, 8.3” X 5.5”</p><p>$5.99</p><a href="https://www.amazon.com/dp/B0BXLB74KK?tag=eloabder-20&linkCode=osi&th=1&psc=1">View Product</a></div><div class="product"><a href="https://www.amazon.com/dp/B0BW5TNPXJ?tag=eloabder-20&linkCode=osi&th=1&psc=1"><img src="https://m.media-amazon.com/images/I/31Wu8UP78iL._SL500_.jpg" alt="Product Image"></a><p>EOOUT Kraft Notebooks, Blank Page Journals in Bulk, 16pcs A5, 8.3 X 5.5 Inches, 60 Pages, 80gsm, Travel Journal Set, for Art Camp, Travelers, Students and Office Supplies Sketchbooks Bulk for Kids</p><p>$15.99</p><a href="https://www.amazon.com/dp/B0BW5TNPXJ?tag=eloabder-20&linkCode=osi&th=1&psc=1">View Product</a></div><div class="product"><a href="https://www.amazon.com/dp/B08P3F46SD?tag=eloabder-20&linkCode=osi&th=1&psc=1"><img src="https://m.media-amazon.com/images/I/41jeBDcZJ1L._SL500_.jpg" alt="Product Image"></a><p>Krafty Soft Cover Blank Notebook Journal, Spiral Sketchbook Pad, Drawing Book, 60 Sheets/140gsm (A4)/120 Pages</p><p>$7.99</p><a href="https://www.amazon.com/dp/B08P3F46SD?tag=eloabder-20&linkCode=osi&th=1&psc=1">View Product</a></div><div class="product"><a href="https://www.amazon.com/dp/B0CWNPMC4T?tag=eloabder-20&linkCode=osi&th=1&psc=1"><img src="https://m.media-amazon.com/images/I/31BZeVGe6TL._SL500_.jpg" alt="Product Image"></a><p>zmybcpack 5 Pack Blank Journal Notebooks, Blank Paper Sketchbook for Drawing Writing, Travel Journal Notebook Kraft Paper Notebook for Travelers, Students, Office, A5, 8.26” x 5.5”, 60 Pages/30 Sheets</p><p>$8.99</p><a href="https://www.amazon.com/dp/B0CWNPMC4T?tag=eloabder-20&linkCode=osi&th=1&psc=1">View Product</a></div><div class="product"><a href="https://www.amazon.com/dp/B07WHYP9WN?tag=eloabder-20&linkCode=osi&th=1&psc=1"><img src="https://m.media-amazon.com/images/I/41ZhyCux1yL._SL500_.jpg" alt="Product Image"></a><p>Thick Blank Journal Notebook with Unlined / Unruled / Plain Pages | Deluxe 120gsm Ink Resistant Paper for Writing, Sketch Book, 160 Pages | Hardcover Sketchbook with Pen Holder, Pocket, Ribbon (Black)</p><p>$14.99</p><a href="https://www.amazon.com/dp/B07WHYP9WN?tag=eloabder-20&linkCode=osi&th=1&psc=1">View Product</a></div>
<div class="product"><a href="https://www.amazon.com/dp/B07MT7HKZW?tag=eloabder-20&linkCode=osi&th=1&psc=1"><img src="https://m.media-amazon.com/images/I/413JwH5JREL._SL500_.jpg" alt="Product Image"></a><p>Spiral Sketch Book Large Notebook（Built-in Drawing Board） Kraft Cover Blank Sketch Pad Wirebound Sketching for Drawing Painting 8.5x11-Inch (2 Pack) 200 Sheets, 100 Sheets, 200Pages Each</p><p>$17.99 ($9.00 / Count)</p><a href="https://www.amazon.com/dp/B07MT7HKZW?tag=eloabder-20&linkCode=osi&th=1&psc=1">View Product</a></div><div class="product"><a href="https://www.amazon.com/dp/B0BDQ82WB9?tag=eloabder-20&linkCode=osi&th=1&psc=1"><img src="https://m.media-amazon.com/images/I/51FoWr3GPwL._SL500_.jpg" alt="Product Image"></a><p>feela 170 Pack Blank Kraft Notebooks, Unlined Sketchbook Mini Cute Note Pad for Drawing Writing, Journal Bulk For Kids Students Office School Supplies, A6, 48 Pages, 4.25” X 5.5”, Black and Brown</p><p>$51.99</p><a href="https://www.amazon.com/dp/B0BDQ82WB9?tag=eloabder-20&linkCode=osi&th=1&psc=1">View Product</a></div><div class="product"><a href="https://www.amazon.com/dp/B0B3WWHWT2?tag=eloabder-20&linkCode=osi&th=1&psc=1"><img src="https://m.media-amazon.com/images/I/31m0FzXtPxL._SL500_.jpg" alt="Product Image"></a><p>Tamaki 6 Pack Colorful Blank Books for kids to Write, Drawing, Cute Sketchbook for Kid, 6 Colors (4.25 x 5.5 Inches)</p><p>$6.99</p><a href="https://www.amazon.com/dp/B0B3WWHWT2?tag=eloabder-20&linkCode=osi&th=1&psc=1">View Product</a></div>
<div class="product"><a href="https://www.amazon.com/dp/B0BGH2P9M6?tag=eloabder-20&linkCode=osi&th=1&psc=1"><img src="https://m.media-amazon.com/images/I/41ozOaYoHEL._SL500_.jpg" alt="Product Image"></a><p>EOOUT 100pcs A5 Kraft Notebooks, Blank Page Journals in Bulk, Sketchbooks Bulk for Kids, 60 Pages, 80GSM, 8.3 X 5.5 Inch, Travel Journal Set, for Art Camp, Travelers, Students and Office Supplies</p><p>$51.99</p><a href="https://www.amazon.com/dp/B0BGH2P9M6?tag=eloabder-20&linkCode=osi&th=1&psc=1">View Product</a></div><div class="product"><a href="https://www.amazon.com/dp/B07MT99F94?tag=eloabder-20&linkCode=osi&th=1&psc=1"><img src="https://m.media-amazon.com/images/I/41Ug7gpSWDL._SL500_.jpg" alt="Product Image"></a><p>Spiral Sketch Book Large Notebook（Built-in Drawing Board） Kraft Cover Blank Sketch Pad Wirebound Sketching for Drawing Painting 8.5x11-Inch (1 Pack) 200 Pages, 100 Sheets</p><p>$9.99</p><a href="https://www.amazon.com/dp/B07MT99F94?tag=eloabder-20&linkCode=osi&th=1&psc=1">View Product</a></div><div class="product"><a href="https://www.amazon.com/dp/B07CM32KLM?tag=eloabder-20&linkCode=osi&th=1&psc=1"><img src="https://m.media-amazon.com/images/I/41ENhBLE9DL._SL500_.jpg" alt="Product Image"></a><p>Kraft Cover Drawing Notebook & Sketchbook – Set of 2 Blank Plain Sketch Books – 125g Thick Paper A5 Size, 150x210mm Paper Ideal for Drawing & Sketching- 128 sheets/256 pages – 180 Degree Opening, 2pcs</p><p>$20.99 ($0.08 / Count)</p><a href="https://www.amazon.com/dp/B07CM32KLM?tag=eloabder-20&linkCode=osi&th=1&psc=1">View Product</a></div><div class="product"><a href="https://www.amazon.com/dp/B08ZLMLF7C?tag=eloabder-20&linkCode=osi&th=1&psc=1"><img src="https://m.media-amazon.com/images/I/41X-5yj83vL._SL500_.jpg" alt="Product Image"></a><p>BEECHMORE BOOKS Sketch Book, A4 8.5 x 11.5 inch Blank Sketchbook for Drawing, Paint and Draw, 156 Pages Thick Paper 160gsm, Hardcover Leather Art Notebook, Boxed for Gifts (Chestnut Brown)</p><p>$21.20</p><a href="https://www.amazon.com/dp/B08ZLMLF7C?tag=eloabder-20&linkCode=osi&th=1&psc=1">View Product</a></div>
<div class="product"><a href="https://www.amazon.com/dp/B075M9MSFH?tag=eloabder-20&linkCode=osi&th=1&psc=1"><img src="https://m.media-amazon.com/images/I/51x+szTX6TL._SL500_.jpg" alt="Product Image"></a><p>Bianyo Bleedproof Marker Paper Pad, A4(8.27"X11.69"), 50 Sheets, 18 LB / 70 GSM, Glue-Bound, 100% Cotton, White, Ideal for Use with Markers and Ink Mediums</p><p>$9.99</p><a href="https://www.amazon.com/dp/B075M9MSFH?tag=eloabder-20&linkCode=osi&th=1&psc=1">View Product</a></div><div class="product"><a href="https://www.amazon.com/dp/B08FX5S2NL?tag=eloabder-20&linkCode=osi&th=1&psc=1"><img src="https://m.media-amazon.com/images/I/41CA0ZfazKL._SL500_.jpg" alt="Product Image"></a><p>Marker Paper Sketchbook, Bleedproof Art Marker Pad, (8.27 X 11.69) Inch, White, 40 Sheets</p><p>$6.99</p><a href="https://www.amazon.com/dp/B08FX5S2NL?tag=eloabder-20&linkCode=osi&th=1&psc=1">View Product</a></div><div class="product"><a href="https://www.amazon.com/dp/B0CJRBFSJ8?tag=eloabder-20&linkCode=osi&th=1&psc=1"><img src="https://m.media-amazon.com/images/I/51DLA8TpwEL._SL500_.jpg" alt="Product Image"></a><p>Shuttle Art Marker Pad, 8.3”x8.9” Portable Square Sketchbook, 80 Sheets Marker Drawing Paper, 120LB/200GSM Bleedproof Art Paper, Spiral-Bound, Great for Professional Artist to Draw, Paint & Sketch</p><p>$16.99</p><a href="https://www.amazon.com/dp/B0CJRBFSJ8?tag=eloabder-20&linkCode=osi&th=1&psc=1">View Product</a></div><div class="product"><a href="https://www.amazon.com/dp/B09N7VX5Z5?tag=eloabder-20&linkCode=osi&th=1&psc=1"><img src="https://m.media-amazon.com/images/I/51xCPs9HZyL._SL500_.jpg" alt="Product Image"></a><p>Marker Paper Sketchbook - Marker Sketchbook with Bleedproof Smooth Coated Art Paper, 120 GSM 80 LBS - Marker Pad for Alcohol Markers, Sketching, Drawing - 8.11 x 8.5 Inch | 50 Sheets, 2 Pack</p><p>$15.99 ($8.00 / Count)</p><a href="https://www.amazon.com/dp/B09N7VX5Z5?tag=eloabder-20&linkCode=osi&th=1&psc=1">View Product</a></div><div class="product"><a href="https://www.amazon.com/dp/B07CK94W9T?tag=eloabder-20&linkCode=osi&th=1&psc=1"><img src="https://m.media-amazon.com/images/I/41ocoSNDjdL._SL500_.jpg" alt="Product Image"></a><p>BOXUN Premium 50 Sheets Sketch Marker Paper Pad, Bleedproof Artist Drawing Paper, 8.27 x 11.69 Inch</p><p>$8.29 ($0.17 / Count)</p><a href="https://www.amazon.com/dp/B07CK94W9T?tag=eloabder-20&linkCode=osi&th=1&psc=1">View Product</a></div><div class="product"><a href="https://www.amazon.com/dp/B0CPXWD11W?tag=eloabder-20&linkCode=osi&th=1&psc=1"><img src="https://m.media-amazon.com/images/I/51ApKzpDVNL._SL500_.jpg" alt="Product Image"></a><p>FEITAKE Marker Paper Pad Sketchbook Bleedproof for Alcohol Markers 120lb/200gsm Double Sided Thick Art Drawing Papers 60pages (30Sheets) / A4(8.3"x11.7") Gift for Artists Students Kids</p><p>$13.99 ($0.47 / Count)</p><a href="https://www.amazon.com/dp/B0CPXWD11W?tag=eloabder-20&linkCode=osi&th=1&psc=1">View Product</a></div><div class="product"><a href="https://www.amazon.com/dp/B0025TWYW6?tag=eloabder-20&linkCode=osi&th=1&psc=1"><img src="https://m.media-amazon.com/images/I/51t6UkUHCvL._SL500_.jpg" alt="Product Image"></a><p>Bee Paper Bleedproof Marker Pack, 8-1/2-Inch by 11-Inch, 50 Sheets per Pack</p><p>$17.09 ($0.34 / Count)</p><a href="https://www.amazon.com/dp/B0025TWYW6?tag=eloabder-20&linkCode=osi&th=1&psc=1">View Product</a></div><div class="product"><a href="https://www.amazon.com/dp/B0CJRBYYQB?tag=eloabder-20&linkCode=osi&th=1&psc=1"><img src="https://m.media-amazon.com/images/I/41knBnjZ25L._SL500_.jpg" alt="Product Image"></a><p>Shuttle Art Marker Pad, 8.3”x7.67” Portable Square Sketchbook, 50 Sheets Marker Drawing Paper, 60LB/90GSM Smooth Surface Bleedproof Art Paper, Glue-Bound, Great for Beginners to Draw, Paint & Sketch</p><p>$8.99 ($0.18 / Count)</p><a href="https://www.amazon.com/dp/B0CJRBYYQB?tag=eloabder-20&linkCode=osi&th=1&psc=1">View Product</a></div>
<div class="product"><a href="https://www.amazon.com/dp/B00881IU8M?tag=eloabder-20&linkCode=osi&th=1&psc=1"><img src="https://m.media-amazon.com/images/I/41hbSgdLBtL._SL500_.jpg" alt="Product Image"></a><p>Speedball Fabric & Paper Block Printing Ink 6-Color Set, 1.25-Ounce x 6</p><p>$28.99 ($28.99 / Count)</p><a href="https://www.amazon.com/dp/B00881IU8M?tag=eloabder-20&linkCode=osi&th=1&psc=1">View Product</a></div><div class="product"><a href="https://www.amazon.com/dp/B000J09PFM?tag=eloabder-20&linkCode=osi&th=1&psc=1"><img src="https://m.media-amazon.com/images/I/51yPRc4nvoL._SL500_.jpg" alt="Product Image"></a><p>Speedball Water-Soluble Block Printing Ink Starter Set, 6 Bold Colors with Satin Finish, 1.25-Ounce Tubes</p><p>$29.99 ($4.00 / Fl Oz)</p><a href="https://www.amazon.com/dp/B000J09PFM?tag=eloabder-20&linkCode=osi&th=1&psc=1">View Product</a></div><div class="product"><a href="https://www.amazon.com/dp/B000BYT24U?tag=eloabder-20&linkCode=osi&th=1&psc=1"><img src="https://m.media-amazon.com/images/I/51pDlo+LlKL._SL500_.jpg" alt="Product Image"></a><p>Speedball Water-Soluble Block Printing Ink, 8-Ounce Jar, Black</p><p>$14.49</p><a href="https://www.amazon.com/dp/B000BYT24U?tag=eloabder-20&linkCode=osi&th=1&psc=1">View Product</a></div><div class="product"><a href="https://www.amazon.com/dp/B00C1JUJWW?tag=eloabder-20&linkCode=osi&th=1&psc=1"><img src="https://m.media-amazon.com/images/I/41zDtJ6f5hL._SL500_.jpg" alt="Product Image"></a><p>Speedball Fabric Block Printing Ink, 2.5-Ounce, Black</p><p>$9.99 ($4.00 / Fl Oz)</p><a href="https://www.amazon.com/dp/B00C1JUJWW?tag=eloabder-20&linkCode=osi&th=1&psc=1">View Product</a></div><div class="product"><a href="https://www.amazon.com/dp/B004PZ1ZJG?tag=eloabder-20&linkCode=osi&th=1&psc=1"><img src="https://m.media-amazon.com/images/I/41+GkhhpR5L._SL500_.jpg" alt="Product Image"></a><p>Speedball Water-Soluble Block Printing Ink Starter Set, 4-Color Set, 1.25-Ounce Tubes</p><p>$20.99</p><a href="https://www.amazon.com/dp/B004PZ1ZJG?tag=eloabder-20&linkCode=osi&th=1&psc=1">View Product</a></div><div class="product"><a href="https://www.amazon.com/dp/B0017CZF3C?tag=eloabder-20&linkCode=osi&th=1&psc=1"><img src="https://m.media-amazon.com/images/I/41S17SYPAZL._SL500_.jpg" alt="Product Image"></a><p>Speedball Water Soluble Block Printing Ink, Black, 2-1/2 Ounces - 380663</p><p>$9.99</p><a href="https://www.amazon.com/dp/B0017CZF3C?tag=eloabder-20&linkCode=osi&th=1&psc=1">View Product</a></div><div class="product"><a href="https://www.amazon.com/dp/B0BXNX8FSH?tag=eloabder-20&linkCode=osi&th=1&psc=1"><img src="https://m.media-amazon.com/images/I/51JGm1VxVOL._SL500_.jpg" alt="Product Image"></a><p>Falling in Art Water-Soluble Block Printing Ink, 6-Color Printmaking Ink Set for Linoleum Block, 3.5 floz</p><p>$28.99</p><a href="https://www.amazon.com/dp/B0BXNX8FSH?tag=eloabder-20&linkCode=osi&th=1&psc=1">View Product</a></div><div class="product"><a href="https://www.amazon.com/dp/B0027ACJBO?tag=eloabder-20&linkCode=osi&th=1&psc=1"><img src="https://m.media-amazon.com/images/I/41OzayB9ojL._SL500_.jpg" alt="Product Image"></a><p>Speedball 3476 Oil-Based Block Printing Ink Starter Set for Professional, Permanent Prints AP Certified – 1.25 FL OZ Tubes</p><p>$33.99</p><a href="https://www.amazon.com/dp/B0027ACJBO?tag=eloabder-20&linkCode=osi&th=1&psc=1">View Product</a></div>
<div class="product"><a href="https://www.amazon.com/dp/B0027AGDWK?tag=eloabder-20&linkCode=osi&th=1&psc=1"><img src="https://m.media-amazon.com/images/I/515LDer6GPL._SL500_.jpg" alt="Product Image"></a><p>Speedball Deluxe Block Printing Kit - Includes Inks, Brayer, Bench Hook, Lino Handle and Cutters, Speedy-Carve Block, Mounted Linoleum Block</p><p>$59.99</p><a href="https://www.amazon.com/dp/B0027AGDWK?tag=eloabder-20&linkCode=osi&th=1&psc=1">View Product</a></div><div class="product"><a href="https://www.amazon.com/dp/B07ZJBZN5S?tag=eloabder-20&linkCode=osi&th=1&psc=1"><img src="https://m.media-amazon.com/images/I/41UbN58y9uS._SL500_.jpg" alt="Product Image"></a><p>SGHUO 12pcs 4"x6" Pink Rubber Carving Blocks Linoleum Block Stamp Making Kit</p><p>$22.99 ($1.92 / Count)</p><a href="https://www.amazon.com/dp/B07ZJBZN5S?tag=eloabder-20&linkCode=osi&th=1&psc=1">View Product</a></div>
<div class="product"><a href="https://www.amazon.com/dp/B00L2DYUM8?tag=eloabder-20&linkCode=osi&th=1&psc=1"><img src="https://m.media-amazon.com/images/I/51l5FZ0+5AL._SL500_.jpg" alt="Product Image"></a><p>Strathmore 300 Series Printmaking Paper Pad, Glue Bound, 5x7 inches, 40 Sheets (120g) - Artist Paper for Adults and Students - Block Printing, Linocut, Screen Printing, White</p><p>$7.26</p><a href="https://www.amazon.com/dp/B00L2DYUM8?tag=eloabder-20&linkCode=osi&th=1&psc=1">View Product</a></div><div class="product"><a href="https://www.amazon.com/dp/B07BSYS5XC?tag=eloabder-20&linkCode=osi&th=1&psc=1"><img src="https://m.media-amazon.com/images/I/51Uwfq0jv+L._SL500_.jpg" alt="Product Image"></a><p>Ucreate Printmaking Paper, 9"x12", White, 100 Sheet, P9001</p><p>$9.79</p><a href="https://www.amazon.com/dp/B07BSYS5XC?tag=eloabder-20&linkCode=osi&th=1&psc=1">View Product</a></div><div class="product"><a href="https://www.amazon.com/dp/B00K5562WA?tag=eloabder-20&linkCode=osi&th=1&psc=1"><img src="https://m.media-amazon.com/images/I/51Dm+TeJGdL._SL500_.jpg" alt="Product Image"></a><p>Strathmore Printmaking Paper Pad 8"X10"-20 Sheets -62433800, White</p><p>$10.19</p><a href="https://www.amazon.com/dp/B00K5562WA?tag=eloabder-20&linkCode=osi&th=1&psc=1">View Product</a></div><div class="product"><a href="https://www.amazon.com/dp/B001DNH8I0?tag=eloabder-20&linkCode=osi&th=1&psc=1"><img src="https://m.media-amazon.com/images/I/51UzoKdUojL._SL500_.jpg" alt="Product Image"></a><p>Black Ink 9-Inch by 12-Inch Bleached Mulberry Block Printing Paper, 25-Pack</p><p>$19.35 ($0.77 / Count)</p><a href="https://www.amazon.com/dp/B001DNH8I0?tag=eloabder-20&linkCode=osi&th=1&psc=1">View Product</a></div><div class="product"><a href="https://www.amazon.com/dp/B00C6G6L5Y?tag=eloabder-20&linkCode=osi&th=1&psc=1"><img src="https://m.media-amazon.com/images/I/5103h0Rm8sL._SL500_.jpg" alt="Product Image"></a><p>Black Ink Thai Mulberry Block Printing Paper Packs small assorted colors</p><p>$21.99</p><a href="https://www.amazon.com/dp/B00C6G6L5Y?tag=eloabder-20&linkCode=osi&th=1&psc=1">View Product</a></div>
<div class="product"><a href="https://www.amazon.com/dp/B003IG27OK?tag=eloabder-20&linkCode=osi&th=1&psc=1"><img src="https://m.media-amazon.com/images/I/416NUaYo1DL._SL500_.jpg" alt="Product Image"></a><p>Speedball Block Printing Baren - Comfortable Wooden Handle, Made in the USA - 4 Inches</p><p>$29.49</p><a href="https://www.amazon.com/dp/B003IG27OK?tag=eloabder-20&linkCode=osi&th=1&psc=1">View Product</a></div>
<div class="product"><a href="https://www.amazon.com/dp/B0CMZYY8CJ?tag=eloabder-20&linkCode=osi&th=1&psc=1"><img src="https://m.media-amazon.com/images/I/41TifSIP7SL._SL500_.jpg" alt="Product Image"></a><p>Ecoofor Blotting Paper for Flower Press, 20 Sheets Highly Absorbent and Reusable Blotter Paper for Flower Press Paper Craft 9 x 9 inch</p><p>$9.99</p><a href="https://www.amazon.com/dp/B0CMZYY8CJ?tag=eloabder-20&linkCode=osi&th=1&psc=1">View Product</a></div><div class="product"><a href="https://www.amazon.com/dp/B0CYRT3RM4?tag=eloabder-20&linkCode=osi&th=1&psc=1"><img src="https://m.media-amazon.com/images/I/31+qvVq3giL._SL500_.jpg" alt="Product Image"></a><p>Hygge & Sage Premium Natural Fiber Blotting Paper for Flower Press Art; 20 Large Sheets for a Press up to 8x11 Inches; Absorbent, Versatile, and Acid-Free Reusable Blotter Paper for Flower Pressing</p><p>$9.50 ($0.48 / Count)</p><a href="https://www.amazon.com/dp/B0CYRT3RM4?tag=eloabder-20&linkCode=osi&th=1&psc=1">View Product</a></div><div class="product"><a href="https://www.amazon.com/dp/B0D41GDLHM?tag=eloabder-20&linkCode=osi&th=1&psc=1"><img src="https://m.media-amazon.com/images/I/41LIF5dHXaL._SL500_.jpg" alt="Product Image"></a><p>Aboofx 20 Sheets Blotting Paper for Flower Press, 15" x 10" Extra Large Highly Absorbent Blotter Paper for Flower Press Reusable Herbarium Paper Craft Blotter Paper Sheets</p><p>$19.99</p><a href="https://www.amazon.com/dp/B0D41GDLHM?tag=eloabder-20&linkCode=osi&th=1&psc=1">View Product</a></div><div class="product"><a href="https://www.amazon.com/dp/B0CQMMYSBR?tag=eloabder-20&linkCode=osi&th=1&psc=1"><img src="https://m.media-amazon.com/images/I/413SlUi6IDL._SL500_.jpg" alt="Product Image"></a><p>Wisreach Blotting Paper for Flower Press, 20 Sheets Flower Press Paper Highly Absorbent and Reusable Blotter Paper for Flower Art A4 Size 8.26 x 11.4 inch</p><p>$9.99</p><a href="https://www.amazon.com/dp/B0CQMMYSBR?tag=eloabder-20&linkCode=osi&th=1&psc=1">View Product</a></div><div class="product"><a href="https://www.amazon.com/dp/B093FQ22PG?tag=eloabder-20&linkCode=osi&th=1&psc=1"><img src="https://m.media-amazon.com/images/I/41B2jXhe+QL._SL500_.jpg" alt="Product Image"></a><p>Blotting Paper for Flower Press by Berstuk® • Large A4 Flower Press Paper • Highly Absorbent and Reusable Herbarium Paper • Pack of 10 Blotter Paper Sheets</p><p>$6.99 ($69.90 / 100 Sheets)</p><a href="https://www.amazon.com/dp/B093FQ22PG?tag=eloabder-20&linkCode=osi&th=1&psc=1">View Product</a></div><div class="product"><a href="https://www.amazon.com/dp/B0C6PW4VGB?tag=eloabder-20&linkCode=osi&th=1&psc=1"><img src="https://m.media-amazon.com/images/I/21C64VB3iVL._SL500_.jpg" alt="Product Image"></a><p>PATIKIL 16"x12" Flower Press Paper, 1 Set/30 Sheet Refill Lining Blotter Paper Absorbent Reusable Blotting Paper for DIY Art Handicraft Scrapbook</p><p>$11.19</p><a href="https://www.amazon.com/dp/B0C6PW4VGB?tag=eloabder-20&linkCode=osi&th=1&psc=1">View Product</a></div><div class="product"><a href="https://www.amazon.com/dp/B0C6PTK915?tag=eloabder-20&linkCode=osi&th=1&psc=1"><img src="https://m.media-amazon.com/images/I/21UviFCGjtL._SL500_.jpg" alt="Product Image"></a><p>PATIKIL 12"x8" Flower Press Paper, 2 Set/60 Sheet Refill Lining Blotter Paper Absorbent Reusable Blotting Paper for DIY Art Handicraft Scrapbook</p><p>$13.69</p><a href="https://www.amazon.com/dp/B0C6PTK915?tag=eloabder-20&linkCode=osi&th=1&psc=1">View Product</a></div><div class="product"><a href="https://www.amazon.com/dp/B0CDJZ4MD7?tag=eloabder-20&linkCode=osi&th=1&psc=1"><img src="https://m.media-amazon.com/images/I/41iwkW+QQOL._SL500_.jpg" alt="Product Image"></a><p>30 PCS Blotting Paper for Flower Press Large A4 Flower Press Paper Highly Absorbent and Reusable Blotter Paper Refill Lining Paper for Flower Press Art Craft Scrapbook Making, 11.8 x 7.9 Inches Blue</p><p>$9.99</p><a href="https://www.amazon.com/dp/B0CDJZ4MD7?tag=eloabder-20&linkCode=osi&th=1&psc=1">View Product</a></div>

<div class="product"><a href="https://www.amazon.com/dp/B0D2T4F1DZ?tag=eloabder-20&linkCode=osi&th=1&psc=1"><img src="https://m.media-amazon.com/images/I/41KNcatyBWL._SL500_.jpg" alt="Product Image"></a><p>10pcs Book Cloth,14”x10”,Fabric Surface and Paper Backed, book cloth for book binding,book binding fabric,5 Colors Bookbinding Cloth for DIY fabric book cover,bookbinding paper (Style B)</p><p>$9.99</p><a href="https://www.amazon.com/dp/B0D2T4F1DZ?tag=eloabder-20&linkCode=osi&th=1&psc=1">View Product</a></div><div class="product"><a href="https://www.amazon.com/dp/B0CMD2LWR8?tag=eloabder-20&linkCode=osi&th=1&psc=1"><img src="https://m.media-amazon.com/images/I/31QVUZVSB+L._SL500_.jpg" alt="Product Image"></a><p>Mozeat Lens 33 ft Bookbinding Tape Book Tape Repair Book Binding Tape Cloth Book Repair Kit 2 Inch Wide Book Spine Tape Cloth Bookbinding Repair Tape White Book Tape for Reinforcing Book Spine Tape</p><p>$7.99</p><a href="https://www.amazon.com/dp/B0CMD2LWR8?tag=eloabder-20&linkCode=osi&th=1&psc=1">View Product</a></div><div class="product"><a href="https://www.amazon.com/dp/B0D1KC168C?tag=eloabder-20&linkCode=osi&th=1&psc=1"><img src="https://m.media-amazon.com/images/I/31wWgk-1V4L._SL500_.jpg" alt="Product Image"></a><p>AKONEGE Book Cloth for Book Binding 35 x 16 Inch Fabric Surface and Paper Backed, Strong, Easy to Use, Fabric Materials Bookbinding Supplies Bookcloth for Scrapbooking Album DIY Crafts, Black</p><p>$9.99</p><a href="https://www.amazon.com/dp/B0D1KC168C?tag=eloabder-20&linkCode=osi&th=1&psc=1">View Product</a></div><div class="product"><a href="https://www.amazon.com/dp/B0BC48CCWW?tag=eloabder-20&linkCode=osi&th=1&psc=1"><img src="https://m.media-amazon.com/images/I/41vTc+L-XyL._SL500_.jpg" alt="Product Image"></a><p>Wooqu Book Cloth, Fabric Surface and Paper Backed, Easy to Use, Strong, 17x29”, for Book Binding, Dark Green</p><p>$13.99</p><a href="https://www.amazon.com/dp/B0BC48CCWW?tag=eloabder-20&linkCode=osi&th=1&psc=1">View Product</a></div><div class="product"><a href="https://www.amazon.com/dp/B00W3S7LU4?tag=eloabder-20&linkCode=osi&th=1&psc=1"><img src="https://m.media-amazon.com/images/I/41mUL1LmSHS._SL500_.jpg" alt="Product Image"></a><p>BookGuard 2 inch Premium Bookbinding Repair Cloth Tape, 15 Yard Roll Burgundy</p><p>$14.95</p><a href="https://www.amazon.com/dp/B00W3S7LU4?tag=eloabder-20&linkCode=osi&th=1&psc=1">View Product</a></div>

<div class="product"><a href="https://www.amazon.com/dp/B08217DGL7?tag=eloabder-20&linkCode=osi&th=1&psc=1"><img src="https://m.media-amazon.com/images/I/51Gy-qfph7L._SL500_.jpg" alt="Product Image"></a><p>24 Colors Waxed Thread, Leather Sewing Thread,Hand Stitching Thread for Hand Sewing Leather and Bookbinding, 13Yards Per Color</p><p>$11.99 ($0.01 / Foot)</p><a href="https://www.amazon.com/dp/B08217DGL7?tag=eloabder-20&linkCode=osi&th=1&psc=1">View Product</a></div><div class="product"><a href="https://www.amazon.com/dp/B08GCHJ3FP?tag=eloabder-20&linkCode=osi&th=1&psc=1"><img src="https://m.media-amazon.com/images/I/41TK-XNxTFL._SL500_.jpg" alt="Product Image"></a><p>FANDOL 100% Natural Linen Thread Waxed thread for Bookbingding, Leather Sewing, Beading or Macrame (Natural)</p><p>$14.98</p><a href="https://www.amazon.com/dp/B08GCHJ3FP?tag=eloabder-20&linkCode=osi&th=1&psc=1">View Product</a></div><div class="product"><a href="https://www.amazon.com/dp/B0025U108E?tag=eloabder-20&linkCode=osi&th=1&psc=1"><img src="https://m.media-amazon.com/images/I/4172yrURiVL._SL500_.jpg" alt="Product Image"></a><p>Books by Hand Linen Thread, Archival Quality Natural Unbleached and Unwaxed, 50 Yards 35/3 Gauge, Ideal for Bookbinding and Sewing Signatures</p><p>$9.47</p><a href="https://www.amazon.com/dp/B0025U108E?tag=eloabder-20&linkCode=osi&th=1&psc=1">View Product</a></div><div class="product"><a href="https://www.amazon.com/dp/B08S78KLRN?tag=eloabder-20&linkCode=osi&th=1&psc=1"><img src="https://m.media-amazon.com/images/I/413NGMtJdrL._SL500_.jpg" alt="Product Image"></a><p>Jupean Waxed Thread, 150m /164Yards Beige Leather Waxed Thread, Leather Sewing Thread, Hand Stitching Thread for Hand Sewing Leather, Bookbinding, and Beginners Leather Craft DIY</p><p>$6.49 ($0.01 / Foot)</p><a href="https://www.amazon.com/dp/B08S78KLRN?tag=eloabder-20&linkCode=osi&th=1&psc=1">View Product</a></div><div class="product"><a href="https://www.amazon.com/dp/B015D9E6UM?tag=eloabder-20&linkCode=osi&th=1&psc=1"><img src="https://m.media-amazon.com/images/I/51VnWPI+Q5L._SL500_.jpg" alt="Product Image"></a><p>Lineco, Natural Waxed Linen Thread 20 Yards, Books by Hand Natural, Black, Brown Color for Sewing, Bookbinding (3/Pkg)</p><p>$13.77</p><a href="https://www.amazon.com/dp/B015D9E6UM?tag=eloabder-20&linkCode=osi&th=1&psc=1">View Product</a></div>

<div class="product"><a href="https://www.amazon.com/dp/B0D3HPD7WP?tag=eloabder-20&linkCode=osi&th=1&psc=1"><img src="https://m.media-amazon.com/images/I/31KSmmAWUWL._SL500_.jpg" alt="Product Image"></a><p>50 Sheets Grey Cardstock Paper, Colored Printer Paper 8.5 x 11, Thick Construction Paper for Cards Making, Scrapbook，Office Printing, Invitations, Certificates，DIY Crafting 92 lb/250gsm</p><p>$9.99</p><a href="https://www.amazon.com/dp/B0D3HPD7WP?tag=eloabder-20&linkCode=osi&th=1&psc=1">View Product</a></div>
<div class="product"><a href="https://www.amazon.com/dp/B076CP6F36?tag=eloabder-20&linkCode=osi&th=1&psc=1"><img src="https://m.media-amazon.com/images/I/51rfEIvgI+L._SL500_.jpg" alt="Product Image"></a><p>Apple Barrel, Vibrant Spectrum Collection Acrylic Craft Paint, PROMOABIII, 2 fl oz each, 16 assorted matte colors, 16 count</p><p>$15.97 ($0.50 / Fl Oz)</p><a href="https://www.amazon.com/dp/B076CP6F36?tag=eloabder-20&linkCode=osi&th=1&psc=1">View Product</a></div><div class="product"><a href="https://www.amazon.com/dp/B0BKFLSYQF?tag=eloabder-20&linkCode=osi&th=1&psc=1"><img src="https://m.media-amazon.com/images/I/51a0PmPRknL._SL500_.jpg" alt="Product Image"></a><p>72 Pack Acrylic Paint Set, Shuttle Art 60 Colors Acrylic Paint Including Extra White Black & 12 Brushes, 2oz/60ml, Rich Pigmented, Water Proof, Ideal for Artists, Beginners on Canvas Rock Wood Ceramic</p><p>$45.99 ($23.00 / Fl Oz)</p><a href="https://www.amazon.com/dp/B0BKFLSYQF?tag=eloabder-20&linkCode=osi&th=1&psc=1">View Product</a></div><div class="product"><a href="https://www.amazon.com/dp/B08CB3JH79?tag=eloabder-20&linkCode=osi&th=1&psc=1"><img src="https://m.media-amazon.com/images/I/51OUZsFdnTL._SL500_.jpg" alt="Product Image"></a><p>Acrylic Paint Set of 36 Colors 2fl oz 60ml Bottles,Non Toxic 36 Colors Acrylic Paint No Fading Rich Pigment for Kids Adults Artists Canvas Crafts Wood Painting</p><p>$32.99 ($0.46 / Fl Oz)</p><a href="https://www.amazon.com/dp/B08CB3JH79?tag=eloabder-20&linkCode=osi&th=1&psc=1">View Product</a></div><div class="product"><a href="https://www.amazon.com/dp/B0018NBVKQ?tag=eloabder-20&linkCode=osi&th=1&psc=1"><img src="https://m.media-amazon.com/images/I/31YlSvZMTCL._SL500_.jpg" alt="Product Image"></a><p>Apple Barrel Acrylic Paint in Assorted Colors (8 Ounce), 20403 White</p><p>$2.67 ($0.33 / Fl Oz)</p><a href="https://www.amazon.com/dp/B0018NBVKQ?tag=eloabder-20&linkCode=osi&th=1&psc=1">View Product</a></div><div class="product"><a href="https://www.amazon.com/dp/B077WSBLZ1?tag=eloabder-20&linkCode=osi&th=1&psc=1"><img src="https://m.media-amazon.com/images/I/51KPkXpLn1L._SL500_.jpg" alt="Product Image"></a><p>Shuttle Art Acrylic Paint Set, 30 x12ml Tubes Artist Quality Non Toxic Rich Pigments Colors Great for Kids Adults Professional Painting on Rocks Canvas Wood Clay Fabric Ceramic Crafts</p><p>$12.99 ($1.08 / Fl Oz)</p><a href="https://www.amazon.com/dp/B077WSBLZ1?tag=eloabder-20&linkCode=osi&th=1&psc=1">View Product</a></div><div class="product"><a href="https://www.amazon.com/dp/B00889Z5Y6?tag=eloabder-20&linkCode=osi&th=1&psc=1"><img src="https://m.media-amazon.com/images/I/41MQjsyDbSL._SL500_.jpg" alt="Product Image"></a><p>Apple Barrel Acrylic Paint in Assorted Colors (2 oz), 20764, Apricot</p><p>$0.58 ($0.29 / Fl Oz)</p><a href="https://www.amazon.com/dp/B00889Z5Y6?tag=eloabder-20&linkCode=osi&th=1&psc=1">View Product</a></div><div class="product"><a href="https://www.amazon.com/dp/B09TWQD5ZL?tag=eloabder-20&linkCode=osi&th=1&psc=1"><img src="https://m.media-amazon.com/images/I/41B0L003QXL._SL500_.jpg" alt="Product Image"></a><p>Artkey Acrylic Paint Set - 24 colors 2 oz/59 ml Acrylic Paints Professional Artists Painting Kit for Canvases Fabric Rock Leather Easter Egg Wood Ceramic Glass Art Craft Painting</p><p>$19.99 ($0.42 / Fl Oz)</p><a href="https://www.amazon.com/dp/B09TWQD5ZL?tag=eloabder-20&linkCode=osi&th=1&psc=1">View Product</a></div><div class="product"><a href="https://www.amazon.com/dp/B07Z93LQDB?tag=eloabder-20&linkCode=osi&th=1&psc=1"><img src="https://m.media-amazon.com/images/I/51veoN6zK0L._SL500_.jpg" alt="Product Image"></a><p>Shuttle Art Acrylic Paint Set, 36 Colors Acrylic Paint with Brushes & Palette, 2oz Bottles, Rich Pigments Non-toxic Paint for Artists Kids & Adults, Art Supplies for Canvas Rock Ceramic Wood Painting</p><p>$27.99</p><a href="https://www.amazon.com/dp/B07Z93LQDB?tag=eloabder-20&linkCode=osi&th=1&psc=1">View Product</a></div><div class="product"><a href="https://www.amazon.com/dp/B002665SYY?tag=eloabder-20&linkCode=osi&th=1&psc=1"><img src="https://m.media-amazon.com/images/I/31sJJeWK6OS._SL500_.jpg" alt="Product Image"></a><p>Liquitex BASICS Acrylic Paint, 250ml (8.5-oz) Tube, Titanium White</p><p>$9.99 ($1.18 / Fl Oz)</p><a href="https://www.amazon.com/dp/B002665SYY?tag=eloabder-20&linkCode=osi&th=1&psc=1">View Product</a></div>
<div class="product"><a href="https://www.amazon.com/dp/B0CC98XLGL?tag=eloabder-20&linkCode=osi&th=1&psc=1"><img src="https://m.media-amazon.com/images/I/51ZLw+nThiL._SL500_.jpg" alt="Product Image"></a><p>HUIRUSO 4 Pack Double Sided Tape Roller, Scrapbook Supplies, Glue Tape Roller for Crafts, Double-Sided Adhesive Tape Runner for Scrapbooking, School Office Journaling Supplies (0.31 in X 26.25 ft)</p><p>$6.99 ($1.75 / Count)</p><a href="https://www.amazon.com/dp/B0CC98XLGL?tag=eloabder-20&linkCode=osi&th=1&psc=1">View Product</a></div><div class="product"><a href="https://www.amazon.com/dp/B007XAAE6K?tag=eloabder-20&linkCode=osi&th=1&psc=1"><img src="https://m.media-amazon.com/images/I/414qxYVR0wL._SL500_.jpg" alt="Product Image"></a><p>Scotch Double Sided Tape Runner, 1-Pack, 0.27 in x 26 ft., Perfect for Holiday Crafts, Gifts, and More</p><p>$4.47</p><a href="https://www.amazon.com/dp/B007XAAE6K?tag=eloabder-20&linkCode=osi&th=1&psc=1">View Product</a></div><div class="product"><a href="https://www.amazon.com/dp/B0BZVGPFSK?tag=eloabder-20&linkCode=osi&th=1&psc=1"><img src="https://m.media-amazon.com/images/I/51-ue9+7JkL._SL500_.jpg" alt="Product Image"></a><p>Birllaid Double Sided Tape for Walls, Picture Hanging Strips Removable Mounting Dots Adhesive Heavy Duty, Removable for Art Craft, Decoration, Party Supplies, Multipurpose</p><p>$11.99</p><a href="https://www.amazon.com/dp/B0BZVGPFSK?tag=eloabder-20&linkCode=osi&th=1&psc=1">View Product</a></div><div class="product"><a href="https://www.amazon.com/dp/B0CGVN9SL1?tag=eloabder-20&linkCode=osi&th=1&psc=1"><img src="https://m.media-amazon.com/images/I/41Hy+i4CnoL._SL500_.jpg" alt="Product Image"></a><p>30Ft x 1 Inch Hook and Loop Strips with Adhesive,Double Rolls of Heavy Duty Self Adhesive Tape with Backing, Nylon Self Adhesive Tape for Home Office School and Crafting,White</p><p>$9.99</p><a href="https://www.amazon.com/dp/B0CGVN9SL1?tag=eloabder-20&linkCode=osi&th=1&psc=1">View Product</a></div><div class="product"><a href="https://www.amazon.com/dp/B07Y3VDPLF?tag=eloabder-20&linkCode=osi&th=1&psc=1"><img src="https://m.media-amazon.com/images/I/41cyKQ2OMuL._SL500_.jpg" alt="Product Image"></a><p>Melsan 1x4 inch Hook and Loop Strips with Adhesive - 15 Sets, Strong Back Adhesive Fasten Mounting Tape for Home or Office Use - Instead of Holes and Screws, Black</p><p>$7.82</p><a href="https://www.amazon.com/dp/B07Y3VDPLF?tag=eloabder-20&linkCode=osi&th=1&psc=1">View Product</a></div><div class="product"><a href="https://www.amazon.com/dp/B07V57VJT5?tag=eloabder-20&linkCode=osi&th=1&psc=1"><img src="https://m.media-amazon.com/images/I/514JO3bvl3L._SL500_.jpg" alt="Product Image"></a><p>XFasten Adhesive Roller for Scrapbooking, 8mm x 30ft 4-Pack Double Sided Glue Tape Roller, Scrapbook Supplies for Adults, Photo Tape for Scrapbooking</p><p>$9.99 ($2.50 / Count)</p><a href="https://www.amazon.com/dp/B07V57VJT5?tag=eloabder-20&linkCode=osi&th=1&psc=1">View Product</a></div><div class="product"><a href="https://www.amazon.com/dp/B07JLTGQHX?tag=eloabder-20&linkCode=osi&th=1&psc=1"><img src="https://m.media-amazon.com/images/I/51Eqfo7kUZL._SL500_.jpg" alt="Product Image"></a><p>UPINS 120 Pack Double Sided Foam Tape Square Self-Adhesive Foam Tape Black Strong Tape Pads for DIY Art Crafts Supplies</p><p>$9.99 ($0.08 / Count)</p><a href="https://www.amazon.com/dp/B07JLTGQHX?tag=eloabder-20&linkCode=osi&th=1&psc=1">View Product</a></div><div class="product"><a href="https://www.amazon.com/dp/B005FM6XF4?tag=eloabder-20&linkCode=osi&th=1&psc=1"><img src="https://m.media-amazon.com/images/I/51-vp1WJ89L._SL500_.jpg" alt="Product Image"></a><p>AdTech 5603 Permanent Crafter's Tape, 0.31" x 315", Pack of 4</p><p>$7.84 ($0.07 / Foot)</p><a href="https://www.amazon.com/dp/B005FM6XF4?tag=eloabder-20&linkCode=osi&th=1&psc=1">View Product</a></div><div class="product"><a href="https://www.amazon.com/dp/B0CJF1FLFJ?tag=eloabder-20&linkCode=osi&th=1&psc=1"><img src="https://m.media-amazon.com/images/I/51dig1RqzdL._SL500_.jpg" alt="Product Image"></a><p>UPINS 150Pack Double Sided Foam Tape Strong Sticky Double Sided Foam Pads for Crafts Self-Adhesive Mounting Foam Tape Heavy Duty for Home Wall Decor 40 * 40 * 2mm</p><p>$8.99 ($0.06 / Count)</p><a href="https://www.amazon.com/dp/B0CJF1FLFJ?tag=eloabder-20&linkCode=osi&th=1&psc=1">View Product</a></div><div class="product"><a href="https://www.amazon.com/dp/B0D4YWRGCL?tag=eloabder-20&linkCode=osi&th=1&psc=1"><img src="https://m.media-amazon.com/images/I/41EqJ553-KL._SL500_.jpg" alt="Product Image"></a><p>Amanbo Glue Tape for Scrapbooking, 6 Pack Scrapbook Tape, Double Sided Tape Roller for Crafts, Total 120 Ft x 0.24 in Tape Runner, Craft Supplies for Scrapbooking, Gift Wrapping and Photo Tape</p><p>$6.99</p><a href="https://www.amazon.com/dp/B0D4YWRGCL?tag=eloabder-20&linkCode=osi&th=1&psc=1">View Product</a></div>
<div class="product"><a href="https://www.amazon.com/dp/B0CC5HPPTN?tag=eloabder-20&linkCode=osi&th=1&psc=1"><img src="https://m.media-amazon.com/images/I/519M81S201L._SL500_.jpg" alt="Product Image"></a><p>Airbrush Paint - 30 Colors with 3 Thinner, Ready to Spray Airbrush Paint Set, Water-Based Acrylic Air brush Paints for Metal, Plastic Models, Canvas, Wood, 20ml/Bottle</p><p>$32.99 ($1.48 / Fl Oz)</p><a href="https://www.amazon.com/dp/B0CC5HPPTN?tag=eloabder-20&linkCode=osi&th=1&psc=1">View Product</a></div>
<div class="product"><a href="https://www.amazon.com/dp/B0CXPSGK36?tag=eloabder-20&linkCode=osi&th=1&psc=1"><img src="https://m.media-amazon.com/images/I/51dd2dYOtrL._SL500_.jpg" alt="Product Image"></a><p>Letter Stickers 30 Sheets 1500 PCS Large Alphabet Sticker 2 Inch Vinyl Self Adhesive Stick on Stickers for Water Bottles Cup Mailbox Number Address Craft Scrapbooking Bulletin Board Decor Multicolor</p><p>$9.99</p><a href="https://www.amazon.com/dp/B0CXPSGK36?tag=eloabder-20&linkCode=osi&th=1&psc=1">View Product</a></div><div class="product"><a href="https://www.amazon.com/dp/B07NNYFMGY?tag=eloabder-20&linkCode=osi&th=1&psc=1"><img src="https://m.media-amazon.com/images/I/51yDnU+gEXL._SL500_.jpg" alt="Product Image"></a><p>20 Sheets Alphabet Letter Stickers 10 Colors Self Adhesive Sticker Colorful PU Material Convex Feeling (Colored Letter Stickers 1)</p><p>$6.99 ($0.35 / Count)</p><a href="https://www.amazon.com/dp/B07NNYFMGY?tag=eloabder-20&linkCode=osi&th=1&psc=1">View Product</a></div>

<div class="product"><a href="https://www.amazon.com/dp/B01DDN8854?tag=eloabder-20&linkCode=osi&th=1&psc=1"><img src="https://m.media-amazon.com/images/I/61dPubDZBSL._SL500_.jpg" alt="Product Image"></a><p>Hugs 'n Kisses HNKHABY13 Applique Paper (20 Pack)</p><p>$19.72 ($0.99 / Count)</p><a href="https://www.amazon.com/dp/B01DDN8854?tag=eloabder-20&linkCode=osi&th=1&psc=1">View Product</a></div>
<div class="product"><a href="https://www.amazon.com/dp/B09KPNFJW1?tag=eloabder-20&linkCode=osi&th=1&psc=1"><img src="https://m.media-amazon.com/images/I/41abn5fELmL._SL500_.jpg" alt="Product Image"></a><p>UniPleased Disposable Aprons (50 Count), Plastic apron for Painting Party, Cooking, Housework, Picnic etc.</p><p>$5.69</p><a href="https://www.amazon.com/dp/B09KPNFJW1?tag=eloabder-20&linkCode=osi&th=1&psc=1">View Product</a></div>
<div class="product"><a href="https://www.amazon.com/dp/B087M21MM2?tag=eloabder-20&linkCode=osi&th=1&psc=1"><img src="https://m.media-amazon.com/images/I/41Xf-jehhLL._SL500_.jpg" alt="Product Image"></a><p>GOTIDEAL Stretched Canvas, Multi Pack 4x4, 5x7, 8x10,9x12, 11x14 Set of 10, Primed White - 100% Cotton Artist Canvas Boards for Painting, Acrylic Pouring, Oil Paint Dry & Wet Art Media</p><p>$24.99</p><a href="https://www.amazon.com/dp/B087M21MM2?tag=eloabder-20&linkCode=osi&th=1&psc=1">View Product</a></div><div class="product"><a href="https://www.amazon.com/dp/B00OQJYISG?tag=eloabder-20&linkCode=osi&th=1&psc=1"><img src="https://m.media-amazon.com/images/I/31fEDLPkkcL._SL500_.jpg" alt="Product Image"></a><p>6 Count 12” x 16” Super Value Canvas by Artist's Loft Necessities - Acid Free Cotton Canvas for Paint, Acrylic, & Oils - 1 Pack</p><p>$19.99</p><a href="https://www.amazon.com/dp/B00OQJYISG?tag=eloabder-20&linkCode=osi&th=1&psc=1">View Product</a></div><div class="product"><a href="https://www.amazon.com/dp/B09CDKB9HY?tag=eloabder-20&linkCode=osi&th=1&psc=1"><img src="https://m.media-amazon.com/images/I/51+p5xnClGL._SL500_.jpg" alt="Product Image"></a><p>DPDIAN Canvas Boards for Painting 40 Pack, 8 inch x 10 inch Super Value Pack, Artist Canvas Panels for Oil & Acrylic Painting</p><p>$29.99</p><a href="https://www.amazon.com/dp/B09CDKB9HY?tag=eloabder-20&linkCode=osi&th=1&psc=1">View Product</a></div><div class="product"><a href="https://www.amazon.com/dp/B0CFBGP29G?tag=eloabder-20&linkCode=osi&th=1&psc=1"><img src="https://m.media-amazon.com/images/I/3147Az5plbL._SL500_.jpg" alt="Product Image"></a><p>ArtSkills Stretched Canvases for Painting, 12x16 Canvas Painting Supplies for Artists, Blank Canvas Pack, 2-Pack</p><p>$16.99</p><a href="https://www.amazon.com/dp/B0CFBGP29G?tag=eloabder-20&linkCode=osi&th=1&psc=1">View Product</a></div><div class="product"><a href="https://www.amazon.com/dp/B07BNGQ1SS?tag=eloabder-20&linkCode=osi&th=1&psc=1"><img src="https://m.media-amazon.com/images/I/410ZVtygUwS._SL500_.jpg" alt="Product Image"></a><p>PHOENIX Stretched Canvas for Painting 8x10 Inch/10 Value Pack, 8 Oz Triple Primed 5/8 Inch Profile 100% Cotton White Blank Canvas, Artist Framed Canvas for Oil Acrylic & Pouring Art</p><p>$22.99</p><a href="https://www.amazon.com/dp/B07BNGQ1SS?tag=eloabder-20&linkCode=osi&th=1&psc=1">View Product</a></div><div class="product"><a href="https://www.amazon.com/dp/B0922JP1H4?tag=eloabder-20&linkCode=osi&th=1&psc=1"><img src="https://m.media-amazon.com/images/I/41BmiEND1KL._SL500_.jpg" alt="Product Image"></a><p>GOTIDEAL Canvases for Painting, 18 Pack Canvas Boards Multipack 4x4, 5x7, 8x10, 9x12,11x14,Primed White Blank Artist Canvas Variety Pack for Acrylic Paint, Oil Paint, Watercolor, Gouache</p><p>$19.99</p><a href="https://www.amazon.com/dp/B0922JP1H4?tag=eloabder-20&linkCode=osi&th=1&psc=1">View Product</a></div>


<div class="product"><a href="https://www.amazon.com/dp/B0872VFHBH?tag=eloabder-20&linkCode=osi&th=1&psc=1"><img src="https://m.media-amazon.com/images/I/51k3bekQheS._SL500_.jpg" alt="Product Image"></a><p>Bachmore Drawing Pad 9X12 Inch (110lb/180g), 60 Sheets, Top Spiral Bound Multi-Media for Artist Pro & Amateurs | Acrylic Art, Ink, Paint, Oil Pastels,Watercolor Mixed Media Sketch</p><p>$11.99</p><a href="https://www.amazon.com/dp/B0872VFHBH?tag=eloabder-20&linkCode=osi&th=1&psc=1">View Product</a></div><div class="product"><a href="https://www.amazon.com/dp/B0027A75A4?tag=eloabder-20&linkCode=osi&th=1&psc=1"><img src="https://m.media-amazon.com/images/I/51dyOxxcgYL._SL500_.jpg" alt="Product Image"></a><p>Strathmore 200 Series Sketch Pad, 9x12 inch, 100 Sheets, Tape Bound - Artist Sketchbook for Drawing, Illustration, Art Class Students</p><p>$6.99 ($0.07 / Count)</p><a href="https://www.amazon.com/dp/B0027A75A4?tag=eloabder-20&linkCode=osi&th=1&psc=1">View Product</a></div><div class="product"><a href="https://www.amazon.com/dp/B0BV13YQKX?tag=eloabder-20&linkCode=osi&th=1&psc=1"><img src="https://m.media-amazon.com/images/I/41VYfMpvXUL._SL500_.jpg" alt="Product Image"></a><p>Canson Graduate Watercolor Pad, Foldover, 9x12 inch, 20 Sheets | Artist Paper for Adults and Students - Painting, Gouache, Mixed Media and Ink</p><p>$4.97 ($0.41 / Count)</p><a href="https://www.amazon.com/dp/B0BV13YQKX?tag=eloabder-20&linkCode=osi&th=1&psc=1">View Product</a></div><div class="product"><a href="https://www.amazon.com/dp/B0024KMQ6K?tag=eloabder-20&linkCode=osi&th=1&psc=1"><img src="https://m.media-amazon.com/images/I/51sYdvPPUCL._SL500_.jpg" alt="Product Image"></a><p>Strathmore 400 Series Pastel Pad, Assorted Colors, 9"x12" Glue Bound, 24 Sheets</p><p>$9.11</p><a href="https://www.amazon.com/dp/B0024KMQ6K?tag=eloabder-20&linkCode=osi&th=1&psc=1">View Product</a></div><div class="product"><a href="https://www.amazon.com/dp/B00246O6PI?tag=eloabder-20&linkCode=osi&th=1&psc=1"><img src="https://m.media-amazon.com/images/I/517TUmckOIL._SL500_.jpg" alt="Product Image"></a><p>Strathmore 300 Series Drawing Paper Pad, Top Wire Bound, 11x14 inches, 50 Sheets (70lb/114g) - Artist Paper for Adults and Students - Charcoal, Colored Pencil, Ink, Pastel, Marker</p><p>$13.33</p><a href="https://www.amazon.com/dp/B00246O6PI?tag=eloabder-20&linkCode=osi&th=1&psc=1">View Product</a></div>
<div class="product"><a href="https://www.amazon.com/dp/B08ZMH7LJY?tag=eloabder-20&linkCode=osi&th=1&psc=1"><img src="https://m.media-amazon.com/images/I/51mJIsLJA-S._SL500_.jpg" alt="Product Image"></a><p>PANDAFLY Professional Drawing Sketching Pencil Set - 12 Pieces Graphite Pencils(14B - 2H), Ideal for Drawing Art, Sketching, Shading, Artist Pencils for Beginners & Pro Artists</p><p>$5.11</p><a href="https://www.amazon.com/dp/B08ZMH7LJY?tag=eloabder-20&linkCode=osi&th=1&psc=1">View Product</a></div><div class="product"><a href="https://www.amazon.com/dp/B088K1G5NL?tag=eloabder-20&linkCode=osi&th=1&psc=1"><img src="https://m.media-amazon.com/images/I/51F2bOMZWnL._SL500_.jpg" alt="Product Image"></a><p>MARKART Professional Drawing Sketching Pencil Set - 14 Pieces,Graphite,(12B - 4H), Ideal for Drawing Art, Sketching, Shading, Artist Pencils for Beginners & Pro Artists</p><p>$5.24</p><a href="https://www.amazon.com/dp/B088K1G5NL?tag=eloabder-20&linkCode=osi&th=1&psc=1">View Product</a></div><div class="product"><a href="https://www.amazon.com/dp/B08FHMRW4L?tag=eloabder-20&linkCode=osi&th=1&psc=1"><img src="https://m.media-amazon.com/images/I/51Pmn5gjyzL._SL500_.jpg" alt="Product Image"></a><p>Mr. Pen- Sketch Pencils for Drawing, 14 Pack, Drawing Pencils, Art Pencils, Graphite Pencils, Graphite Pencils for Drawing, Art Pencils for Drawing and Shading</p><p>$5.95</p><a href="https://www.amazon.com/dp/B08FHMRW4L?tag=eloabder-20&linkCode=osi&th=1&psc=1">View Product</a></div><div class="product"><a href="https://www.amazon.com/dp/B0BNQ58DC4?tag=eloabder-20&linkCode=osi&th=1&psc=1"><img src="https://m.media-amazon.com/images/I/51e-gQtCcCL._SL500_.jpg" alt="Product Image"></a><p>MARTCOLOR Drawing Sketching Pencils Set, 12 Pack Graphite Pencils(14B - 2H), Ideal for Drawing Art, Sketching, Shading, Artist Pencils for Beginners & Pro Artists</p><p>$5.99</p><a href="https://www.amazon.com/dp/B0BNQ58DC4?tag=eloabder-20&linkCode=osi&th=1&psc=1">View Product</a></div>

<div class="product"><a href="https://www.amazon.com/dp/B0851M3749?tag=eloabder-20&linkCode=osi&th=1&psc=1"><img src="https://m.media-amazon.com/images/I/41KKSGSDl5L._SL500_.jpg" alt="Product Image"></a><p>N NOROCME 12 PCS Blending Stumps and Tortillions Paper Art Blenders with Sandpaper Pencil Sharpener Pointer for Student Artist Charcoal Sketch Drawing Tools</p><p>$4.99</p><a href="https://www.amazon.com/dp/B0851M3749?tag=eloabder-20&linkCode=osi&th=1&psc=1">View Product</a></div><div class="product"><a href="https://www.amazon.com/dp/B09J3HKN8F?tag=eloabder-20&linkCode=osi&th=1&psc=1"><img src="https://m.media-amazon.com/images/I/51Qvx81eQLL._SL500_.jpg" alt="Product Image"></a><p>Eraser Pencils Set for Artists, Wooden Sketch Eraser Pen for Charcoal Drawings, Professional Highlight Painting Eraser for Sketching, Revise Erasing Details for Students Limner</p><p>$6.99</p><a href="https://www.amazon.com/dp/B09J3HKN8F?tag=eloabder-20&linkCode=osi&th=1&psc=1">View Product</a></div>
<div class="product"><a href="https://www.amazon.com/dp/B09WCQ89T8?tag=eloabder-20&linkCode=osi&th=1&psc=1"><img src="https://m.media-amazon.com/images/I/41gZz0qgBFL._SL500_.jpg" alt="Product Image"></a><p>Bernat BABY BLANKET BB Blue Dreams Yarn - 1 Pack of 10.5oz/300g - Polyester - #6 Super Bulky - 220 Yards - Knitting/Crochet</p><p>$6.97</p><a href="https://www.amazon.com/dp/B09WCQ89T8?tag=eloabder-20&linkCode=osi&th=1&psc=1">View Product</a></div><div class="product"><a href="https://www.amazon.com/dp/B07V5JVNFD?tag=eloabder-20&linkCode=osi&th=1&psc=1"><img src="https://m.media-amazon.com/images/I/41IS+HdtiOL._SL500_.jpg" alt="Product Image"></a><p>Lion Brand Yarn Basic Stitch Anti-Pilling Knitting Yarn, Yarn for Crocheting, 1-Pack, Baby Blue</p><p>$8.40 ($0.02 / Foot)</p><a href="https://www.amazon.com/dp/B07V5JVNFD?tag=eloabder-20&linkCode=osi&th=1&psc=1">View Product</a></div><div class="product"><a href="https://www.amazon.com/dp/B01M0AJID2?tag=eloabder-20&linkCode=osi&th=1&psc=1"><img src="https://m.media-amazon.com/images/I/41yVau0AUpL._SL500_.jpg" alt="Product Image"></a><p>Lion Brand Yarn (1 Skein) Lion Brand Yarn Babysoft Baby Yarn Yarn, Little Boy Blue Multicolor</p><p>$7.19 ($0.01 / Foot)</p><a href="https://www.amazon.com/dp/B01M0AJID2?tag=eloabder-20&linkCode=osi&th=1&psc=1">View Product</a></div><div class="product"><a href="https://www.amazon.com/dp/B09W1KHF42?tag=eloabder-20&linkCode=osi&th=1&psc=1"><img src="https://m.media-amazon.com/images/I/41maDlrio5L._SL500_.jpg" alt="Product Image"></a><p>Red Heart Super Saver Light Blue Yarn - 3 Pack of 198g/7oz - Acrylic - 4 Medium (Worsted) - 364 Yards - Knitting/Crochet</p><p>$13.29 ($4.43 / Count)</p><a href="https://www.amazon.com/dp/B09W1KHF42?tag=eloabder-20&linkCode=osi&th=1&psc=1">View Product</a></div><div class="product"><a href="https://www.amazon.com/dp/B08LKVZ3CX?tag=eloabder-20&linkCode=osi&th=1&psc=1"><img src="https://m.media-amazon.com/images/I/41GLizNx8UL._SL500_.jpg" alt="Product Image"></a><p>Bernat Baby Blanket Baby Blue Yarn - 3 Pack of 100g/3.5oz - Polyester - 6 Super Bulky - 72 Yards - Knitting/Crochet</p><p>$21.81</p><a href="https://www.amazon.com/dp/B08LKVZ3CX?tag=eloabder-20&linkCode=osi&th=1&psc=1">View Product</a></div><div class="product"><a href="https://www.amazon.com/dp/B0CHJ95WHJ?tag=eloabder-20&linkCode=osi&th=1&psc=1"><img src="https://m.media-amazon.com/images/I/314E1EQdihL._SL500_.jpg" alt="Product Image"></a><p>NORCIA Soft Velvet Yarn Chenille Yarn for Crocheting Baby Blanket Yarn for Knitting Amigurumi Yarn Fancy Yarn for Crochet Weaving Craft (Baby Blue, 1 Skein)</p><p>$9.99</p><a href="https://www.amazon.com/dp/B0CHJ95WHJ?tag=eloabder-20&linkCode=osi&th=1&psc=1">View Product</a></div>
<div class="product"><a href="https://www.amazon.com/dp/B0779F2TXJ?tag=eloabder-20&linkCode=osi&th=1&psc=1"><img src="https://m.media-amazon.com/images/I/31kqZr8DJzL._SL500_.jpg" alt="Product Image"></a><p>OPENDGO Feather Ballpoint Pen ，Black Ink Vintage Feather Quill Refined Plated Rod Quill Ballpoint Pen For School Writing ▏Wedding Gift Signature Pen (Black)</p><p>$6.97</p><a href="https://www.amazon.com/dp/B0779F2TXJ?tag=eloabder-20&linkCode=osi&th=1&psc=1">View Product</a></div><div class="product"><a href="https://www.amazon.com/dp/B0CQF3BJ3S?tag=eloabder-20&linkCode=osi&th=1&psc=1"><img src="https://m.media-amazon.com/images/I/41gs6AOiP6L._SL500_.jpg" alt="Product Image"></a><p>3 in 1 Retractable Ballpoint Pen with Light and Stylus, Nice Pens for Journaling Writing in The Dark - White/Red Light Tip- 0.7mm Black Ink</p><p>$12.99</p><a href="https://www.amazon.com/dp/B0CQF3BJ3S?tag=eloabder-20&linkCode=osi&th=1&psc=1">View Product</a></div><div class="product"><a href="https://www.amazon.com/dp/B08BBZ3B8G?tag=eloabder-20&linkCode=osi&th=1&psc=1"><img src="https://m.media-amazon.com/images/I/41cMHyw60wL._SL500_.jpg" alt="Product Image"></a><p>Mr. Pen- Pens, Black Pens, 12 Pack, Fast Dry, No Smear Pens, Bible Pens, Pens for Journaling, Pens No Bleed Through, Pens Fine Point, Journal Pens, Fine Tip, Planner Pens, Ball Point Journal Pens</p><p>$9.99</p><a href="https://www.amazon.com/dp/B08BBZ3B8G?tag=eloabder-20&linkCode=osi&th=1&psc=1">View Product</a></div><div class="product"><a href="https://www.amazon.com/dp/B0D4YWWGX6?tag=eloabder-20&linkCode=osi&th=1&psc=1"><img src="https://m.media-amazon.com/images/I/31xHBCCzJqL._SL500_.jpg" alt="Product Image"></a><p>PATIKIL 21cm/8" Feather Ballpoint Pen, 1Pcs Ink Vintage Quill Pen Refined Plated Dip Pen for Calligraphy Writing Signature Wedding Gift, Yellow</p><p>$7.49</p><a href="https://www.amazon.com/dp/B0D4YWWGX6?tag=eloabder-20&linkCode=osi&th=1&psc=1">View Product</a></div>

<div class="product"><a href="https://www.amazon.com/dp/B001TLDEVQ?tag=eloabder-20&linkCode=osi&th=1&psc=1"><img src="https://m.media-amazon.com/images/I/41jYF39F6lL._SL500_.jpg" alt="Product Image"></a><p>Beadalon SuppleMax Illusion Beading Cord, 0.40 mm / 0.016 in, Clear Monofilament, 50 m / 164 ft</p><p>$4.74</p><a href="https://www.amazon.com/dp/B001TLDEVQ?tag=eloabder-20&linkCode=osi&th=1&psc=1">View Product</a></div><div class="product"><a href="https://www.amazon.com/dp/B0D2HVFZ7Q?tag=eloabder-20&linkCode=osi&th=1&psc=1"><img src="https://m.media-amazon.com/images/I/41R66LMYz7L._SL500_.jpg" alt="Product Image"></a><p>Zxiixz 116Yards 0.5mm Bracelet String, Waxed String Cord for Bracelet Making, Beading Thread for Bracelet Beads, Friendship Bracelet String for Bracelet Making, Waxed Polyester Cord for Jewelry Making</p><p>$6.99</p><a href="https://www.amazon.com/dp/B0D2HVFZ7Q?tag=eloabder-20&linkCode=osi&th=1&psc=1">View Product</a></div><div class="product"><a href="https://www.amazon.com/dp/B07BNF8KH5?tag=eloabder-20&linkCode=osi&th=1&psc=1"><img src="https://m.media-amazon.com/images/I/51jVByheyVL._SL500_.jpg" alt="Product Image"></a><p>PH PandaHall 100 Yards 1mm Waxed Cotton Cord Thread Beading String for Bracelet Necklace Making Crafting Beading Macrame Vase Decor, Burlywood</p><p>$7.19 ($0.02 / Foot)</p><a href="https://www.amazon.com/dp/B07BNF8KH5?tag=eloabder-20&linkCode=osi&th=1&psc=1">View Product</a></div><div class="product"><a href="https://www.amazon.com/dp/B07HBPGXJG?tag=eloabder-20&linkCode=osi&th=1&psc=1"><img src="https://m.media-amazon.com/images/I/41xi8gO6kDL._SL500_.jpg" alt="Product Image"></a><p>Paxcoo 0.8mm Elastic String, Stretchy Bracelet String Crystal String Bead Cord for Bracelet, Beading and Jewelry Making (120m)</p><p>$6.99 ($0.02 / Foot)</p><a href="https://www.amazon.com/dp/B07HBPGXJG?tag=eloabder-20&linkCode=osi&th=1&psc=1">View Product</a></div><div class="product"><a href="https://www.amazon.com/dp/B0CNPST7D9?tag=eloabder-20&linkCode=osi&th=1&psc=1"><img src="https://m.media-amazon.com/images/I/41A9VISFC4L._SL500_.jpg" alt="Product Image"></a><p>Kblick Black Nylon String Cord - 1MM 100 Yards Black Twine, Bracelet String for Bracelet Making, Braided Ornament Lanyard Sting, Jewelry Thread Clay Bead String for Crafts, Macrame Satin Cord</p><p>$5.99 ($0.02 / Foot)</p><a href="https://www.amazon.com/dp/B0CNPST7D9?tag=eloabder-20&linkCode=osi&th=1&psc=1">View Product</a></div><div class="product"><a href="https://www.amazon.com/dp/B08GC3JF9X?tag=eloabder-20&linkCode=osi&th=1&psc=1"><img src="https://m.media-amazon.com/images/I/41FQZYhvQpL._SL500_.jpg" alt="Product Image"></a><p>Cheriswelry 100M 0.8mm Nylon Beading Cord Black Chinese Knotting Rattail Macrame Thread String Roll for Jewelry Making Kumihimo Wrapping Supplies DIY Crafts</p><p>$6.99 ($0.02 / Fl Oz)</p><a href="https://www.amazon.com/dp/B08GC3JF9X?tag=eloabder-20&linkCode=osi&th=1&psc=1">View Product</a></div><div class="product"><a href="https://www.amazon.com/dp/B0B3V9RWQC?tag=eloabder-20&linkCode=osi&th=1&psc=1"><img src="https://m.media-amazon.com/images/I/41F-OP+yCxL._SL500_.jpg" alt="Product Image"></a><p>Griffin Silk Bead Cord Perlseide – Black Color – Size 3 (0.50mm) – 2 Meters per Card – Stainless Steel Needle Attached – for Knotting Pearls, Gemstones, Crystals and Beads</p><p>$4.99 ($0.76 / Foot)</p><a href="https://www.amazon.com/dp/B0B3V9RWQC?tag=eloabder-20&linkCode=osi&th=1&psc=1">View Product</a></div><div class="product"><a href="https://www.amazon.com/dp/B08F49YVQP?tag=eloabder-20&linkCode=osi&th=1&psc=1"><img src="https://m.media-amazon.com/images/I/41yCMIpj0rS._SL500_.jpg" alt="Product Image"></a><p>1mm Stretchy Bracelet String, Sturdy Rainbow Elastic String Elastic Cord for Jewelry Making, Necklaces, Beading and Crafts</p><p>$6.99 ($0.04 / Foot)</p><a href="https://www.amazon.com/dp/B08F49YVQP?tag=eloabder-20&linkCode=osi&th=1&psc=1">View Product</a></div>

<div class="product"><a href="https://www.amazon.com/dp/B001GMUBJ6?tag=eloabder-20&linkCode=osi&th=1&psc=1"><img src="https://m.media-amazon.com/images/I/41V5qzn3H5L._SL500_.jpg" alt="Product Image"></a><p>The Beadsmith Fireline by Berkley – Micro-Fused Braided Thread – 6lb. Test, 006”/.15mm Diameter, 50 Yard Spool, Crystal Color – Super Strong Stringing Material for Jewelry Making and Bead Weaving</p><p>$12.59</p><a href="https://www.amazon.com/dp/B001GMUBJ6?tag=eloabder-20&linkCode=osi&th=1&psc=1">View Product</a></div><div class="product"><a href="https://www.amazon.com/dp/B001UAKK0Y?tag=eloabder-20&linkCode=osi&th=1&psc=1"><img src="https://m.media-amazon.com/images/I/41rY1D0wfuL._SL500_.jpg" alt="Product Image"></a><p>Beadalon Wildfire, 0.006 in, 0.15 mm, Break Strength 10 lb / 4.5 kg, Frost, 50 yd / 45 m</p><p>$8.85 ($0.06 / Foot)</p><a href="https://www.amazon.com/dp/B001UAKK0Y?tag=eloabder-20&linkCode=osi&th=1&psc=1">View Product</a></div><div class="product"><a href="https://www.amazon.com/dp/B095WY58F4?tag=eloabder-20&linkCode=osi&th=1&psc=1"><img src="https://m.media-amazon.com/images/I/41mXRfJqcjL._SL500_.jpg" alt="Product Image"></a><p>PH PandaHall 0.1mm Nylon Seed Bead Thread 100 Yards Black White Bracelet Cord Beading Thread Invisible Sewing Thread Nylon Braided Thread String for Leather Stitching Beading Jewelry Bracelets Making</p><p>$9.99 ($0.03 / Foot)</p><a href="https://www.amazon.com/dp/B095WY58F4?tag=eloabder-20&linkCode=osi&th=1&psc=1">View Product</a></div><div class="product"><a href="https://www.amazon.com/dp/B08RN2R2SZ?tag=eloabder-20&linkCode=osi&th=1&psc=1"><img src="https://m.media-amazon.com/images/I/41Tg2MMC++L._SL500_.jpg" alt="Product Image"></a><p>KO Nylon Beading Thread, White Color, Japanese Pre-Waxed 100% Nylon, 330TEX, Tangle Resistant Knotting Cords, 50m /55 yds Spool, Use for Seed Bead Projects, Loom Work & Bead Weaving</p><p>$7.06 ($0.04 / Foot)</p><a href="https://www.amazon.com/dp/B08RN2R2SZ?tag=eloabder-20&linkCode=osi&th=1&psc=1">View Product</a></div><div class="product"><a href="https://www.amazon.com/dp/B09J89ST79?tag=eloabder-20&linkCode=osi&th=1&psc=1"><img src="https://m.media-amazon.com/images/I/41hLuuOZeXL._SL500_.jpg" alt="Product Image"></a><p>2 Roll Polyester Thread, Heavy Duty Thread, 1500Yard/Reel 210D/3 nylon thread for sewing, Sewing Thread for Upholstery, Outdoor Market, Drapery, Leather, Beading, Crafts</p><p>$7.99 ($0.00 / Foot)</p><a href="https://www.amazon.com/dp/B09J89ST79?tag=eloabder-20&linkCode=osi&th=1&psc=1">View Product</a></div><div class="product"><a href="https://www.amazon.com/dp/B0C6MSY7QQ?tag=eloabder-20&linkCode=osi&th=1&psc=1"><img src="https://m.media-amazon.com/images/I/31Bn-MyA62L._SL500_.jpg" alt="Product Image"></a><p>PH PandaHall 0.1mm Nylon String 100 Yards Beading Thread White Nylon Seed Bead Thread Bracelet Beading Thread Sewing String for Leather Stitching Beading Jewelry Bracelets Making</p><p>$7.99 ($0.03 / Foot)</p><a href="https://www.amazon.com/dp/B0C6MSY7QQ?tag=eloabder-20&linkCode=osi&th=1&psc=1">View Product</a></div>

<div class="product"><a href="https://www.amazon.com/dp/B07NMNDT1W?tag=eloabder-20&linkCode=osi&th=1&psc=1"><img src="https://m.media-amazon.com/images/I/41-zwQIcVcL._SL500_.jpg" alt="Product Image"></a><p>Howemon White Beeswax Pellets 2LB 100% Pure and Natural Triple Filtered for Skin, Face, Body and Hair Care DIY Creams, Lotions, Lip Balm and Soap Making Supplies</p><p>$13.99 ($0.44 / Fl Oz)</p><a href="https://www.amazon.com/dp/B07NMNDT1W?tag=eloabder-20&linkCode=osi&th=1&psc=1">View Product</a></div><div class="product"><a href="https://www.amazon.com/dp/B00B3U0FW4?tag=eloabder-20&linkCode=osi&th=1&psc=1"><img src="https://m.media-amazon.com/images/I/51rWFCST+TL._SL500_.jpg" alt="Product Image"></a><p>Beesworks Yellow Beeswax Pellets (1 lb) | 100% Pure, Cosmetic Grade, Triple-Filtered Beeswax for DIY Skin care, Lip Balm, Lotion, and Candle Making</p><p>$13.99 ($0.87 / Ounce)</p><a href="https://www.amazon.com/dp/B00B3U0FW4?tag=eloabder-20&linkCode=osi&th=1&psc=1">View Product</a></div><div class="product"><a href="https://www.amazon.com/dp/B01LWX2IO1?tag=eloabder-20&linkCode=osi&th=1&psc=1"><img src="https://m.media-amazon.com/images/I/41MlNqhDyCL._SL500_.jpg" alt="Product Image"></a><p>Beesworks Yellow Beeswax Bars (6 oz) | 100% Pure, Cosmetic Grade, Triple-Filtered Beeswax for DIY Skin Care, Lip Balm, Lotion and Candle Making (1 oz Bars - Pack of 6)</p><p>$6.99</p><a href="https://www.amazon.com/dp/B01LWX2IO1?tag=eloabder-20&linkCode=osi&th=1&psc=1">View Product</a></div><div class="product"><a href="https://www.amazon.com/dp/B0BV77F19N?tag=eloabder-20&linkCode=osi&th=1&psc=1"><img src="https://m.media-amazon.com/images/I/41xzHaO1-EL._SL500_.jpg" alt="Product Image"></a><p>Beeswax Pellets 10LB Cosmetic Beeswax Triple Filtered Beeswax Pastilles for Candle Making Great for DIY Projects Creams Lotions Lip Balm and Soap Making Supplies(10LB)</p><p>$32.99</p><a href="https://www.amazon.com/dp/B0BV77F19N?tag=eloabder-20&linkCode=osi&th=1&psc=1">View Product</a></div><div class="product"><a href="https://www.amazon.com/dp/B0C9QSG3CY?tag=eloabder-20&linkCode=osi&th=1&psc=1"><img src="https://m.media-amazon.com/images/I/414XQcU6SRL._SL500_.jpg" alt="Product Image"></a><p>YASNAY White Beeswax Pellets 2LB, 100% Organic Beeswax, Beeswax for Candle Making, Body, Skin Care DIY, Lip Balm and Soap Making Supplies</p><p>$11.99</p><a href="https://www.amazon.com/dp/B0C9QSG3CY?tag=eloabder-20&linkCode=osi&th=1&psc=1">View Product</a></div><div class="product"><a href="https://www.amazon.com/dp/B097HTC4WN?tag=eloabder-20&linkCode=osi&th=1&psc=1"><img src="https://m.media-amazon.com/images/I/51pwMM7C6-L._SL500_.jpg" alt="Product Image"></a><p>Eco Lux 8 Yellow Beeswax Blocks 100% Pure Natural Organic Bees Wax 6.5oz</p><p>$8.49 ($1.35 / Ounce)</p><a href="https://www.amazon.com/dp/B097HTC4WN?tag=eloabder-20&linkCode=osi&th=1&psc=1">View Product</a></div><div class="product"><a href="https://www.amazon.com/dp/B00HDHQQCE?tag=eloabder-20&linkCode=osi&th=1&psc=1"><img src="https://m.media-amazon.com/images/I/41vF-7MwNhL._SL500_.jpg" alt="Product Image"></a><p>Murray's 100% Pure Beeswax 4 oz</p><p>$5.98 ($1.50 / Ounce)</p><a href="https://www.amazon.com/dp/B00HDHQQCE?tag=eloabder-20&linkCode=osi&th=1&psc=1">View Product</a></div><div class="product"><a href="https://www.amazon.com/dp/B09YM8JTLM?tag=eloabder-20&linkCode=osi&th=1&psc=1"><img src="https://m.media-amazon.com/images/I/41cjNuBnFEL._SL500_.jpg" alt="Product Image"></a><p>TRINIDa Beeswax Pellets 2LB(32 oz), 100% Organic Yellow Bees Wax for DIY Candles, Beeswax for Candle Making, Skin, Body, Face, and Hair Care, Lotions, DIY Creams, Lip Balm and Soap Making Supplies</p><p>$11.99</p><a href="https://www.amazon.com/dp/B09YM8JTLM?tag=eloabder-20&linkCode=osi&th=1&psc=1">View Product</a></div><div class="product"><a href="https://www.amazon.com/dp/B00F3CNMV4?tag=eloabder-20&linkCode=osi&th=1&psc=1"><img src="https://m.media-amazon.com/images/I/31pjrRAEa4L._SL500_.jpg" alt="Product Image"></a><p>Stakich Yellow Beeswax Block - Natural, Triple Filtered - 1 Pound, Honey Scent</p><p>$13.95 ($0.87 / Ounce)</p><a href="https://www.amazon.com/dp/B00F3CNMV4?tag=eloabder-20&linkCode=osi&th=1&psc=1">View Product</a></div><div class="product"><a href="https://www.amazon.com/dp/B0BXFZBZS9?tag=eloabder-20&linkCode=osi&th=1&psc=1"><img src="https://m.media-amazon.com/images/I/4178i9IB9KL._SL500_.jpg" alt="Product Image"></a><p>5LB Beeswax Pellets Beeswax for Candle Making Organic Beeswax Pellets for Skin Beeswax Beads Beeswax Bulk Beeswax for Lotion Making Organic for DIY and Craft Project</p><p>$22.99</p><a href="https://www.amazon.com/dp/B0BXFZBZS9?tag=eloabder-20&linkCode=osi&th=1&psc=1">View Product</a></div>
<div class="product"><a href="https://www.amazon.com/dp/B0052F1BVK?tag=eloabder-20&linkCode=osi&th=1&psc=1"><img src="https://m.media-amazon.com/images/I/41zE9eiGoLL._SL500_.jpg" alt="Product Image"></a><p>ACC Staples Large Binder Clips, 2" Width, 1" Capacity, Black, 12/Pk</p><p>$6.30</p><a href="https://www.amazon.com/dp/B0052F1BVK?tag=eloabder-20&linkCode=osi&th=1&psc=1">View Product</a></div><div class="product"><a href="https://www.amazon.com/dp/B07MLFR771?tag=eloabder-20&linkCode=osi&th=1&psc=1"><img src="https://m.media-amazon.com/images/I/51N2wxA7N0L._SL500_.jpg" alt="Product Image"></a><p>CooBigo 50 Pack Binder Ring, Metal Book Ring Paper Ring Holder 5/8-Inch Loose Leaf Binder Ring Clip for Index Card, Flash Card Ring, Card Calendar, Keychain Key Ring - Bronze</p><p>$6.99</p><a href="https://www.amazon.com/dp/B07MLFR771?tag=eloabder-20&linkCode=osi&th=1&psc=1">View Product</a></div><div class="product"><a href="https://www.amazon.com/dp/B01563NHGY?tag=eloabder-20&linkCode=osi&th=1&psc=1"><img src="https://m.media-amazon.com/images/I/41gj+0ZftqL._SL500_.jpg" alt="Product Image"></a><p>vanki Pack of 40 Cute Lovely Smiling Face Spring-Loaded File Organizer Paper Holder Metal Binder Clips, Assorted Color</p><p>$8.99</p><a href="https://www.amazon.com/dp/B01563NHGY?tag=eloabder-20&linkCode=osi&th=1&psc=1">View Product</a></div><div class="product"><a href="https://www.amazon.com/dp/B000GOUDSO?tag=eloabder-20&linkCode=osi&th=1&psc=1"><img src="https://m.media-amazon.com/images/I/41ZANISHgML._SL500_.jpg" alt="Product Image"></a><p>Small Binder Clips .75" 8/Pkg-Assorted Colors</p><p>$4.46</p><a href="https://www.amazon.com/dp/B000GOUDSO?tag=eloabder-20&linkCode=osi&th=1&psc=1">View Product</a></div>
<div class="product"><a href="https://www.amazon.com/dp/B07PRPX4VR?tag=eloabder-20&linkCode=osi&th=1&psc=1"><img src="https://m.media-amazon.com/images/I/41IMH12fdPL._SL500_.jpg" alt="Product Image"></a><p>Durable Sheet Lifters, Durable Easy Flow, 11" x 3", Lifts Sheets Over Rings and Protects Sheets from Tearing, Fit Standard 3-Ring Binders, Black (20 Pack)</p><p>$14.99</p><a href="https://www.amazon.com/dp/B07PRPX4VR?tag=eloabder-20&linkCode=osi&th=1&psc=1">View Product</a></div><div class="product"><a href="https://www.amazon.com/dp/B0CM8QJHFW?tag=eloabder-20&linkCode=osi&th=1&psc=1"><img src="https://m.media-amazon.com/images/I/31cJGS74oCL._SL500_.jpg" alt="Product Image"></a><p>Wantane D-Shaped Tape Storage Ring Tape Storage Ring 4" D-Shaped Washi Tape Storage Ring for DIY Decoration and Storage（Nickel）-2PCS</p><p>$7.99</p><a href="https://www.amazon.com/dp/B0CM8QJHFW?tag=eloabder-20&linkCode=osi&th=1&psc=1">View Product</a></div>
<div class="product"><a href="https://www.amazon.com/dp/B00006IAS3?tag=eloabder-20&linkCode=osi&th=1&psc=1"><img src="https://m.media-amazon.com/images/I/317DvSXhT1L._SL500_.jpg" alt="Product Image"></a><p>GBC Binding System, Manual, Desktop Binding Punch, 6 Sheet Punch Capacity, ProClick P50 (2515650)</p><p>$123.89</p><a href="https://www.amazon.com/dp/B00006IAS3?tag=eloabder-20&linkCode=osi&th=1&psc=1">View Product</a></div><div class="product"><a href="https://www.amazon.com/dp/B004BP81KQ?tag=eloabder-20&linkCode=osi&th=1&psc=1"><img src="https://m.media-amazon.com/images/I/51SqfeZ12KL._SL500_.jpg" alt="Product Image"></a><p>We R Memory Keepers Cinch Book Binding Wire (1-Inch, Silver (2 Pack))</p><p>$5.99</p><a href="https://www.amazon.com/dp/B004BP81KQ?tag=eloabder-20&linkCode=osi&th=1&psc=1">View Product</a></div>

<div class="product"><a href="https://www.amazon.com/dp/B0007ZJ8TM?tag=eloabder-20&linkCode=osi&th=1&psc=1"><img src="https://m.media-amazon.com/images/I/41i49sz3UAL._SL500_.jpg" alt="Product Image"></a><p>Speedball Super Black India Ink, 2-Ounce</p><p>$9.99 ($9.99 / Count)</p><a href="https://www.amazon.com/dp/B0007ZJ8TM?tag=eloabder-20&linkCode=osi&th=1&psc=1">View Product</a></div><div class="product"><a href="https://www.amazon.com/dp/B0026I10AI?tag=eloabder-20&linkCode=osi&th=1&psc=1"><img src="https://m.media-amazon.com/images/I/31vklP4uBsL._SL500_.jpg" alt="Product Image"></a><p>Dr. Ph. Martin's Bombay India (7BY) Ink Bottle, 1.0 oz, Black</p><p>$6.99</p><a href="https://www.amazon.com/dp/B0026I10AI?tag=eloabder-20&linkCode=osi&th=1&psc=1">View Product</a></div><div class="product"><a href="https://www.amazon.com/dp/B000KNP96C?tag=eloabder-20&linkCode=osi&th=1&psc=1"><img src="https://m.media-amazon.com/images/I/51e9srYtG0L._SL500_.jpg" alt="Product Image"></a><p>Winsor & Newton Drawing Ink, 14ml Bottle, Black Indian</p><p>$10.99</p><a href="https://www.amazon.com/dp/B000KNP96C?tag=eloabder-20&linkCode=osi&th=1&psc=1">View Product</a></div><div class="product"><a href="https://www.amazon.com/dp/B07BQG5QF4?tag=eloabder-20&linkCode=osi&th=1&psc=1"><img src="https://m.media-amazon.com/images/I/41nEMDYZaiL._SL500_.jpg" alt="Product Image"></a><p>Speedball Super Black India Ink, 16-Ounce</p><p>$19.99</p><a href="https://www.amazon.com/dp/B07BQG5QF4?tag=eloabder-20&linkCode=osi&th=1&psc=1">View Product</a></div><div class="product"><a href="https://www.amazon.com/dp/B001038NLY?tag=eloabder-20&linkCode=osi&th=1&psc=1"><img src="https://m.media-amazon.com/images/I/418i4sxJJ0L._SL500_.jpg" alt="Product Image"></a><p>Speedball Fabric Screen Printing Ink, 8-Ounce, Black for T-Shirt and Silkscreen Printmaking</p><p>$12.99 ($1.62 / Fl Oz)</p><a href="https://www.amazon.com/dp/B001038NLY?tag=eloabder-20&linkCode=osi&th=1&psc=1">View Product</a></div><div class="product"><a href="https://www.amazon.com/dp/B00161OPSA?tag=eloabder-20&linkCode=osi&th=1&psc=1"><img src="https://m.media-amazon.com/images/I/41C32y3CJAL._SL500_.jpg" alt="Product Image"></a><p>Tsukineko VersaFine inkpad, Full-Size, Onyx Black</p><p>$4.99 ($4.99 / Count)</p><a href="https://www.amazon.com/dp/B00161OPSA?tag=eloabder-20&linkCode=osi&th=1&psc=1">View Product</a></div>
<div class="product"><a href="https://www.amazon.com/dp/B07Q4TJCDJ?tag=eloabder-20&linkCode=osi&th=1&psc=1"><img src="https://m.media-amazon.com/images/I/315HYvYg-BL._SL500_.jpg" alt="Product Image"></a><p>Primbeeks 300pcs Blank Business Cards, Premium Blank White Cards, 3.5" x 2.2" Small Blank Cards, Blank Cardstock Cards, Small Note Cards, white blank cards, white business cards, kraft paper cards</p><p>$7.99</p><a href="https://www.amazon.com/dp/B07Q4TJCDJ?tag=eloabder-20&linkCode=osi&th=1&psc=1">View Product</a></div><div class="product"><a href="https://www.amazon.com/dp/B0CRGHFLT8?tag=eloabder-20&linkCode=osi&th=1&psc=1"><img src="https://m.media-amazon.com/images/I/41S1NLpb8hL._SL500_.jpg" alt="Product Image"></a><p>Watercolor Cards and Envelopes Set - 50 Folded 5x7 Inch Blank Heavyweight Paper Cards (140lb/300gsm) with Matching Envelopes for DIY Greeting Cards, Festivals, and Events</p><p>$17.99 ($0.36 / Count)</p><a href="https://www.amazon.com/dp/B0CRGHFLT8?tag=eloabder-20&linkCode=osi&th=1&psc=1">View Product</a></div><div class="product"><a href="https://www.amazon.com/dp/B08MX4TZ3H?tag=eloabder-20&linkCode=osi&th=1&psc=1"><img src="https://m.media-amazon.com/images/I/41D2u4vdLQL._SL500_.jpg" alt="Product Image"></a><p>50 Pack Blank Kraft Cards Cardstock Thick Paper Brown Greeting Cards for DIY Gift Card Menus, Baby Shower and Wedding Invitations (Multicolored, 5x7IN)</p><p>$8.99</p><a href="https://www.amazon.com/dp/B08MX4TZ3H?tag=eloabder-20&linkCode=osi&th=1&psc=1">View Product</a></div><div class="product"><a href="https://www.amazon.com/dp/B08BDGGVMK?tag=eloabder-20&linkCode=osi&th=1&psc=1"><img src="https://m.media-amazon.com/images/I/41W-dTUoBqL._SL500_.jpg" alt="Product Image"></a><p>100pcs 3.54"x2" Blank Kraft Paper Business Card, Words Message Notes paper Tags, Mini Craft Cardboard Festival gifts - 6 colors</p><p>$5.98</p><a href="https://www.amazon.com/dp/B08BDGGVMK?tag=eloabder-20&linkCode=osi&th=1&psc=1">View Product</a></div><div class="product"><a href="https://www.amazon.com/dp/B08BFDJJ78?tag=eloabder-20&linkCode=osi&th=1&psc=1"><img src="https://m.media-amazon.com/images/I/61LZ1Csb+dL._SL500_.jpg" alt="Product Image"></a><p>Nettbe 100pcs 3.54"x2" Blank Kraft Paper Business Card, Words Message Notes paper Tags, Mini Craft Cardboard Festival gifts</p><p>$5.99</p><a href="https://www.amazon.com/dp/B08BFDJJ78?tag=eloabder-20&linkCode=osi&th=1&psc=1">View Product</a></div><div class="product"><a href="https://www.amazon.com/dp/B07Q8YBJM3?tag=eloabder-20&linkCode=osi&th=1&psc=1"><img src="https://m.media-amazon.com/images/I/31w6U4cCqEL._SL500_.jpg" alt="Product Image"></a><p>Primbeeks 228pcs Blank Business Cards, Premium Blank White Cards, 3.5" x 2.2" Small Blank Cards, Blank Cardstock Cards, Small Note Cards, white blank cards, white business cards, kraft paper cards</p><p>$5.99</p><a href="https://www.amazon.com/dp/B07Q8YBJM3?tag=eloabder-20&linkCode=osi&th=1&psc=1">View Product</a></div><div class="product"><a href="https://www.amazon.com/dp/B08X4Z9TGN?tag=eloabder-20&linkCode=osi&th=1&psc=1"><img src="https://m.media-amazon.com/images/I/41Jqhe35tDL._SL500_.jpg" alt="Product Image"></a><p>321Done Blank Rustic Cards, Made in USA - 4x6 Thick, Heavy Cardstock - Make Invites, Greeting, Note, Thank You Cards - Plain Kraft for Writing, Stamping, Printing, Art - No Envelopes - Set of 50</p><p>$14.99</p><a href="https://www.amazon.com/dp/B08X4Z9TGN?tag=eloabder-20&linkCode=osi&th=1&psc=1">View Product</a></div><div class="product"><a href="https://www.amazon.com/dp/B0D2KDWBNM?tag=eloabder-20&linkCode=osi&th=1&psc=1"><img src="https://m.media-amazon.com/images/I/31dAhnBJ7aL._SL500_.jpg" alt="Product Image"></a><p>4x6 Blank White Cardstock (Set of 100) - Card Stock for Printer Postcards, Photo Paper Invitations, Greeting, Note, Thank You, DIY Making, Index Cards - Plain for Writing, Stamping, Printing, Art</p><p>$8.99</p><a href="https://www.amazon.com/dp/B0D2KDWBNM?tag=eloabder-20&linkCode=osi&th=1&psc=1">View Product</a></div><div class="product"><a href="https://www.amazon.com/dp/B0BB858RYN?tag=eloabder-20&linkCode=osi&th=1&psc=1"><img src="https://m.media-amazon.com/images/I/317zmriPKNL._SL500_.jpg" alt="Product Image"></a><p>WANDERINGS Handmade White Deckle Edge Blank Greeting Cards- Folded to 5x7” - Pack of 25 - Writers, Artists, Crafters - Thank Yous, Invitations, Menus, Greeting Cards, Notes - Thick 150 GSM</p><p>$21.99 ($0.88 / Count)</p><a href="https://www.amazon.com/dp/B0BB858RYN?tag=eloabder-20&linkCode=osi&th=1&psc=1">View Product</a></div><div class="product"><a href="https://www.amazon.com/dp/B0BZPPXRZW?tag=eloabder-20&linkCode=osi&th=1&psc=1"><img src="https://m.media-amazon.com/images/I/21Da-WQhrpL._SL500_.jpg" alt="Product Image"></a><p>100 Pack Thick Paper Cardstock Blank Heavy Cards Stock for Invitations, Greeting Cards Making, Postcards, Photos, 250GSM Thick Paper (White, 2x3.5 inches)</p><p>$5.99</p><a href="https://www.amazon.com/dp/B0BZPPXRZW?tag=eloabder-20&linkCode=osi&th=1&psc=1">View Product</a></div>
<div class="product"><a href="https://www.amazon.com/dp/B0BZRDQKH6?tag=eloabder-20&linkCode=osi&th=1&psc=1"><img src="https://m.media-amazon.com/images/I/41GYYRiusgL._SL500_.jpg" alt="Product Image"></a><p>feela 8 Pack Unlined Kraft Paper Notebooks, Blank Journal Note Pad for Drawing Writing, Small Sketchbook Travel Journal Bulk for Women Kids Students Office School Supplies, A5, 60 Pages, 8.3” X 5.5”</p><p>$9.99</p><a href="https://www.amazon.com/dp/B0BZRDQKH6?tag=eloabder-20&linkCode=osi&th=1&psc=1">View Product</a></div><div class="product"><a href="https://www.amazon.com/dp/B0BXLB74KK?tag=eloabder-20&linkCode=osi&th=1&psc=1"><img src="https://m.media-amazon.com/images/I/313vYzg7HpL._SL500_.jpg" alt="Product Image"></a><p>ZZTX 4 Pack Blank Kraft Notebooks, Blank Paper Sketchbooks for Drawing Doodling Writing,Travel Journal Set, A5, 36 Pages, 8.3” X 5.5”</p><p>$5.99</p><a href="https://www.amazon.com/dp/B0BXLB74KK?tag=eloabder-20&linkCode=osi&th=1&psc=1">View Product</a></div><div class="product"><a href="https://www.amazon.com/dp/B0BW5TNPXJ?tag=eloabder-20&linkCode=osi&th=1&psc=1"><img src="https://m.media-amazon.com/images/I/31Wu8UP78iL._SL500_.jpg" alt="Product Image"></a><p>EOOUT Kraft Notebooks, Blank Page Journals in Bulk, 16pcs A5, 8.3 X 5.5 Inches, 60 Pages, 80gsm, Travel Journal Set, for Art Camp, Travelers, Students and Office Supplies Sketchbooks Bulk for Kids</p><p>$15.99</p><a href="https://www.amazon.com/dp/B0BW5TNPXJ?tag=eloabder-20&linkCode=osi&th=1&psc=1">View Product</a></div><div class="product"><a href="https://www.amazon.com/dp/B08P3F46SD?tag=eloabder-20&linkCode=osi&th=1&psc=1"><img src="https://m.media-amazon.com/images/I/41jeBDcZJ1L._SL500_.jpg" alt="Product Image"></a><p>Krafty Soft Cover Blank Notebook Journal, Spiral Sketchbook Pad, Drawing Book, 60 Sheets/140gsm (A4)/120 Pages</p><p>$7.99</p><a href="https://www.amazon.com/dp/B08P3F46SD?tag=eloabder-20&linkCode=osi&th=1&psc=1">View Product</a></div><div class="product"><a href="https://www.amazon.com/dp/B0CWNPMC4T?tag=eloabder-20&linkCode=osi&th=1&psc=1"><img src="https://m.media-amazon.com/images/I/31BZeVGe6TL._SL500_.jpg" alt="Product Image"></a><p>zmybcpack 5 Pack Blank Journal Notebooks, Blank Paper Sketchbook for Drawing Writing, Travel Journal Notebook Kraft Paper Notebook for Travelers, Students, Office, A5, 8.26” x 5.5”, 60 Pages/30 Sheets</p><p>$8.99</p><a href="https://www.amazon.com/dp/B0CWNPMC4T?tag=eloabder-20&linkCode=osi&th=1&psc=1">View Product</a></div><div class="product"><a href="https://www.amazon.com/dp/B07WHYP9WN?tag=eloabder-20&linkCode=osi&th=1&psc=1"><img src="https://m.media-amazon.com/images/I/41ZhyCux1yL._SL500_.jpg" alt="Product Image"></a><p>Thick Blank Journal Notebook with Unlined / Unruled / Plain Pages | Deluxe 120gsm Ink Resistant Paper for Writing, Sketch Book, 160 Pages | Hardcover Sketchbook with Pen Holder, Pocket, Ribbon (Black)</p><p>$14.99</p><a href="https://www.amazon.com/dp/B07WHYP9WN?tag=eloabder-20&linkCode=osi&th=1&psc=1">View Product</a></div>
<div class="product"><a href="https://www.amazon.com/dp/B07MT7HKZW?tag=eloabder-20&linkCode=osi&th=1&psc=1"><img src="https://m.media-amazon.com/images/I/413JwH5JREL._SL500_.jpg" alt="Product Image"></a><p>Spiral Sketch Book Large Notebook（Built-in Drawing Board） Kraft Cover Blank Sketch Pad Wirebound Sketching for Drawing Painting 8.5x11-Inch (2 Pack) 200 Sheets, 100 Sheets, 200Pages Each</p><p>$17.99 ($9.00 / Count)</p><a href="https://www.amazon.com/dp/B07MT7HKZW?tag=eloabder-20&linkCode=osi&th=1&psc=1">View Product</a></div><div class="product"><a href="https://www.amazon.com/dp/B0BDQ82WB9?tag=eloabder-20&linkCode=osi&th=1&psc=1"><img src="https://m.media-amazon.com/images/I/51FoWr3GPwL._SL500_.jpg" alt="Product Image"></a><p>feela 170 Pack Blank Kraft Notebooks, Unlined Sketchbook Mini Cute Note Pad for Drawing Writing, Journal Bulk For Kids Students Office School Supplies, A6, 48 Pages, 4.25” X 5.5”, Black and Brown</p><p>$51.99</p><a href="https://www.amazon.com/dp/B0BDQ82WB9?tag=eloabder-20&linkCode=osi&th=1&psc=1">View Product</a></div><div class="product"><a href="https://www.amazon.com/dp/B0B3WWHWT2?tag=eloabder-20&linkCode=osi&th=1&psc=1"><img src="https://m.media-amazon.com/images/I/31m0FzXtPxL._SL500_.jpg" alt="Product Image"></a><p>Tamaki 6 Pack Colorful Blank Books for kids to Write, Drawing, Cute Sketchbook for Kid, 6 Colors (4.25 x 5.5 Inches)</p><p>$6.99</p><a href="https://www.amazon.com/dp/B0B3WWHWT2?tag=eloabder-20&linkCode=osi&th=1&psc=1">View Product</a></div>
<div class="product"><a href="https://www.amazon.com/dp/B0BGH2P9M6?tag=eloabder-20&linkCode=osi&th=1&psc=1"><img src="https://m.media-amazon.com/images/I/41ozOaYoHEL._SL500_.jpg" alt="Product Image"></a><p>EOOUT 100pcs A5 Kraft Notebooks, Blank Page Journals in Bulk, Sketchbooks Bulk for Kids, 60 Pages, 80GSM, 8.3 X 5.5 Inch, Travel Journal Set, for Art Camp, Travelers, Students and Office Supplies</p><p>$51.99</p><a href="https://www.amazon.com/dp/B0BGH2P9M6?tag=eloabder-20&linkCode=osi&th=1&psc=1">View Product</a></div><div class="product"><a href="https://www.amazon.com/dp/B07MT99F94?tag=eloabder-20&linkCode=osi&th=1&psc=1"><img src="https://m.media-amazon.com/images/I/41Ug7gpSWDL._SL500_.jpg" alt="Product Image"></a><p>Spiral Sketch Book Large Notebook（Built-in Drawing Board） Kraft Cover Blank Sketch Pad Wirebound Sketching for Drawing Painting 8.5x11-Inch (1 Pack) 200 Pages, 100 Sheets</p><p>$9.99</p><a href="https://www.amazon.com/dp/B07MT99F94?tag=eloabder-20&linkCode=osi&th=1&psc=1">View Product</a></div><div class="product"><a href="https://www.amazon.com/dp/B07CM32KLM?tag=eloabder-20&linkCode=osi&th=1&psc=1"><img src="https://m.media-amazon.com/images/I/41ENhBLE9DL._SL500_.jpg" alt="Product Image"></a><p>Kraft Cover Drawing Notebook & Sketchbook – Set of 2 Blank Plain Sketch Books – 125g Thick Paper A5 Size, 150x210mm Paper Ideal for Drawing & Sketching- 128 sheets/256 pages – 180 Degree Opening, 2pcs</p><p>$20.99 ($0.08 / Count)</p><a href="https://www.amazon.com/dp/B07CM32KLM?tag=eloabder-20&linkCode=osi&th=1&psc=1">View Product</a></div><div class="product"><a href="https://www.amazon.com/dp/B08ZLMLF7C?tag=eloabder-20&linkCode=osi&th=1&psc=1"><img src="https://m.media-amazon.com/images/I/41X-5yj83vL._SL500_.jpg" alt="Product Image"></a><p>BEECHMORE BOOKS Sketch Book, A4 8.5 x 11.5 inch Blank Sketchbook for Drawing, Paint and Draw, 156 Pages Thick Paper 160gsm, Hardcover Leather Art Notebook, Boxed for Gifts (Chestnut Brown)</p><p>$21.20</p><a href="https://www.amazon.com/dp/B08ZLMLF7C?tag=eloabder-20&linkCode=osi&th=1&psc=1">View Product</a></div>
<div class="product"><a href="https://www.amazon.com/dp/B075M9MSFH?tag=eloabder-20&linkCode=osi&th=1&psc=1"><img src="https://m.media-amazon.com/images/I/51x+szTX6TL._SL500_.jpg" alt="Product Image"></a><p>Bianyo Bleedproof Marker Paper Pad, A4(8.27"X11.69"), 50 Sheets, 18 LB / 70 GSM, Glue-Bound, 100% Cotton, White, Ideal for Use with Markers and Ink Mediums</p><p>$9.99</p><a href="https://www.amazon.com/dp/B075M9MSFH?tag=eloabder-20&linkCode=osi&th=1&psc=1">View Product</a></div><div class="product"><a href="https://www.amazon.com/dp/B08FX5S2NL?tag=eloabder-20&linkCode=osi&th=1&psc=1"><img src="https://m.media-amazon.com/images/I/41CA0ZfazKL._SL500_.jpg" alt="Product Image"></a><p>Marker Paper Sketchbook, Bleedproof Art Marker Pad, (8.27 X 11.69) Inch, White, 40 Sheets</p><p>$6.99</p><a href="https://www.amazon.com/dp/B08FX5S2NL?tag=eloabder-20&linkCode=osi&th=1&psc=1">View Product</a></div><div class="product"><a href="https://www.amazon.com/dp/B0CJRBFSJ8?tag=eloabder-20&linkCode=osi&th=1&psc=1"><img src="https://m.media-amazon.com/images/I/51DLA8TpwEL._SL500_.jpg" alt="Product Image"></a><p>Shuttle Art Marker Pad, 8.3”x8.9” Portable Square Sketchbook, 80 Sheets Marker Drawing Paper, 120LB/200GSM Bleedproof Art Paper, Spiral-Bound, Great for Professional Artist to Draw, Paint & Sketch</p><p>$16.99</p><a href="https://www.amazon.com/dp/B0CJRBFSJ8?tag=eloabder-20&linkCode=osi&th=1&psc=1">View Product</a></div><div class="product"><a href="https://www.amazon.com/dp/B09N7VX5Z5?tag=eloabder-20&linkCode=osi&th=1&psc=1"><img src="https://m.media-amazon.com/images/I/51xCPs9HZyL._SL500_.jpg" alt="Product Image"></a><p>Marker Paper Sketchbook - Marker Sketchbook with Bleedproof Smooth Coated Art Paper, 120 GSM 80 LBS - Marker Pad for Alcohol Markers, Sketching, Drawing - 8.11 x 8.5 Inch | 50 Sheets, 2 Pack</p><p>$15.99 ($8.00 / Count)</p><a href="https://www.amazon.com/dp/B09N7VX5Z5?tag=eloabder-20&linkCode=osi&th=1&psc=1">View Product</a></div><div class="product"><a href="https://www.amazon.com/dp/B07CK94W9T?tag=eloabder-20&linkCode=osi&th=1&psc=1"><img src="https://m.media-amazon.com/images/I/41ocoSNDjdL._SL500_.jpg" alt="Product Image"></a><p>BOXUN Premium 50 Sheets Sketch Marker Paper Pad, Bleedproof Artist Drawing Paper, 8.27 x 11.69 Inch</p><p>$8.29 ($0.17 / Count)</p><a href="https://www.amazon.com/dp/B07CK94W9T?tag=eloabder-20&linkCode=osi&th=1&psc=1">View Product</a></div><div class="product"><a href="https://www.amazon.com/dp/B0CPXWD11W?tag=eloabder-20&linkCode=osi&th=1&psc=1"><img src="https://m.media-amazon.com/images/I/51ApKzpDVNL._SL500_.jpg" alt="Product Image"></a><p>FEITAKE Marker Paper Pad Sketchbook Bleedproof for Alcohol Markers 120lb/200gsm Double Sided Thick Art Drawing Papers 60pages (30Sheets) / A4(8.3"x11.7") Gift for Artists Students Kids</p><p>$13.99 ($0.47 / Count)</p><a href="https://www.amazon.com/dp/B0CPXWD11W?tag=eloabder-20&linkCode=osi&th=1&psc=1">View Product</a></div><div class="product"><a href="https://www.amazon.com/dp/B0025TWYW6?tag=eloabder-20&linkCode=osi&th=1&psc=1"><img src="https://m.media-amazon.com/images/I/51t6UkUHCvL._SL500_.jpg" alt="Product Image"></a><p>Bee Paper Bleedproof Marker Pack, 8-1/2-Inch by 11-Inch, 50 Sheets per Pack</p><p>$17.09 ($0.34 / Count)</p><a href="https://www.amazon.com/dp/B0025TWYW6?tag=eloabder-20&linkCode=osi&th=1&psc=1">View Product</a></div><div class="product"><a href="https://www.amazon.com/dp/B0CJRBYYQB?tag=eloabder-20&linkCode=osi&th=1&psc=1"><img src="https://m.media-amazon.com/images/I/41knBnjZ25L._SL500_.jpg" alt="Product Image"></a><p>Shuttle Art Marker Pad, 8.3”x7.67” Portable Square Sketchbook, 50 Sheets Marker Drawing Paper, 60LB/90GSM Smooth Surface Bleedproof Art Paper, Glue-Bound, Great for Beginners to Draw, Paint & Sketch</p><p>$8.99 ($0.18 / Count)</p><a href="https://www.amazon.com/dp/B0CJRBYYQB?tag=eloabder-20&linkCode=osi&th=1&psc=1">View Product</a></div>
<div class="product"><a href="https://www.amazon.com/dp/B00881IU8M?tag=eloabder-20&linkCode=osi&th=1&psc=1"><img src="https://m.media-amazon.com/images/I/41hbSgdLBtL._SL500_.jpg" alt="Product Image"></a><p>Speedball Fabric & Paper Block Printing Ink 6-Color Set, 1.25-Ounce x 6</p><p>$28.99 ($28.99 / Count)</p><a href="https://www.amazon.com/dp/B00881IU8M?tag=eloabder-20&linkCode=osi&th=1&psc=1">View Product</a></div><div class="product"><a href="https://www.amazon.com/dp/B000J09PFM?tag=eloabder-20&linkCode=osi&th=1&psc=1"><img src="https://m.media-amazon.com/images/I/51yPRc4nvoL._SL500_.jpg" alt="Product Image"></a><p>Speedball Water-Soluble Block Printing Ink Starter Set, 6 Bold Colors with Satin Finish, 1.25-Ounce Tubes</p><p>$29.99 ($4.00 / Fl Oz)</p><a href="https://www.amazon.com/dp/B000J09PFM?tag=eloabder-20&linkCode=osi&th=1&psc=1">View Product</a></div><div class="product"><a href="https://www.amazon.com/dp/B000BYT24U?tag=eloabder-20&linkCode=osi&th=1&psc=1"><img src="https://m.media-amazon.com/images/I/51pDlo+LlKL._SL500_.jpg" alt="Product Image"></a><p>Speedball Water-Soluble Block Printing Ink, 8-Ounce Jar, Black</p><p>$14.49</p><a href="https://www.amazon.com/dp/B000BYT24U?tag=eloabder-20&linkCode=osi&th=1&psc=1">View Product</a></div><div class="product"><a href="https://www.amazon.com/dp/B00C1JUJWW?tag=eloabder-20&linkCode=osi&th=1&psc=1"><img src="https://m.media-amazon.com/images/I/41zDtJ6f5hL._SL500_.jpg" alt="Product Image"></a><p>Speedball Fabric Block Printing Ink, 2.5-Ounce, Black</p><p>$9.99 ($4.00 / Fl Oz)</p><a href="https://www.amazon.com/dp/B00C1JUJWW?tag=eloabder-20&linkCode=osi&th=1&psc=1">View Product</a></div><div class="product"><a href="https://www.amazon.com/dp/B004PZ1ZJG?tag=eloabder-20&linkCode=osi&th=1&psc=1"><img src="https://m.media-amazon.com/images/I/41+GkhhpR5L._SL500_.jpg" alt="Product Image"></a><p>Speedball Water-Soluble Block Printing Ink Starter Set, 4-Color Set, 1.25-Ounce Tubes</p><p>$20.99</p><a href="https://www.amazon.com/dp/B004PZ1ZJG?tag=eloabder-20&linkCode=osi&th=1&psc=1">View Product</a></div><div class="product"><a href="https://www.amazon.com/dp/B0017CZF3C?tag=eloabder-20&linkCode=osi&th=1&psc=1"><img src="https://m.media-amazon.com/images/I/41S17SYPAZL._SL500_.jpg" alt="Product Image"></a><p>Speedball Water Soluble Block Printing Ink, Black, 2-1/2 Ounces - 380663</p><p>$9.99</p><a href="https://www.amazon.com/dp/B0017CZF3C?tag=eloabder-20&linkCode=osi&th=1&psc=1">View Product</a></div><div class="product"><a href="https://www.amazon.com/dp/B0BXNX8FSH?tag=eloabder-20&linkCode=osi&th=1&psc=1"><img src="https://m.media-amazon.com/images/I/51JGm1VxVOL._SL500_.jpg" alt="Product Image"></a><p>Falling in Art Water-Soluble Block Printing Ink, 6-Color Printmaking Ink Set for Linoleum Block, 3.5 floz</p><p>$28.99</p><a href="https://www.amazon.com/dp/B0BXNX8FSH?tag=eloabder-20&linkCode=osi&th=1&psc=1">View Product</a></div><div class="product"><a href="https://www.amazon.com/dp/B0027ACJBO?tag=eloabder-20&linkCode=osi&th=1&psc=1"><img src="https://m.media-amazon.com/images/I/41OzayB9ojL._SL500_.jpg" alt="Product Image"></a><p>Speedball 3476 Oil-Based Block Printing Ink Starter Set for Professional, Permanent Prints AP Certified – 1.25 FL OZ Tubes</p><p>$33.99</p><a href="https://www.amazon.com/dp/B0027ACJBO?tag=eloabder-20&linkCode=osi&th=1&psc=1">View Product</a></div>
<div class="product"><a href="https://www.amazon.com/dp/B0027AGDWK?tag=eloabder-20&linkCode=osi&th=1&psc=1"><img src="https://m.media-amazon.com/images/I/515LDer6GPL._SL500_.jpg" alt="Product Image"></a><p>Speedball Deluxe Block Printing Kit - Includes Inks, Brayer, Bench Hook, Lino Handle and Cutters, Speedy-Carve Block, Mounted Linoleum Block</p><p>$59.99</p><a href="https://www.amazon.com/dp/B0027AGDWK?tag=eloabder-20&linkCode=osi&th=1&psc=1">View Product</a></div><div class="product"><a href="https://www.amazon.com/dp/B07ZJBZN5S?tag=eloabder-20&linkCode=osi&th=1&psc=1"><img src="https://m.media-amazon.com/images/I/41UbN58y9uS._SL500_.jpg" alt="Product Image"></a><p>SGHUO 12pcs 4"x6" Pink Rubber Carving Blocks Linoleum Block Stamp Making Kit</p><p>$22.99 ($1.92 / Count)</p><a href="https://www.amazon.com/dp/B07ZJBZN5S?tag=eloabder-20&linkCode=osi&th=1&psc=1">View Product</a></div>
<div class="product"><a href="https://www.amazon.com/dp/B00L2DYUM8?tag=eloabder-20&linkCode=osi&th=1&psc=1"><img src="https://m.media-amazon.com/images/I/51l5FZ0+5AL._SL500_.jpg" alt="Product Image"></a><p>Strathmore 300 Series Printmaking Paper Pad, Glue Bound, 5x7 inches, 40 Sheets (120g) - Artist Paper for Adults and Students - Block Printing, Linocut, Screen Printing, White</p><p>$7.26</p><a href="https://www.amazon.com/dp/B00L2DYUM8?tag=eloabder-20&linkCode=osi&th=1&psc=1">View Product</a></div><div class="product"><a href="https://www.amazon.com/dp/B07BSYS5XC?tag=eloabder-20&linkCode=osi&th=1&psc=1"><img src="https://m.media-amazon.com/images/I/51Uwfq0jv+L._SL500_.jpg" alt="Product Image"></a><p>Ucreate Printmaking Paper, 9"x12", White, 100 Sheet, P9001</p><p>$9.79</p><a href="https://www.amazon.com/dp/B07BSYS5XC?tag=eloabder-20&linkCode=osi&th=1&psc=1">View Product</a></div><div class="product"><a href="https://www.amazon.com/dp/B00K5562WA?tag=eloabder-20&linkCode=osi&th=1&psc=1"><img src="https://m.media-amazon.com/images/I/51Dm+TeJGdL._SL500_.jpg" alt="Product Image"></a><p>Strathmore Printmaking Paper Pad 8"X10"-20 Sheets -62433800, White</p><p>$10.19</p><a href="https://www.amazon.com/dp/B00K5562WA?tag=eloabder-20&linkCode=osi&th=1&psc=1">View Product</a></div><div class="product"><a href="https://www.amazon.com/dp/B001DNH8I0?tag=eloabder-20&linkCode=osi&th=1&psc=1"><img src="https://m.media-amazon.com/images/I/51UzoKdUojL._SL500_.jpg" alt="Product Image"></a><p>Black Ink 9-Inch by 12-Inch Bleached Mulberry Block Printing Paper, 25-Pack</p><p>$19.35 ($0.77 / Count)</p><a href="https://www.amazon.com/dp/B001DNH8I0?tag=eloabder-20&linkCode=osi&th=1&psc=1">View Product</a></div><div class="product"><a href="https://www.amazon.com/dp/B00C6G6L5Y?tag=eloabder-20&linkCode=osi&th=1&psc=1"><img src="https://m.media-amazon.com/images/I/5103h0Rm8sL._SL500_.jpg" alt="Product Image"></a><p>Black Ink Thai Mulberry Block Printing Paper Packs small assorted colors</p><p>$21.99</p><a href="https://www.amazon.com/dp/B00C6G6L5Y?tag=eloabder-20&linkCode=osi&th=1&psc=1">View Product</a></div>
<div class="product"><a href="https://www.amazon.com/dp/B003IG27OK?tag=eloabder-20&linkCode=osi&th=1&psc=1"><img src="https://m.media-amazon.com/images/I/416NUaYo1DL._SL500_.jpg" alt="Product Image"></a><p>Speedball Block Printing Baren - Comfortable Wooden Handle, Made in the USA - 4 Inches</p><p>$29.49</p><a href="https://www.amazon.com/dp/B003IG27OK?tag=eloabder-20&linkCode=osi&th=1&psc=1">View Product</a></div>
<div class="product"><a href="https://www.amazon.com/dp/B0CMZYY8CJ?tag=eloabder-20&linkCode=osi&th=1&psc=1"><img src="https://m.media-amazon.com/images/I/41TifSIP7SL._SL500_.jpg" alt="Product Image"></a><p>Ecoofor Blotting Paper for Flower Press, 20 Sheets Highly Absorbent and Reusable Blotter Paper for Flower Press Paper Craft 9 x 9 inch</p><p>$9.99</p><a href="https://www.amazon.com/dp/B0CMZYY8CJ?tag=eloabder-20&linkCode=osi&th=1&psc=1">View Product</a></div><div class="product"><a href="https://www.amazon.com/dp/B0CYRT3RM4?tag=eloabder-20&linkCode=osi&th=1&psc=1"><img src="https://m.media-amazon.com/images/I/31+qvVq3giL._SL500_.jpg" alt="Product Image"></a><p>Hygge & Sage Premium Natural Fiber Blotting Paper for Flower Press Art; 20 Large Sheets for a Press up to 8x11 Inches; Absorbent, Versatile, and Acid-Free Reusable Blotter Paper for Flower Pressing</p><p>$9.50 ($0.48 / Count)</p><a href="https://www.amazon.com/dp/B0CYRT3RM4?tag=eloabder-20&linkCode=osi&th=1&psc=1">View Product</a></div><div class="product"><a href="https://www.amazon.com/dp/B0D41GDLHM?tag=eloabder-20&linkCode=osi&th=1&psc=1"><img src="https://m.media-amazon.com/images/I/41LIF5dHXaL._SL500_.jpg" alt="Product Image"></a><p>Aboofx 20 Sheets Blotting Paper for Flower Press, 15" x 10" Extra Large Highly Absorbent Blotter Paper for Flower Press Reusable Herbarium Paper Craft Blotter Paper Sheets</p><p>$19.99</p><a href="https://www.amazon.com/dp/B0D41GDLHM?tag=eloabder-20&linkCode=osi&th=1&psc=1">View Product</a></div><div class="product"><a href="https://www.amazon.com/dp/B0CQMMYSBR?tag=eloabder-20&linkCode=osi&th=1&psc=1"><img src="https://m.media-amazon.com/images/I/413SlUi6IDL._SL500_.jpg" alt="Product Image"></a><p>Wisreach Blotting Paper for Flower Press, 20 Sheets Flower Press Paper Highly Absorbent and Reusable Blotter Paper for Flower Art A4 Size 8.26 x 11.4 inch</p><p>$9.99</p><a href="https://www.amazon.com/dp/B0CQMMYSBR?tag=eloabder-20&linkCode=osi&th=1&psc=1">View Product</a></div><div class="product"><a href="https://www.amazon.com/dp/B093FQ22PG?tag=eloabder-20&linkCode=osi&th=1&psc=1"><img src="https://m.media-amazon.com/images/I/41B2jXhe+QL._SL500_.jpg" alt="Product Image"></a><p>Blotting Paper for Flower Press by Berstuk® • Large A4 Flower Press Paper • Highly Absorbent and Reusable Herbarium Paper • Pack of 10 Blotter Paper Sheets</p><p>$6.99 ($69.90 / 100 Sheets)</p><a href="https://www.amazon.com/dp/B093FQ22PG?tag=eloabder-20&linkCode=osi&th=1&psc=1">View Product</a></div><div class="product"><a href="https://www.amazon.com/dp/B0C6PW4VGB?tag=eloabder-20&linkCode=osi&th=1&psc=1"><img src="https://m.media-amazon.com/images/I/21C64VB3iVL._SL500_.jpg" alt="Product Image"></a><p>PATIKIL 16"x12" Flower Press Paper, 1 Set/30 Sheet Refill Lining Blotter Paper Absorbent Reusable Blotting Paper for DIY Art Handicraft Scrapbook</p><p>$11.19</p><a href="https://www.amazon.com/dp/B0C6PW4VGB?tag=eloabder-20&linkCode=osi&th=1&psc=1">View Product</a></div><div class="product"><a href="https://www.amazon.com/dp/B0C6PTK915?tag=eloabder-20&linkCode=osi&th=1&psc=1"><img src="https://m.media-amazon.com/images/I/21UviFCGjtL._SL500_.jpg" alt="Product Image"></a><p>PATIKIL 12"x8" Flower Press Paper, 2 Set/60 Sheet Refill Lining Blotter Paper Absorbent Reusable Blotting Paper for DIY Art Handicraft Scrapbook</p><p>$13.69</p><a href="https://www.amazon.com/dp/B0C6PTK915?tag=eloabder-20&linkCode=osi&th=1&psc=1">View Product</a></div><div class="product"><a href="https://www.amazon.com/dp/B0CDJZ4MD7?tag=eloabder-20&linkCode=osi&th=1&psc=1"><img src="https://m.media-amazon.com/images/I/41iwkW+QQOL._SL500_.jpg" alt="Product Image"></a><p>30 PCS Blotting Paper for Flower Press Large A4 Flower Press Paper Highly Absorbent and Reusable Blotter Paper Refill Lining Paper for Flower Press Art Craft Scrapbook Making, 11.8 x 7.9 Inches Blue</p><p>$9.99</p><a href="https://www.amazon.com/dp/B0CDJZ4MD7?tag=eloabder-20&linkCode=osi&th=1&psc=1">View Product</a></div>

<div class="product"><a href="https://www.amazon.com/dp/B0D2T4F1DZ?tag=eloabder-20&linkCode=osi&th=1&psc=1"><img src="https://m.media-amazon.com/images/I/41KNcatyBWL._SL500_.jpg" alt="Product Image"></a><p>10pcs Book Cloth,14”x10”,Fabric Surface and Paper Backed, book cloth for book binding,book binding fabric,5 Colors Bookbinding Cloth for DIY fabric book cover,bookbinding paper (Style B)</p><p>$9.99</p><a href="https://www.amazon.com/dp/B0D2T4F1DZ?tag=eloabder-20&linkCode=osi&th=1&psc=1">View Product</a></div><div class="product"><a href="https://www.amazon.com/dp/B0CMD2LWR8?tag=eloabder-20&linkCode=osi&th=1&psc=1"><img src="https://m.media-amazon.com/images/I/31QVUZVSB+L._SL500_.jpg" alt="Product Image"></a><p>Mozeat Lens 33 ft Bookbinding Tape Book Tape Repair Book Binding Tape Cloth Book Repair Kit 2 Inch Wide Book Spine Tape Cloth Bookbinding Repair Tape White Book Tape for Reinforcing Book Spine Tape</p><p>$7.99</p><a href="https://www.amazon.com/dp/B0CMD2LWR8?tag=eloabder-20&linkCode=osi&th=1&psc=1">View Product</a></div><div class="product"><a href="https://www.amazon.com/dp/B0D1KC168C?tag=eloabder-20&linkCode=osi&th=1&psc=1"><img src="https://m.media-amazon.com/images/I/31wWgk-1V4L._SL500_.jpg" alt="Product Image"></a><p>AKONEGE Book Cloth for Book Binding 35 x 16 Inch Fabric Surface and Paper Backed, Strong, Easy to Use, Fabric Materials Bookbinding Supplies Bookcloth for Scrapbooking Album DIY Crafts, Black</p><p>$9.99</p><a href="https://www.amazon.com/dp/B0D1KC168C?tag=eloabder-20&linkCode=osi&th=1&psc=1">View Product</a></div><div class="product"><a href="https://www.amazon.com/dp/B0BC48CCWW?tag=eloabder-20&linkCode=osi&th=1&psc=1"><img src="https://m.media-amazon.com/images/I/41vTc+L-XyL._SL500_.jpg" alt="Product Image"></a><p>Wooqu Book Cloth, Fabric Surface and Paper Backed, Easy to Use, Strong, 17x29”, for Book Binding, Dark Green</p><p>$13.99</p><a href="https://www.amazon.com/dp/B0BC48CCWW?tag=eloabder-20&linkCode=osi&th=1&psc=1">View Product</a></div><div class="product"><a href="https://www.amazon.com/dp/B00W3S7LU4?tag=eloabder-20&linkCode=osi&th=1&psc=1"><img src="https://m.media-amazon.com/images/I/41mUL1LmSHS._SL500_.jpg" alt="Product Image"></a><p>BookGuard 2 inch Premium Bookbinding Repair Cloth Tape, 15 Yard Roll Burgundy</p><p>$14.95</p><a href="https://www.amazon.com/dp/B00W3S7LU4?tag=eloabder-20&linkCode=osi&th=1&psc=1">View Product</a></div>

<div class="product"><a href="https://www.amazon.com/dp/B08217DGL7?tag=eloabder-20&linkCode=osi&th=1&psc=1"><img src="https://m.media-amazon.com/images/I/51Gy-qfph7L._SL500_.jpg" alt="Product Image"></a><p>24 Colors Waxed Thread, Leather Sewing Thread,Hand Stitching Thread for Hand Sewing Leather and Bookbinding, 13Yards Per Color</p><p>$11.99 ($0.01 / Foot)</p><a href="https://www.amazon.com/dp/B08217DGL7?tag=eloabder-20&linkCode=osi&th=1&psc=1">View Product</a></div><div class="product"><a href="https://www.amazon.com/dp/B08GCHJ3FP?tag=eloabder-20&linkCode=osi&th=1&psc=1"><img src="https://m.media-amazon.com/images/I/41TK-XNxTFL._SL500_.jpg" alt="Product Image"></a><p>FANDOL 100% Natural Linen Thread Waxed thread for Bookbingding, Leather Sewing, Beading or Macrame (Natural)</p><p>$14.98</p><a href="https://www.amazon.com/dp/B08GCHJ3FP?tag=eloabder-20&linkCode=osi&th=1&psc=1">View Product</a></div><div class="product"><a href="https://www.amazon.com/dp/B0025U108E?tag=eloabder-20&linkCode=osi&th=1&psc=1"><img src="https://m.media-amazon.com/images/I/4172yrURiVL._SL500_.jpg" alt="Product Image"></a><p>Books by Hand Linen Thread, Archival Quality Natural Unbleached and Unwaxed, 50 Yards 35/3 Gauge, Ideal for Bookbinding and Sewing Signatures</p><p>$9.47</p><a href="https://www.amazon.com/dp/B0025U108E?tag=eloabder-20&linkCode=osi&th=1&psc=1">View Product</a></div><div class="product"><a href="https://www.amazon.com/dp/B08S78KLRN?tag=eloabder-20&linkCode=osi&th=1&psc=1"><img src="https://m.media-amazon.com/images/I/413NGMtJdrL._SL500_.jpg" alt="Product Image"></a><p>Jupean Waxed Thread, 150m /164Yards Beige Leather Waxed Thread, Leather Sewing Thread, Hand Stitching Thread for Hand Sewing Leather, Bookbinding, and Beginners Leather Craft DIY</p><p>$6.49 ($0.01 / Foot)</p><a href="https://www.amazon.com/dp/B08S78KLRN?tag=eloabder-20&linkCode=osi&th=1&psc=1">View Product</a></div><div class="product"><a href="https://www.amazon.com/dp/B015D9E6UM?tag=eloabder-20&linkCode=osi&th=1&psc=1"><img src="https://m.media-amazon.com/images/I/51VnWPI+Q5L._SL500_.jpg" alt="Product Image"></a><p>Lineco, Natural Waxed Linen Thread 20 Yards, Books by Hand Natural, Black, Brown Color for Sewing, Bookbinding (3/Pkg)</p><p>$13.77</p><a href="https://www.amazon.com/dp/B015D9E6UM?tag=eloabder-20&linkCode=osi&th=1&psc=1">View Product</a></div>
<div class="product"><a href="https://www.amazon.com/dp/B0CMD53C1C?tag=eloabder-20&linkCode=osi&th=1&psc=1"><img src="https://m.media-amazon.com/images/I/31dU4wqS0rL._SL500_.jpg" alt="Product Image"></a><p>5-in-1 Bookbinding Kit,Book Cover Guide, Bookbinding Cover Tool, Stainless Steel Book Binding Kit, Bookbinding Ruler, Scrapbooking Tools for Making Book Cover Chipboard Covers Album Planner</p><p>$7.88</p><a href="https://www.amazon.com/dp/B0CMD53C1C?tag=eloabder-20&linkCode=osi&th=1&psc=1">View Product</a></div>

<div class="product"><a href="https://www.amazon.com/dp/B0D3HPD7WP?tag=eloabder-20&linkCode=osi&th=1&psc=1"><img src="https://m.media-amazon.com/images/I/31KSmmAWUWL._SL500_.jpg" alt="Product Image"></a><p>50 Sheets Grey Cardstock Paper, Colored Printer Paper 8.5 x 11, Thick Construction Paper for Cards Making, Scrapbook，Office Printing, Invitations, Certificates，DIY Crafting 92 lb/250gsm</p><p>$9.99</p><a href="https://www.amazon.com/dp/B0D3HPD7WP?tag=eloabder-20&linkCode=osi&th=1&psc=1">View Product</a></div>
<div class="product"><a href="https://www.amazon.com/dp/B076CP6F36?tag=eloabder-20&linkCode=osi&th=1&psc=1"><img src="https://m.media-amazon.com/images/I/51rfEIvgI+L._SL500_.jpg" alt="Product Image"></a><p>Apple Barrel, Vibrant Spectrum Collection Acrylic Craft Paint, PROMOABIII, 2 fl oz each, 16 assorted matte colors, 16 count</p><p>$15.97 ($0.50 / Fl Oz)</p><a href="https://www.amazon.com/dp/B076CP6F36?tag=eloabder-20&linkCode=osi&th=1&psc=1">View Product</a></div><div class="product"><a href="https://www.amazon.com/dp/B0BKFLSYQF?tag=eloabder-20&linkCode=osi&th=1&psc=1"><img src="https://m.media-amazon.com/images/I/51a0PmPRknL._SL500_.jpg" alt="Product Image"></a><p>72 Pack Acrylic Paint Set, Shuttle Art 60 Colors Acrylic Paint Including Extra White Black & 12 Brushes, 2oz/60ml, Rich Pigmented, Water Proof, Ideal for Artists, Beginners on Canvas Rock Wood Ceramic</p><p>$45.99 ($23.00 / Fl Oz)</p><a href="https://www.amazon.com/dp/B0BKFLSYQF?tag=eloabder-20&linkCode=osi&th=1&psc=1">View Product</a></div><div class="product"><a href="https://www.amazon.com/dp/B08CB3JH79?tag=eloabder-20&linkCode=osi&th=1&psc=1"><img src="https://m.media-amazon.com/images/I/51OUZsFdnTL._SL500_.jpg" alt="Product Image"></a><p>Acrylic Paint Set of 36 Colors 2fl oz 60ml Bottles,Non Toxic 36 Colors Acrylic Paint No Fading Rich Pigment for Kids Adults Artists Canvas Crafts Wood Painting</p><p>$32.99 ($0.46 / Fl Oz)</p><a href="https://www.amazon.com/dp/B08CB3JH79?tag=eloabder-20&linkCode=osi&th=1&psc=1">View Product</a></div><div class="product"><a href="https://www.amazon.com/dp/B0018NBVKQ?tag=eloabder-20&linkCode=osi&th=1&psc=1"><img src="https://m.media-amazon.com/images/I/31YlSvZMTCL._SL500_.jpg" alt="Product Image"></a><p>Apple Barrel Acrylic Paint in Assorted Colors (8 Ounce), 20403 White</p><p>$2.67 ($0.33 / Fl Oz)</p><a href="https://www.amazon.com/dp/B0018NBVKQ?tag=eloabder-20&linkCode=osi&th=1&psc=1">View Product</a></div><div class="product"><a href="https://www.amazon.com/dp/B077WSBLZ1?tag=eloabder-20&linkCode=osi&th=1&psc=1"><img src="https://m.media-amazon.com/images/I/51KPkXpLn1L._SL500_.jpg" alt="Product Image"></a><p>Shuttle Art Acrylic Paint Set, 30 x12ml Tubes Artist Quality Non Toxic Rich Pigments Colors Great for Kids Adults Professional Painting on Rocks Canvas Wood Clay Fabric Ceramic Crafts</p><p>$12.99 ($1.08 / Fl Oz)</p><a href="https://www.amazon.com/dp/B077WSBLZ1?tag=eloabder-20&linkCode=osi&th=1&psc=1">View Product</a></div><div class="product"><a href="https://www.amazon.com/dp/B00889Z5Y6?tag=eloabder-20&linkCode=osi&th=1&psc=1"><img src="https://m.media-amazon.com/images/I/41MQjsyDbSL._SL500_.jpg" alt="Product Image"></a><p>Apple Barrel Acrylic Paint in Assorted Colors (2 oz), 20764, Apricot</p><p>$0.58 ($0.29 / Fl Oz)</p><a href="https://www.amazon.com/dp/B00889Z5Y6?tag=eloabder-20&linkCode=osi&th=1&psc=1">View Product</a></div><div class="product"><a href="https://www.amazon.com/dp/B09TWQD5ZL?tag=eloabder-20&linkCode=osi&th=1&psc=1"><img src="https://m.media-amazon.com/images/I/41B0L003QXL._SL500_.jpg" alt="Product Image"></a><p>Artkey Acrylic Paint Set - 24 colors 2 oz/59 ml Acrylic Paints Professional Artists Painting Kit for Canvases Fabric Rock Leather Easter Egg Wood Ceramic Glass Art Craft Painting</p><p>$19.99 ($0.42 / Fl Oz)</p><a href="https://www.amazon.com/dp/B09TWQD5ZL?tag=eloabder-20&linkCode=osi&th=1&psc=1">View Product</a></div><div class="product"><a href="https://www.amazon.com/dp/B07Z93LQDB?tag=eloabder-20&linkCode=osi&th=1&psc=1"><img src="https://m.media-amazon.com/images/I/51veoN6zK0L._SL500_.jpg" alt="Product Image"></a><p>Shuttle Art Acrylic Paint Set, 36 Colors Acrylic Paint with Brushes & Palette, 2oz Bottles, Rich Pigments Non-toxic Paint for Artists Kids & Adults, Art Supplies for Canvas Rock Ceramic Wood Painting</p><p>$27.99</p><a href="https://www.amazon.com/dp/B07Z93LQDB?tag=eloabder-20&linkCode=osi&th=1&psc=1">View Product</a></div><div class="product"><a href="https://www.amazon.com/dp/B002665SYY?tag=eloabder-20&linkCode=osi&th=1&psc=1"><img src="https://m.media-amazon.com/images/I/31sJJeWK6OS._SL500_.jpg" alt="Product Image"></a><p>Liquitex BASICS Acrylic Paint, 250ml (8.5-oz) Tube, Titanium White</p><p>$9.99 ($1.18 / Fl Oz)</p><a href="https://www.amazon.com/dp/B002665SYY?tag=eloabder-20&linkCode=osi&th=1&psc=1">View Product</a></div>
<div class="product"><a href="https://www.amazon.com/dp/B0CC98XLGL?tag=eloabder-20&linkCode=osi&th=1&psc=1"><img src="https://m.media-amazon.com/images/I/51ZLw+nThiL._SL500_.jpg" alt="Product Image"></a><p>HUIRUSO 4 Pack Double Sided Tape Roller, Scrapbook Supplies, Glue Tape Roller for Crafts, Double-Sided Adhesive Tape Runner for Scrapbooking, School Office Journaling Supplies (0.31 in X 26.25 ft)</p><p>$6.99 ($1.75 / Count)</p><a href="https://www.amazon.com/dp/B0CC98XLGL?tag=eloabder-20&linkCode=osi&th=1&psc=1">View Product</a></div><div class="product"><a href="https://www.amazon.com/dp/B007XAAE6K?tag=eloabder-20&linkCode=osi&th=1&psc=1"><img src="https://m.media-amazon.com/images/I/414qxYVR0wL._SL500_.jpg" alt="Product Image"></a><p>Scotch Double Sided Tape Runner, 1-Pack, 0.27 in x 26 ft., Perfect for Holiday Crafts, Gifts, and More</p><p>$4.47</p><a href="https://www.amazon.com/dp/B007XAAE6K?tag=eloabder-20&linkCode=osi&th=1&psc=1">View Product</a></div><div class="product"><a href="https://www.amazon.com/dp/B0BZVGPFSK?tag=eloabder-20&linkCode=osi&th=1&psc=1"><img src="https://m.media-amazon.com/images/I/51-ue9+7JkL._SL500_.jpg" alt="Product Image"></a><p>Birllaid Double Sided Tape for Walls, Picture Hanging Strips Removable Mounting Dots Adhesive Heavy Duty, Removable for Art Craft, Decoration, Party Supplies, Multipurpose</p><p>$11.99</p><a href="https://www.amazon.com/dp/B0BZVGPFSK?tag=eloabder-20&linkCode=osi&th=1&psc=1">View Product</a></div><div class="product"><a href="https://www.amazon.com/dp/B0CGVN9SL1?tag=eloabder-20&linkCode=osi&th=1&psc=1"><img src="https://m.media-amazon.com/images/I/41Hy+i4CnoL._SL500_.jpg" alt="Product Image"></a><p>30Ft x 1 Inch Hook and Loop Strips with Adhesive,Double Rolls of Heavy Duty Self Adhesive Tape with Backing, Nylon Self Adhesive Tape for Home Office School and Crafting,White</p><p>$9.99</p><a href="https://www.amazon.com/dp/B0CGVN9SL1?tag=eloabder-20&linkCode=osi&th=1&psc=1">View Product</a></div><div class="product"><a href="https://www.amazon.com/dp/B07Y3VDPLF?tag=eloabder-20&linkCode=osi&th=1&psc=1"><img src="https://m.media-amazon.com/images/I/41cyKQ2OMuL._SL500_.jpg" alt="Product Image"></a><p>Melsan 1x4 inch Hook and Loop Strips with Adhesive - 15 Sets, Strong Back Adhesive Fasten Mounting Tape for Home or Office Use - Instead of Holes and Screws, Black</p><p>$7.82</p><a href="https://www.amazon.com/dp/B07Y3VDPLF?tag=eloabder-20&linkCode=osi&th=1&psc=1">View Product</a></div><div class="product"><a href="https://www.amazon.com/dp/B07V57VJT5?tag=eloabder-20&linkCode=osi&th=1&psc=1"><img src="https://m.media-amazon.com/images/I/514JO3bvl3L._SL500_.jpg" alt="Product Image"></a><p>XFasten Adhesive Roller for Scrapbooking, 8mm x 30ft 4-Pack Double Sided Glue Tape Roller, Scrapbook Supplies for Adults, Photo Tape for Scrapbooking</p><p>$9.99 ($2.50 / Count)</p><a href="https://www.amazon.com/dp/B07V57VJT5?tag=eloabder-20&linkCode=osi&th=1&psc=1">View Product</a></div><div class="product"><a href="https://www.amazon.com/dp/B07JLTGQHX?tag=eloabder-20&linkCode=osi&th=1&psc=1"><img src="https://m.media-amazon.com/images/I/51Eqfo7kUZL._SL500_.jpg" alt="Product Image"></a><p>UPINS 120 Pack Double Sided Foam Tape Square Self-Adhesive Foam Tape Black Strong Tape Pads for DIY Art Crafts Supplies</p><p>$9.99 ($0.08 / Count)</p><a href="https://www.amazon.com/dp/B07JLTGQHX?tag=eloabder-20&linkCode=osi&th=1&psc=1">View Product</a></div><div class="product"><a href="https://www.amazon.com/dp/B005FM6XF4?tag=eloabder-20&linkCode=osi&th=1&psc=1"><img src="https://m.media-amazon.com/images/I/51-vp1WJ89L._SL500_.jpg" alt="Product Image"></a><p>AdTech 5603 Permanent Crafter's Tape, 0.31" x 315", Pack of 4</p><p>$7.84 ($0.07 / Foot)</p><a href="https://www.amazon.com/dp/B005FM6XF4?tag=eloabder-20&linkCode=osi&th=1&psc=1">View Product</a></div><div class="product"><a href="https://www.amazon.com/dp/B0CJF1FLFJ?tag=eloabder-20&linkCode=osi&th=1&psc=1"><img src="https://m.media-amazon.com/images/I/51dig1RqzdL._SL500_.jpg" alt="Product Image"></a><p>UPINS 150Pack Double Sided Foam Tape Strong Sticky Double Sided Foam Pads for Crafts Self-Adhesive Mounting Foam Tape Heavy Duty for Home Wall Decor 40 * 40 * 2mm</p><p>$8.99 ($0.06 / Count)</p><a href="https://www.amazon.com/dp/B0CJF1FLFJ?tag=eloabder-20&linkCode=osi&th=1&psc=1">View Product</a></div><div class="product"><a href="https://www.amazon.com/dp/B0D4YWRGCL?tag=eloabder-20&linkCode=osi&th=1&psc=1"><img src="https://m.media-amazon.com/images/I/41EqJ553-KL._SL500_.jpg" alt="Product Image"></a><p>Amanbo Glue Tape for Scrapbooking, 6 Pack Scrapbook Tape, Double Sided Tape Roller for Crafts, Total 120 Ft x 0.24 in Tape Runner, Craft Supplies for Scrapbooking, Gift Wrapping and Photo Tape</p><p>$6.99</p><a href="https://www.amazon.com/dp/B0D4YWRGCL?tag=eloabder-20&linkCode=osi&th=1&psc=1">View Product</a></div>
<div class="product"><a href="https://www.amazon.com/dp/B0CC5HPPTN?tag=eloabder-20&linkCode=osi&th=1&psc=1"><img src="https://m.media-amazon.com/images/I/519M81S201L._SL500_.jpg" alt="Product Image"></a><p>Airbrush Paint - 30 Colors with 3 Thinner, Ready to Spray Airbrush Paint Set, Water-Based Acrylic Air brush Paints for Metal, Plastic Models, Canvas, Wood, 20ml/Bottle</p><p>$32.99 ($1.48 / Fl Oz)</p><a href="https://www.amazon.com/dp/B0CC5HPPTN?tag=eloabder-20&linkCode=osi&th=1&psc=1">View Product</a></div>
<div class="product"><a href="https://www.amazon.com/dp/B0CXPSGK36?tag=eloabder-20&linkCode=osi&th=1&psc=1"><img src="https://m.media-amazon.com/images/I/51dd2dYOtrL._SL500_.jpg" alt="Product Image"></a><p>Letter Stickers 30 Sheets 1500 PCS Large Alphabet Sticker 2 Inch Vinyl Self Adhesive Stick on Stickers for Water Bottles Cup Mailbox Number Address Craft Scrapbooking Bulletin Board Decor Multicolor</p><p>$9.99</p><a href="https://www.amazon.com/dp/B0CXPSGK36?tag=eloabder-20&linkCode=osi&th=1&psc=1">View Product</a></div><div class="product"><a href="https://www.amazon.com/dp/B07NNYFMGY?tag=eloabder-20&linkCode=osi&th=1&psc=1"><img src="https://m.media-amazon.com/images/I/51yDnU+gEXL._SL500_.jpg" alt="Product Image"></a><p>20 Sheets Alphabet Letter Stickers 10 Colors Self Adhesive Sticker Colorful PU Material Convex Feeling (Colored Letter Stickers 1)</p><p>$6.99 ($0.35 / Count)</p><a href="https://www.amazon.com/dp/B07NNYFMGY?tag=eloabder-20&linkCode=osi&th=1&psc=1">View Product</a></div>

<div class="product"><a href="https://www.amazon.com/dp/B01DDN8854?tag=eloabder-20&linkCode=osi&th=1&psc=1"><img src="https://m.media-amazon.com/images/I/61dPubDZBSL._SL500_.jpg" alt="Product Image"></a><p>Hugs 'n Kisses HNKHABY13 Applique Paper (20 Pack)</p><p>$19.72 ($0.99 / Count)</p><a href="https://www.amazon.com/dp/B01DDN8854?tag=eloabder-20&linkCode=osi&th=1&psc=1">View Product</a></div>
<div class="product"><a href="https://www.amazon.com/dp/B09KPNFJW1?tag=eloabder-20&linkCode=osi&th=1&psc=1"><img src="https://m.media-amazon.com/images/I/41abn5fELmL._SL500_.jpg" alt="Product Image"></a><p>UniPleased Disposable Aprons (50 Count), Plastic apron for Painting Party, Cooking, Housework, Picnic etc.</p><p>$5.69</p><a href="https://www.amazon.com/dp/B09KPNFJW1?tag=eloabder-20&linkCode=osi&th=1&psc=1">View Product</a></div>
<div class="product"><a href="https://www.amazon.com/dp/B087M21MM2?tag=eloabder-20&linkCode=osi&th=1&psc=1"><img src="https://m.media-amazon.com/images/I/41Xf-jehhLL._SL500_.jpg" alt="Product Image"></a><p>GOTIDEAL Stretched Canvas, Multi Pack 4x4, 5x7, 8x10,9x12, 11x14 Set of 10, Primed White - 100% Cotton Artist Canvas Boards for Painting, Acrylic Pouring, Oil Paint Dry & Wet Art Media</p><p>$24.99</p><a href="https://www.amazon.com/dp/B087M21MM2?tag=eloabder-20&linkCode=osi&th=1&psc=1">View Product</a></div><div class="product"><a href="https://www.amazon.com/dp/B00OQJYISG?tag=eloabder-20&linkCode=osi&th=1&psc=1"><img src="https://m.media-amazon.com/images/I/31fEDLPkkcL._SL500_.jpg" alt="Product Image"></a><p>6 Count 12” x 16” Super Value Canvas by Artist's Loft Necessities - Acid Free Cotton Canvas for Paint, Acrylic, & Oils - 1 Pack</p><p>$19.99</p><a href="https://www.amazon.com/dp/B00OQJYISG?tag=eloabder-20&linkCode=osi&th=1&psc=1">View Product</a></div><div class="product"><a href="https://www.amazon.com/dp/B09CDKB9HY?tag=eloabder-20&linkCode=osi&th=1&psc=1"><img src="https://m.media-amazon.com/images/I/51+p5xnClGL._SL500_.jpg" alt="Product Image"></a><p>DPDIAN Canvas Boards for Painting 40 Pack, 8 inch x 10 inch Super Value Pack, Artist Canvas Panels for Oil & Acrylic Painting</p><p>$29.99</p><a href="https://www.amazon.com/dp/B09CDKB9HY?tag=eloabder-20&linkCode=osi&th=1&psc=1">View Product</a></div><div class="product"><a href="https://www.amazon.com/dp/B0CFBGP29G?tag=eloabder-20&linkCode=osi&th=1&psc=1"><img src="https://m.media-amazon.com/images/I/3147Az5plbL._SL500_.jpg" alt="Product Image"></a><p>ArtSkills Stretched Canvases for Painting, 12x16 Canvas Painting Supplies for Artists, Blank Canvas Pack, 2-Pack</p><p>$16.99</p><a href="https://www.amazon.com/dp/B0CFBGP29G?tag=eloabder-20&linkCode=osi&th=1&psc=1">View Product</a></div><div class="product"><a href="https://www.amazon.com/dp/B07BNGQ1SS?tag=eloabder-20&linkCode=osi&th=1&psc=1"><img src="https://m.media-amazon.com/images/I/410ZVtygUwS._SL500_.jpg" alt="Product Image"></a><p>PHOENIX Stretched Canvas for Painting 8x10 Inch/10 Value Pack, 8 Oz Triple Primed 5/8 Inch Profile 100% Cotton White Blank Canvas, Artist Framed Canvas for Oil Acrylic & Pouring Art</p><p>$22.99</p><a href="https://www.amazon.com/dp/B07BNGQ1SS?tag=eloabder-20&linkCode=osi&th=1&psc=1">View Product</a></div><div class="product"><a href="https://www.amazon.com/dp/B0922JP1H4?tag=eloabder-20&linkCode=osi&th=1&psc=1"><img src="https://m.media-amazon.com/images/I/41BmiEND1KL._SL500_.jpg" alt="Product Image"></a><p>GOTIDEAL Canvases for Painting, 18 Pack Canvas Boards Multipack 4x4, 5x7, 8x10, 9x12,11x14,Primed White Blank Artist Canvas Variety Pack for Acrylic Paint, Oil Paint, Watercolor, Gouache</p><p>$19.99</p><a href="https://www.amazon.com/dp/B0922JP1H4?tag=eloabder-20&linkCode=osi&th=1&psc=1">View Product</a></div>


<div class="product"><a href="https://www.amazon.com/dp/B0872VFHBH?tag=eloabder-20&linkCode=osi&th=1&psc=1"><img src="https://m.media-amazon.com/images/I/51k3bekQheS._SL500_.jpg" alt="Product Image"></a><p>Bachmore Drawing Pad 9X12 Inch (110lb/180g), 60 Sheets, Top Spiral Bound Multi-Media for Artist Pro & Amateurs | Acrylic Art, Ink, Paint, Oil Pastels,Watercolor Mixed Media Sketch</p><p>$11.99</p><a href="https://www.amazon.com/dp/B0872VFHBH?tag=eloabder-20&linkCode=osi&th=1&psc=1">View Product</a></div><div class="product"><a href="https://www.amazon.com/dp/B0027A75A4?tag=eloabder-20&linkCode=osi&th=1&psc=1"><img src="https://m.media-amazon.com/images/I/51dyOxxcgYL._SL500_.jpg" alt="Product Image"></a><p>Strathmore 200 Series Sketch Pad, 9x12 inch, 100 Sheets, Tape Bound - Artist Sketchbook for Drawing, Illustration, Art Class Students</p><p>$6.99 ($0.07 / Count)</p><a href="https://www.amazon.com/dp/B0027A75A4?tag=eloabder-20&linkCode=osi&th=1&psc=1">View Product</a></div><div class="product"><a href="https://www.amazon.com/dp/B0BV13YQKX?tag=eloabder-20&linkCode=osi&th=1&psc=1"><img src="https://m.media-amazon.com/images/I/41VYfMpvXUL._SL500_.jpg" alt="Product Image"></a><p>Canson Graduate Watercolor Pad, Foldover, 9x12 inch, 20 Sheets | Artist Paper for Adults and Students - Painting, Gouache, Mixed Media and Ink</p><p>$4.97 ($0.41 / Count)</p><a href="https://www.amazon.com/dp/B0BV13YQKX?tag=eloabder-20&linkCode=osi&th=1&psc=1">View Product</a></div><div class="product"><a href="https://www.amazon.com/dp/B0024KMQ6K?tag=eloabder-20&linkCode=osi&th=1&psc=1"><img src="https://m.media-amazon.com/images/I/51sYdvPPUCL._SL500_.jpg" alt="Product Image"></a><p>Strathmore 400 Series Pastel Pad, Assorted Colors, 9"x12" Glue Bound, 24 Sheets</p><p>$9.11</p><a href="https://www.amazon.com/dp/B0024KMQ6K?tag=eloabder-20&linkCode=osi&th=1&psc=1">View Product</a></div><div class="product"><a href="https://www.amazon.com/dp/B00246O6PI?tag=eloabder-20&linkCode=osi&th=1&psc=1"><img src="https://m.media-amazon.com/images/I/517TUmckOIL._SL500_.jpg" alt="Product Image"></a><p>Strathmore 300 Series Drawing Paper Pad, Top Wire Bound, 11x14 inches, 50 Sheets (70lb/114g) - Artist Paper for Adults and Students - Charcoal, Colored Pencil, Ink, Pastel, Marker</p><p>$13.33</p><a href="https://www.amazon.com/dp/B00246O6PI?tag=eloabder-20&linkCode=osi&th=1&psc=1">View Product</a></div>
<div class="product"><a href="https://www.amazon.com/dp/B08ZMH7LJY?tag=eloabder-20&linkCode=osi&th=1&psc=1"><img src="https://m.media-amazon.com/images/I/51mJIsLJA-S._SL500_.jpg" alt="Product Image"></a><p>PANDAFLY Professional Drawing Sketching Pencil Set - 12 Pieces Graphite Pencils(14B - 2H), Ideal for Drawing Art, Sketching, Shading, Artist Pencils for Beginners & Pro Artists</p><p>$5.11</p><a href="https://www.amazon.com/dp/B08ZMH7LJY?tag=eloabder-20&linkCode=osi&th=1&psc=1">View Product</a></div><div class="product"><a href="https://www.amazon.com/dp/B088K1G5NL?tag=eloabder-20&linkCode=osi&th=1&psc=1"><img src="https://m.media-amazon.com/images/I/51F2bOMZWnL._SL500_.jpg" alt="Product Image"></a><p>MARKART Professional Drawing Sketching Pencil Set - 14 Pieces,Graphite,(12B - 4H), Ideal for Drawing Art, Sketching, Shading, Artist Pencils for Beginners & Pro Artists</p><p>$5.24</p><a href="https://www.amazon.com/dp/B088K1G5NL?tag=eloabder-20&linkCode=osi&th=1&psc=1">View Product</a></div><div class="product"><a href="https://www.amazon.com/dp/B08FHMRW4L?tag=eloabder-20&linkCode=osi&th=1&psc=1"><img src="https://m.media-amazon.com/images/I/51Pmn5gjyzL._SL500_.jpg" alt="Product Image"></a><p>Mr. Pen- Sketch Pencils for Drawing, 14 Pack, Drawing Pencils, Art Pencils, Graphite Pencils, Graphite Pencils for Drawing, Art Pencils for Drawing and Shading</p><p>$5.95</p><a href="https://www.amazon.com/dp/B08FHMRW4L?tag=eloabder-20&linkCode=osi&th=1&psc=1">View Product</a></div><div class="product"><a href="https://www.amazon.com/dp/B0BNQ58DC4?tag=eloabder-20&linkCode=osi&th=1&psc=1"><img src="https://m.media-amazon.com/images/I/51e-gQtCcCL._SL500_.jpg" alt="Product Image"></a><p>MARTCOLOR Drawing Sketching Pencils Set, 12 Pack Graphite Pencils(14B - 2H), Ideal for Drawing Art, Sketching, Shading, Artist Pencils for Beginners & Pro Artists</p><p>$5.99</p><a href="https://www.amazon.com/dp/B0BNQ58DC4?tag=eloabder-20&linkCode=osi&th=1&psc=1">View Product</a></div>

<div class="product"><a href="https://www.amazon.com/dp/B0851M3749?tag=eloabder-20&linkCode=osi&th=1&psc=1"><img src="https://m.media-amazon.com/images/I/41KKSGSDl5L._SL500_.jpg" alt="Product Image"></a><p>N NOROCME 12 PCS Blending Stumps and Tortillions Paper Art Blenders with Sandpaper Pencil Sharpener Pointer for Student Artist Charcoal Sketch Drawing Tools</p><p>$4.99</p><a href="https://www.amazon.com/dp/B0851M3749?tag=eloabder-20&linkCode=osi&th=1&psc=1">View Product</a></div><div class="product"><a href="https://www.amazon.com/dp/B09J3HKN8F?tag=eloabder-20&linkCode=osi&th=1&psc=1"><img src="https://m.media-amazon.com/images/I/51Qvx81eQLL._SL500_.jpg" alt="Product Image"></a><p>Eraser Pencils Set for Artists, Wooden Sketch Eraser Pen for Charcoal Drawings, Professional Highlight Painting Eraser for Sketching, Revise Erasing Details for Students Limner</p><p>$6.99</p><a href="https://www.amazon.com/dp/B09J3HKN8F?tag=eloabder-20&linkCode=osi&th=1&psc=1">View Product</a></div>
<div class="product"><a href="https://www.amazon.com/dp/B09WCQ89T8?tag=eloabder-20&linkCode=osi&th=1&psc=1"><img src="https://m.media-amazon.com/images/I/41gZz0qgBFL._SL500_.jpg" alt="Product Image"></a><p>Bernat BABY BLANKET BB Blue Dreams Yarn - 1 Pack of 10.5oz/300g - Polyester - #6 Super Bulky - 220 Yards - Knitting/Crochet</p><p>$6.97</p><a href="https://www.amazon.com/dp/B09WCQ89T8?tag=eloabder-20&linkCode=osi&th=1&psc=1">View Product</a></div><div class="product"><a href="https://www.amazon.com/dp/B07V5JVNFD?tag=eloabder-20&linkCode=osi&th=1&psc=1"><img src="https://m.media-amazon.com/images/I/41IS+HdtiOL._SL500_.jpg" alt="Product Image"></a><p>Lion Brand Yarn Basic Stitch Anti-Pilling Knitting Yarn, Yarn for Crocheting, 1-Pack, Baby Blue</p><p>$8.40 ($0.02 / Foot)</p><a href="https://www.amazon.com/dp/B07V5JVNFD?tag=eloabder-20&linkCode=osi&th=1&psc=1">View Product</a></div><div class="product"><a href="https://www.amazon.com/dp/B01M0AJID2?tag=eloabder-20&linkCode=osi&th=1&psc=1"><img src="https://m.media-amazon.com/images/I/41yVau0AUpL._SL500_.jpg" alt="Product Image"></a><p>Lion Brand Yarn (1 Skein) Lion Brand Yarn Babysoft Baby Yarn Yarn, Little Boy Blue Multicolor</p><p>$7.19 ($0.01 / Foot)</p><a href="https://www.amazon.com/dp/B01M0AJID2?tag=eloabder-20&linkCode=osi&th=1&psc=1">View Product</a></div><div class="product"><a href="https://www.amazon.com/dp/B09W1KHF42?tag=eloabder-20&linkCode=osi&th=1&psc=1"><img src="https://m.media-amazon.com/images/I/41maDlrio5L._SL500_.jpg" alt="Product Image"></a><p>Red Heart Super Saver Light Blue Yarn - 3 Pack of 198g/7oz - Acrylic - 4 Medium (Worsted) - 364 Yards - Knitting/Crochet</p><p>$13.29 ($4.43 / Count)</p><a href="https://www.amazon.com/dp/B09W1KHF42?tag=eloabder-20&linkCode=osi&th=1&psc=1">View Product</a></div><div class="product"><a href="https://www.amazon.com/dp/B08LKVZ3CX?tag=eloabder-20&linkCode=osi&th=1&psc=1"><img src="https://m.media-amazon.com/images/I/41GLizNx8UL._SL500_.jpg" alt="Product Image"></a><p>Bernat Baby Blanket Baby Blue Yarn - 3 Pack of 100g/3.5oz - Polyester - 6 Super Bulky - 72 Yards - Knitting/Crochet</p><p>$21.81</p><a href="https://www.amazon.com/dp/B08LKVZ3CX?tag=eloabder-20&linkCode=osi&th=1&psc=1">View Product</a></div><div class="product"><a href="https://www.amazon.com/dp/B0CHJ95WHJ?tag=eloabder-20&linkCode=osi&th=1&psc=1"><img src="https://m.media-amazon.com/images/I/314E1EQdihL._SL500_.jpg" alt="Product Image"></a><p>NORCIA Soft Velvet Yarn Chenille Yarn for Crocheting Baby Blanket Yarn for Knitting Amigurumi Yarn Fancy Yarn for Crochet Weaving Craft (Baby Blue, 1 Skein)</p><p>$9.99</p><a href="https://www.amazon.com/dp/B0CHJ95WHJ?tag=eloabder-20&linkCode=osi&th=1&psc=1">View Product</a></div>
<div class="product"><a href="https://www.amazon.com/dp/B0779F2TXJ?tag=eloabder-20&linkCode=osi&th=1&psc=1"><img src="https://m.media-amazon.com/images/I/31kqZr8DJzL._SL500_.jpg" alt="Product Image"></a><p>OPENDGO Feather Ballpoint Pen ，Black Ink Vintage Feather Quill Refined Plated Rod Quill Ballpoint Pen For School Writing ▏Wedding Gift Signature Pen (Black)</p><p>$6.97</p><a href="https://www.amazon.com/dp/B0779F2TXJ?tag=eloabder-20&linkCode=osi&th=1&psc=1">View Product</a></div><div class="product"><a href="https://www.amazon.com/dp/B0CQF3BJ3S?tag=eloabder-20&linkCode=osi&th=1&psc=1"><img src="https://m.media-amazon.com/images/I/41gs6AOiP6L._SL500_.jpg" alt="Product Image"></a><p>3 in 1 Retractable Ballpoint Pen with Light and Stylus, Nice Pens for Journaling Writing in The Dark - White/Red Light Tip- 0.7mm Black Ink</p><p>$12.99</p><a href="https://www.amazon.com/dp/B0CQF3BJ3S?tag=eloabder-20&linkCode=osi&th=1&psc=1">View Product</a></div><div class="product"><a href="https://www.amazon.com/dp/B08BBZ3B8G?tag=eloabder-20&linkCode=osi&th=1&psc=1"><img src="https://m.media-amazon.com/images/I/41cMHyw60wL._SL500_.jpg" alt="Product Image"></a><p>Mr. Pen- Pens, Black Pens, 12 Pack, Fast Dry, No Smear Pens, Bible Pens, Pens for Journaling, Pens No Bleed Through, Pens Fine Point, Journal Pens, Fine Tip, Planner Pens, Ball Point Journal Pens</p><p>$9.99</p><a href="https://www.amazon.com/dp/B08BBZ3B8G?tag=eloabder-20&linkCode=osi&th=1&psc=1">View Product</a></div><div class="product"><a href="https://www.amazon.com/dp/B0D4YWWGX6?tag=eloabder-20&linkCode=osi&th=1&psc=1"><img src="https://m.media-amazon.com/images/I/31xHBCCzJqL._SL500_.jpg" alt="Product Image"></a><p>PATIKIL 21cm/8" Feather Ballpoint Pen, 1Pcs Ink Vintage Quill Pen Refined Plated Dip Pen for Calligraphy Writing Signature Wedding Gift, Yellow</p><p>$7.49</p><a href="https://www.amazon.com/dp/B0D4YWWGX6?tag=eloabder-20&linkCode=osi&th=1&psc=1">View Product</a></div>

<div class="product"><a href="https://www.amazon.com/dp/B001TLDEVQ?tag=eloabder-20&linkCode=osi&th=1&psc=1"><img src="https://m.media-amazon.com/images/I/41jYF39F6lL._SL500_.jpg" alt="Product Image"></a><p>Beadalon SuppleMax Illusion Beading Cord, 0.40 mm / 0.016 in, Clear Monofilament, 50 m / 164 ft</p><p>$4.74</p><a href="https://www.amazon.com/dp/B001TLDEVQ?tag=eloabder-20&linkCode=osi&th=1&psc=1">View Product</a></div><div class="product"><a href="https://www.amazon.com/dp/B0D2HVFZ7Q?tag=eloabder-20&linkCode=osi&th=1&psc=1"><img src="https://m.media-amazon.com/images/I/41R66LMYz7L._SL500_.jpg" alt="Product Image"></a><p>Zxiixz 116Yards 0.5mm Bracelet String, Waxed String Cord for Bracelet Making, Beading Thread for Bracelet Beads, Friendship Bracelet String for Bracelet Making, Waxed Polyester Cord for Jewelry Making</p><p>$6.99</p><a href="https://www.amazon.com/dp/B0D2HVFZ7Q?tag=eloabder-20&linkCode=osi&th=1&psc=1">View Product</a></div><div class="product"><a href="https://www.amazon.com/dp/B07BNF8KH5?tag=eloabder-20&linkCode=osi&th=1&psc=1"><img src="https://m.media-amazon.com/images/I/51jVByheyVL._SL500_.jpg" alt="Product Image"></a><p>PH PandaHall 100 Yards 1mm Waxed Cotton Cord Thread Beading String for Bracelet Necklace Making Crafting Beading Macrame Vase Decor, Burlywood</p><p>$7.19 ($0.02 / Foot)</p><a href="https://www.amazon.com/dp/B07BNF8KH5?tag=eloabder-20&linkCode=osi&th=1&psc=1">View Product</a></div><div class="product"><a href="https://www.amazon.com/dp/B07HBPGXJG?tag=eloabder-20&linkCode=osi&th=1&psc=1"><img src="https://m.media-amazon.com/images/I/41xi8gO6kDL._SL500_.jpg" alt="Product Image"></a><p>Paxcoo 0.8mm Elastic String, Stretchy Bracelet String Crystal String Bead Cord for Bracelet, Beading and Jewelry Making (120m)</p><p>$6.99 ($0.02 / Foot)</p><a href="https://www.amazon.com/dp/B07HBPGXJG?tag=eloabder-20&linkCode=osi&th=1&psc=1">View Product</a></div><div class="product"><a href="https://www.amazon.com/dp/B0CNPST7D9?tag=eloabder-20&linkCode=osi&th=1&psc=1"><img src="https://m.media-amazon.com/images/I/41A9VISFC4L._SL500_.jpg" alt="Product Image"></a><p>Kblick Black Nylon String Cord - 1MM 100 Yards Black Twine, Bracelet String for Bracelet Making, Braided Ornament Lanyard Sting, Jewelry Thread Clay Bead String for Crafts, Macrame Satin Cord</p><p>$5.99 ($0.02 / Foot)</p><a href="https://www.amazon.com/dp/B0CNPST7D9?tag=eloabder-20&linkCode=osi&th=1&psc=1">View Product</a></div><div class="product"><a href="https://www.amazon.com/dp/B08GC3JF9X?tag=eloabder-20&linkCode=osi&th=1&psc=1"><img src="https://m.media-amazon.com/images/I/41FQZYhvQpL._SL500_.jpg" alt="Product Image"></a><p>Cheriswelry 100M 0.8mm Nylon Beading Cord Black Chinese Knotting Rattail Macrame Thread String Roll for Jewelry Making Kumihimo Wrapping Supplies DIY Crafts</p><p>$6.99 ($0.02 / Fl Oz)</p><a href="https://www.amazon.com/dp/B08GC3JF9X?tag=eloabder-20&linkCode=osi&th=1&psc=1">View Product</a></div><div class="product"><a href="https://www.amazon.com/dp/B0B3V9RWQC?tag=eloabder-20&linkCode=osi&th=1&psc=1"><img src="https://m.media-amazon.com/images/I/41F-OP+yCxL._SL500_.jpg" alt="Product Image"></a><p>Griffin Silk Bead Cord Perlseide – Black Color – Size 3 (0.50mm) – 2 Meters per Card – Stainless Steel Needle Attached – for Knotting Pearls, Gemstones, Crystals and Beads</p><p>$4.99 ($0.76 / Foot)</p><a href="https://www.amazon.com/dp/B0B3V9RWQC?tag=eloabder-20&linkCode=osi&th=1&psc=1">View Product</a></div><div class="product"><a href="https://www.amazon.com/dp/B08F49YVQP?tag=eloabder-20&linkCode=osi&th=1&psc=1"><img src="https://m.media-amazon.com/images/I/41yCMIpj0rS._SL500_.jpg" alt="Product Image"></a><p>1mm Stretchy Bracelet String, Sturdy Rainbow Elastic String Elastic Cord for Jewelry Making, Necklaces, Beading and Crafts</p><p>$6.99 ($0.04 / Foot)</p><a href="https://www.amazon.com/dp/B08F49YVQP?tag=eloabder-20&linkCode=osi&th=1&psc=1">View Product</a></div>

<div class="product"><a href="https://www.amazon.com/dp/B001GMUBJ6?tag=eloabder-20&linkCode=osi&th=1&psc=1"><img src="https://m.media-amazon.com/images/I/41V5qzn3H5L._SL500_.jpg" alt="Product Image"></a><p>The Beadsmith Fireline by Berkley – Micro-Fused Braided Thread – 6lb. Test, 006”/.15mm Diameter, 50 Yard Spool, Crystal Color – Super Strong Stringing Material for Jewelry Making and Bead Weaving</p><p>$12.59</p><a href="https://www.amazon.com/dp/B001GMUBJ6?tag=eloabder-20&linkCode=osi&th=1&psc=1">View Product</a></div><div class="product"><a href="https://www.amazon.com/dp/B001UAKK0Y?tag=eloabder-20&linkCode=osi&th=1&psc=1"><img src="https://m.media-amazon.com/images/I/41rY1D0wfuL._SL500_.jpg" alt="Product Image"></a><p>Beadalon Wildfire, 0.006 in, 0.15 mm, Break Strength 10 lb / 4.5 kg, Frost, 50 yd / 45 m</p><p>$8.85 ($0.06 / Foot)</p><a href="https://www.amazon.com/dp/B001UAKK0Y?tag=eloabder-20&linkCode=osi&th=1&psc=1">View Product</a></div><div class="product"><a href="https://www.amazon.com/dp/B095WY58F4?tag=eloabder-20&linkCode=osi&th=1&psc=1"><img src="https://m.media-amazon.com/images/I/41mXRfJqcjL._SL500_.jpg" alt="Product Image"></a><p>PH PandaHall 0.1mm Nylon Seed Bead Thread 100 Yards Black White Bracelet Cord Beading Thread Invisible Sewing Thread Nylon Braided Thread String for Leather Stitching Beading Jewelry Bracelets Making</p><p>$9.99 ($0.03 / Foot)</p><a href="https://www.amazon.com/dp/B095WY58F4?tag=eloabder-20&linkCode=osi&th=1&psc=1">View Product</a></div><div class="product"><a href="https://www.amazon.com/dp/B08RN2R2SZ?tag=eloabder-20&linkCode=osi&th=1&psc=1"><img src="https://m.media-amazon.com/images/I/41Tg2MMC++L._SL500_.jpg" alt="Product Image"></a><p>KO Nylon Beading Thread, White Color, Japanese Pre-Waxed 100% Nylon, 330TEX, Tangle Resistant Knotting Cords, 50m /55 yds Spool, Use for Seed Bead Projects, Loom Work & Bead Weaving</p><p>$7.06 ($0.04 / Foot)</p><a href="https://www.amazon.com/dp/B08RN2R2SZ?tag=eloabder-20&linkCode=osi&th=1&psc=1">View Product</a></div><div class="product"><a href="https://www.amazon.com/dp/B09J89ST79?tag=eloabder-20&linkCode=osi&th=1&psc=1"><img src="https://m.media-amazon.com/images/I/41hLuuOZeXL._SL500_.jpg" alt="Product Image"></a><p>2 Roll Polyester Thread, Heavy Duty Thread, 1500Yard/Reel 210D/3 nylon thread for sewing, Sewing Thread for Upholstery, Outdoor Market, Drapery, Leather, Beading, Crafts</p><p>$7.99 ($0.00 / Foot)</p><a href="https://www.amazon.com/dp/B09J89ST79?tag=eloabder-20&linkCode=osi&th=1&psc=1">View Product</a></div><div class="product"><a href="https://www.amazon.com/dp/B0C6MSY7QQ?tag=eloabder-20&linkCode=osi&th=1&psc=1"><img src="https://m.media-amazon.com/images/I/31Bn-MyA62L._SL500_.jpg" alt="Product Image"></a><p>PH PandaHall 0.1mm Nylon String 100 Yards Beading Thread White Nylon Seed Bead Thread Bracelet Beading Thread Sewing String for Leather Stitching Beading Jewelry Bracelets Making</p><p>$7.99 ($0.03 / Foot)</p><a href="https://www.amazon.com/dp/B0C6MSY7QQ?tag=eloabder-20&linkCode=osi&th=1&psc=1">View Product</a></div>

<div class="product"><a href="https://www.amazon.com/dp/B07NMNDT1W?tag=eloabder-20&linkCode=osi&th=1&psc=1"><img src="https://m.media-amazon.com/images/I/41-zwQIcVcL._SL500_.jpg" alt="Product Image"></a><p>Howemon White Beeswax Pellets 2LB 100% Pure and Natural Triple Filtered for Skin, Face, Body and Hair Care DIY Creams, Lotions, Lip Balm and Soap Making Supplies</p><p>$13.99 ($0.44 / Fl Oz)</p><a href="https://www.amazon.com/dp/B07NMNDT1W?tag=eloabder-20&linkCode=osi&th=1&psc=1">View Product</a></div><div class="product"><a href="https://www.amazon.com/dp/B00B3U0FW4?tag=eloabder-20&linkCode=osi&th=1&psc=1"><img src="https://m.media-amazon.com/images/I/51rWFCST+TL._SL500_.jpg" alt="Product Image"></a><p>Beesworks Yellow Beeswax Pellets (1 lb) | 100% Pure, Cosmetic Grade, Triple-Filtered Beeswax for DIY Skin care, Lip Balm, Lotion, and Candle Making</p><p>$13.99 ($0.87 / Ounce)</p><a href="https://www.amazon.com/dp/B00B3U0FW4?tag=eloabder-20&linkCode=osi&th=1&psc=1">View Product</a></div><div class="product"><a href="https://www.amazon.com/dp/B01LWX2IO1?tag=eloabder-20&linkCode=osi&th=1&psc=1"><img src="https://m.media-amazon.com/images/I/41MlNqhDyCL._SL500_.jpg" alt="Product Image"></a><p>Beesworks Yellow Beeswax Bars (6 oz) | 100% Pure, Cosmetic Grade, Triple-Filtered Beeswax for DIY Skin Care, Lip Balm, Lotion and Candle Making (1 oz Bars - Pack of 6)</p><p>$6.99</p><a href="https://www.amazon.com/dp/B01LWX2IO1?tag=eloabder-20&linkCode=osi&th=1&psc=1">View Product</a></div><div class="product"><a href="https://www.amazon.com/dp/B0BV77F19N?tag=eloabder-20&linkCode=osi&th=1&psc=1"><img src="https://m.media-amazon.com/images/I/41xzHaO1-EL._SL500_.jpg" alt="Product Image"></a><p>Beeswax Pellets 10LB Cosmetic Beeswax Triple Filtered Beeswax Pastilles for Candle Making Great for DIY Projects Creams Lotions Lip Balm and Soap Making Supplies(10LB)</p><p>$32.99</p><a href="https://www.amazon.com/dp/B0BV77F19N?tag=eloabder-20&linkCode=osi&th=1&psc=1">View Product</a></div><div class="product"><a href="https://www.amazon.com/dp/B0C9QSG3CY?tag=eloabder-20&linkCode=osi&th=1&psc=1"><img src="https://m.media-amazon.com/images/I/414XQcU6SRL._SL500_.jpg" alt="Product Image"></a><p>YASNAY White Beeswax Pellets 2LB, 100% Organic Beeswax, Beeswax for Candle Making, Body, Skin Care DIY, Lip Balm and Soap Making Supplies</p><p>$11.99</p><a href="https://www.amazon.com/dp/B0C9QSG3CY?tag=eloabder-20&linkCode=osi&th=1&psc=1">View Product</a></div><div class="product"><a href="https://www.amazon.com/dp/B097HTC4WN?tag=eloabder-20&linkCode=osi&th=1&psc=1"><img src="https://m.media-amazon.com/images/I/51pwMM7C6-L._SL500_.jpg" alt="Product Image"></a><p>Eco Lux 8 Yellow Beeswax Blocks 100% Pure Natural Organic Bees Wax 6.5oz</p><p>$8.49 ($1.35 / Ounce)</p><a href="https://www.amazon.com/dp/B097HTC4WN?tag=eloabder-20&linkCode=osi&th=1&psc=1">View Product</a></div><div class="product"><a href="https://www.amazon.com/dp/B00HDHQQCE?tag=eloabder-20&linkCode=osi&th=1&psc=1"><img src="https://m.media-amazon.com/images/I/41vF-7MwNhL._SL500_.jpg" alt="Product Image"></a><p>Murray's 100% Pure Beeswax 4 oz</p><p>$5.98 ($1.50 / Ounce)</p><a href="https://www.amazon.com/dp/B00HDHQQCE?tag=eloabder-20&linkCode=osi&th=1&psc=1">View Product</a></div><div class="product"><a href="https://www.amazon.com/dp/B09YM8JTLM?tag=eloabder-20&linkCode=osi&th=1&psc=1"><img src="https://m.media-amazon.com/images/I/41cjNuBnFEL._SL500_.jpg" alt="Product Image"></a><p>TRINIDa Beeswax Pellets 2LB(32 oz), 100% Organic Yellow Bees Wax for DIY Candles, Beeswax for Candle Making, Skin, Body, Face, and Hair Care, Lotions, DIY Creams, Lip Balm and Soap Making Supplies</p><p>$11.99</p><a href="https://www.amazon.com/dp/B09YM8JTLM?tag=eloabder-20&linkCode=osi&th=1&psc=1">View Product</a></div><div class="product"><a href="https://www.amazon.com/dp/B00F3CNMV4?tag=eloabder-20&linkCode=osi&th=1&psc=1"><img src="https://m.media-amazon.com/images/I/31pjrRAEa4L._SL500_.jpg" alt="Product Image"></a><p>Stakich Yellow Beeswax Block - Natural, Triple Filtered - 1 Pound, Honey Scent</p><p>$13.95 ($0.87 / Ounce)</p><a href="https://www.amazon.com/dp/B00F3CNMV4?tag=eloabder-20&linkCode=osi&th=1&psc=1">View Product</a></div><div class="product"><a href="https://www.amazon.com/dp/B0BXFZBZS9?tag=eloabder-20&linkCode=osi&th=1&psc=1"><img src="https://m.media-amazon.com/images/I/4178i9IB9KL._SL500_.jpg" alt="Product Image"></a><p>5LB Beeswax Pellets Beeswax for Candle Making Organic Beeswax Pellets for Skin Beeswax Beads Beeswax Bulk Beeswax for Lotion Making Organic for DIY and Craft Project</p><p>$22.99</p><a href="https://www.amazon.com/dp/B0BXFZBZS9?tag=eloabder-20&linkCode=osi&th=1&psc=1">View Product</a></div>
<div class="product"><a href="https://www.amazon.com/dp/B0052F1BVK?tag=eloabder-20&linkCode=osi&th=1&psc=1"><img src="https://m.media-amazon.com/images/I/41zE9eiGoLL._SL500_.jpg" alt="Product Image"></a><p>ACC Staples Large Binder Clips, 2" Width, 1" Capacity, Black, 12/Pk</p><p>$6.30</p><a href="https://www.amazon.com/dp/B0052F1BVK?tag=eloabder-20&linkCode=osi&th=1&psc=1">View Product</a></div><div class="product"><a href="https://www.amazon.com/dp/B07MLFR771?tag=eloabder-20&linkCode=osi&th=1&psc=1"><img src="https://m.media-amazon.com/images/I/51N2wxA7N0L._SL500_.jpg" alt="Product Image"></a><p>CooBigo 50 Pack Binder Ring, Metal Book Ring Paper Ring Holder 5/8-Inch Loose Leaf Binder Ring Clip for Index Card, Flash Card Ring, Card Calendar, Keychain Key Ring - Bronze</p><p>$6.99</p><a href="https://www.amazon.com/dp/B07MLFR771?tag=eloabder-20&linkCode=osi&th=1&psc=1">View Product</a></div><div class="product"><a href="https://www.amazon.com/dp/B01563NHGY?tag=eloabder-20&linkCode=osi&th=1&psc=1"><img src="https://m.media-amazon.com/images/I/41gj+0ZftqL._SL500_.jpg" alt="Product Image"></a><p>vanki Pack of 40 Cute Lovely Smiling Face Spring-Loaded File Organizer Paper Holder Metal Binder Clips, Assorted Color</p><p>$8.99</p><a href="https://www.amazon.com/dp/B01563NHGY?tag=eloabder-20&linkCode=osi&th=1&psc=1">View Product</a></div><div class="product"><a href="https://www.amazon.com/dp/B000GOUDSO?tag=eloabder-20&linkCode=osi&th=1&psc=1"><img src="https://m.media-amazon.com/images/I/41ZANISHgML._SL500_.jpg" alt="Product Image"></a><p>Small Binder Clips .75" 8/Pkg-Assorted Colors</p><p>$4.46</p><a href="https://www.amazon.com/dp/B000GOUDSO?tag=eloabder-20&linkCode=osi&th=1&psc=1">View Product</a></div>
<div class="product"><a href="https://www.amazon.com/dp/B07PRPX4VR?tag=eloabder-20&linkCode=osi&th=1&psc=1"><img src="https://m.media-amazon.com/images/I/41IMH12fdPL._SL500_.jpg" alt="Product Image"></a><p>Durable Sheet Lifters, Durable Easy Flow, 11" x 3", Lifts Sheets Over Rings and Protects Sheets from Tearing, Fit Standard 3-Ring Binders, Black (20 Pack)</p><p>$14.99</p><a href="https://www.amazon.com/dp/B07PRPX4VR?tag=eloabder-20&linkCode=osi&th=1&psc=1">View Product</a></div><div class="product"><a href="https://www.amazon.com/dp/B0CM8QJHFW?tag=eloabder-20&linkCode=osi&th=1&psc=1"><img src="https://m.media-amazon.com/images/I/31cJGS74oCL._SL500_.jpg" alt="Product Image"></a><p>Wantane D-Shaped Tape Storage Ring Tape Storage Ring 4" D-Shaped Washi Tape Storage Ring for DIY Decoration and Storage（Nickel）-2PCS</p><p>$7.99</p><a href="https://www.amazon.com/dp/B0CM8QJHFW?tag=eloabder-20&linkCode=osi&th=1&psc=1">View Product</a></div>
<div class="product"><a href="https://www.amazon.com/dp/B00006IAS3?tag=eloabder-20&linkCode=osi&th=1&psc=1"><img src="https://m.media-amazon.com/images/I/317DvSXhT1L._SL500_.jpg" alt="Product Image"></a><p>GBC Binding System, Manual, Desktop Binding Punch, 6 Sheet Punch Capacity, ProClick P50 (2515650)</p><p>$123.89</p><a href="https://www.amazon.com/dp/B00006IAS3?tag=eloabder-20&linkCode=osi&th=1&psc=1">View Product</a></div><div class="product"><a href="https://www.amazon.com/dp/B004BP81KQ?tag=eloabder-20&linkCode=osi&th=1&psc=1"><img src="https://m.media-amazon.com/images/I/51SqfeZ12KL._SL500_.jpg" alt="Product Image"></a><p>We R Memory Keepers Cinch Book Binding Wire (1-Inch, Silver (2 Pack))</p><p>$5.99</p><a href="https://www.amazon.com/dp/B004BP81KQ?tag=eloabder-20&linkCode=osi&th=1&psc=1">View Product</a></div>

<div class="product"><a href="https://www.amazon.com/dp/B0007ZJ8TM?tag=eloabder-20&linkCode=osi&th=1&psc=1"><img src="https://m.media-amazon.com/images/I/41i49sz3UAL._SL500_.jpg" alt="Product Image"></a><p>Speedball Super Black India Ink, 2-Ounce</p><p>$9.99 ($9.99 / Count)</p><a href="https://www.amazon.com/dp/B0007ZJ8TM?tag=eloabder-20&linkCode=osi&th=1&psc=1">View Product</a></div><div class="product"><a href="https://www.amazon.com/dp/B0026I10AI?tag=eloabder-20&linkCode=osi&th=1&psc=1"><img src="https://m.media-amazon.com/images/I/31vklP4uBsL._SL500_.jpg" alt="Product Image"></a><p>Dr. Ph. Martin's Bombay India (7BY) Ink Bottle, 1.0 oz, Black</p><p>$6.99</p><a href="https://www.amazon.com/dp/B0026I10AI?tag=eloabder-20&linkCode=osi&th=1&psc=1">View Product</a></div><div class="product"><a href="https://www.amazon.com/dp/B000KNP96C?tag=eloabder-20&linkCode=osi&th=1&psc=1"><img src="https://m.media-amazon.com/images/I/51e9srYtG0L._SL500_.jpg" alt="Product Image"></a><p>Winsor & Newton Drawing Ink, 14ml Bottle, Black Indian</p><p>$10.99</p><a href="https://www.amazon.com/dp/B000KNP96C?tag=eloabder-20&linkCode=osi&th=1&psc=1">View Product</a></div><div class="product"><a href="https://www.amazon.com/dp/B07BQG5QF4?tag=eloabder-20&linkCode=osi&th=1&psc=1"><img src="https://m.media-amazon.com/images/I/41nEMDYZaiL._SL500_.jpg" alt="Product Image"></a><p>Speedball Super Black India Ink, 16-Ounce</p><p>$19.99</p><a href="https://www.amazon.com/dp/B07BQG5QF4?tag=eloabder-20&linkCode=osi&th=1&psc=1">View Product</a></div><div class="product"><a href="https://www.amazon.com/dp/B001038NLY?tag=eloabder-20&linkCode=osi&th=1&psc=1"><img src="https://m.media-amazon.com/images/I/418i4sxJJ0L._SL500_.jpg" alt="Product Image"></a><p>Speedball Fabric Screen Printing Ink, 8-Ounce, Black for T-Shirt and Silkscreen Printmaking</p><p>$12.99 ($1.62 / Fl Oz)</p><a href="https://www.amazon.com/dp/B001038NLY?tag=eloabder-20&linkCode=osi&th=1&psc=1">View Product</a></div><div class="product"><a href="https://www.amazon.com/dp/B00161OPSA?tag=eloabder-20&linkCode=osi&th=1&psc=1"><img src="https://m.media-amazon.com/images/I/41C32y3CJAL._SL500_.jpg" alt="Product Image"></a><p>Tsukineko VersaFine inkpad, Full-Size, Onyx Black</p><p>$4.99 ($4.99 / Count)</p><a href="https://www.amazon.com/dp/B00161OPSA?tag=eloabder-20&linkCode=osi&th=1&psc=1">View Product</a></div>
<div class="product"><a href="https://www.amazon.com/dp/B07Q4TJCDJ?tag=eloabder-20&linkCode=osi&th=1&psc=1"><img src="https://m.media-amazon.com/images/I/315HYvYg-BL._SL500_.jpg" alt="Product Image"></a><p>Primbeeks 300pcs Blank Business Cards, Premium Blank White Cards, 3.5" x 2.2" Small Blank Cards, Blank Cardstock Cards, Small Note Cards, white blank cards, white business cards, kraft paper cards</p><p>$7.99</p><a href="https://www.amazon.com/dp/B07Q4TJCDJ?tag=eloabder-20&linkCode=osi&th=1&psc=1">View Product</a></div><div class="product"><a href="https://www.amazon.com/dp/B0CRGHFLT8?tag=eloabder-20&linkCode=osi&th=1&psc=1"><img src="https://m.media-amazon.com/images/I/41S1NLpb8hL._SL500_.jpg" alt="Product Image"></a><p>Watercolor Cards and Envelopes Set - 50 Folded 5x7 Inch Blank Heavyweight Paper Cards (140lb/300gsm) with Matching Envelopes for DIY Greeting Cards, Festivals, and Events</p><p>$17.99 ($0.36 / Count)</p><a href="https://www.amazon.com/dp/B0CRGHFLT8?tag=eloabder-20&linkCode=osi&th=1&psc=1">View Product</a></div><div class="product"><a href="https://www.amazon.com/dp/B08MX4TZ3H?tag=eloabder-20&linkCode=osi&th=1&psc=1"><img src="https://m.media-amazon.com/images/I/41D2u4vdLQL._SL500_.jpg" alt="Product Image"></a><p>50 Pack Blank Kraft Cards Cardstock Thick Paper Brown Greeting Cards for DIY Gift Card Menus, Baby Shower and Wedding Invitations (Multicolored, 5x7IN)</p><p>$8.99</p><a href="https://www.amazon.com/dp/B08MX4TZ3H?tag=eloabder-20&linkCode=osi&th=1&psc=1">View Product</a></div><div class="product"><a href="https://www.amazon.com/dp/B08BDGGVMK?tag=eloabder-20&linkCode=osi&th=1&psc=1"><img src="https://m.media-amazon.com/images/I/41W-dTUoBqL._SL500_.jpg" alt="Product Image"></a><p>100pcs 3.54"x2" Blank Kraft Paper Business Card, Words Message Notes paper Tags, Mini Craft Cardboard Festival gifts - 6 colors</p><p>$5.98</p><a href="https://www.amazon.com/dp/B08BDGGVMK?tag=eloabder-20&linkCode=osi&th=1&psc=1">View Product</a></div><div class="product"><a href="https://www.amazon.com/dp/B08BFDJJ78?tag=eloabder-20&linkCode=osi&th=1&psc=1"><img src="https://m.media-amazon.com/images/I/61LZ1Csb+dL._SL500_.jpg" alt="Product Image"></a><p>Nettbe 100pcs 3.54"x2" Blank Kraft Paper Business Card, Words Message Notes paper Tags, Mini Craft Cardboard Festival gifts</p><p>$5.99</p><a href="https://www.amazon.com/dp/B08BFDJJ78?tag=eloabder-20&linkCode=osi&th=1&psc=1">View Product</a></div><div class="product"><a href="https://www.amazon.com/dp/B07Q8YBJM3?tag=eloabder-20&linkCode=osi&th=1&psc=1"><img src="https://m.media-amazon.com/images/I/31w6U4cCqEL._SL500_.jpg" alt="Product Image"></a><p>Primbeeks 228pcs Blank Business Cards, Premium Blank White Cards, 3.5" x 2.2" Small Blank Cards, Blank Cardstock Cards, Small Note Cards, white blank cards, white business cards, kraft paper cards</p><p>$5.99</p><a href="https://www.amazon.com/dp/B07Q8YBJM3?tag=eloabder-20&linkCode=osi&th=1&psc=1">View Product</a></div><div class="product"><a href="https://www.amazon.com/dp/B08X4Z9TGN?tag=eloabder-20&linkCode=osi&th=1&psc=1"><img src="https://m.media-amazon.com/images/I/41Jqhe35tDL._SL500_.jpg" alt="Product Image"></a><p>321Done Blank Rustic Cards, Made in USA - 4x6 Thick, Heavy Cardstock - Make Invites, Greeting, Note, Thank You Cards - Plain Kraft for Writing, Stamping, Printing, Art - No Envelopes - Set of 50</p><p>$14.99</p><a href="https://www.amazon.com/dp/B08X4Z9TGN?tag=eloabder-20&linkCode=osi&th=1&psc=1">View Product</a></div><div class="product"><a href="https://www.amazon.com/dp/B0D2KDWBNM?tag=eloabder-20&linkCode=osi&th=1&psc=1"><img src="https://m.media-amazon.com/images/I/31dAhnBJ7aL._SL500_.jpg" alt="Product Image"></a><p>4x6 Blank White Cardstock (Set of 100) - Card Stock for Printer Postcards, Photo Paper Invitations, Greeting, Note, Thank You, DIY Making, Index Cards - Plain for Writing, Stamping, Printing, Art</p><p>$8.99</p><a href="https://www.amazon.com/dp/B0D2KDWBNM?tag=eloabder-20&linkCode=osi&th=1&psc=1">View Product</a></div><div class="product"><a href="https://www.amazon.com/dp/B0BB858RYN?tag=eloabder-20&linkCode=osi&th=1&psc=1"><img src="https://m.media-amazon.com/images/I/317zmriPKNL._SL500_.jpg" alt="Product Image"></a><p>WANDERINGS Handmade White Deckle Edge Blank Greeting Cards- Folded to 5x7” - Pack of 25 - Writers, Artists, Crafters - Thank Yous, Invitations, Menus, Greeting Cards, Notes - Thick 150 GSM</p><p>$21.99 ($0.88 / Count)</p><a href="https://www.amazon.com/dp/B0BB858RYN?tag=eloabder-20&linkCode=osi&th=1&psc=1">View Product</a></div><div class="product"><a href="https://www.amazon.com/dp/B0BZPPXRZW?tag=eloabder-20&linkCode=osi&th=1&psc=1"><img src="https://m.media-amazon.com/images/I/21Da-WQhrpL._SL500_.jpg" alt="Product Image"></a><p>100 Pack Thick Paper Cardstock Blank Heavy Cards Stock for Invitations, Greeting Cards Making, Postcards, Photos, 250GSM Thick Paper (White, 2x3.5 inches)</p><p>$5.99</p><a href="https://www.amazon.com/dp/B0BZPPXRZW?tag=eloabder-20&linkCode=osi&th=1&psc=1">View Product</a></div>
<div class="product"><a href="https://www.amazon.com/dp/B0BZRDQKH6?tag=eloabder-20&linkCode=osi&th=1&psc=1"><img src="https://m.media-amazon.com/images/I/41GYYRiusgL._SL500_.jpg" alt="Product Image"></a><p>feela 8 Pack Unlined Kraft Paper Notebooks, Blank Journal Note Pad for Drawing Writing, Small Sketchbook Travel Journal Bulk for Women Kids Students Office School Supplies, A5, 60 Pages, 8.3” X 5.5”</p><p>$9.99</p><a href="https://www.amazon.com/dp/B0BZRDQKH6?tag=eloabder-20&linkCode=osi&th=1&psc=1">View Product</a></div><div class="product"><a href="https://www.amazon.com/dp/B0BXLB74KK?tag=eloabder-20&linkCode=osi&th=1&psc=1"><img src="https://m.media-amazon.com/images/I/313vYzg7HpL._SL500_.jpg" alt="Product Image"></a><p>ZZTX 4 Pack Blank Kraft Notebooks, Blank Paper Sketchbooks for Drawing Doodling Writing,Travel Journal Set, A5, 36 Pages, 8.3” X 5.5”</p><p>$5.99</p><a href="https://www.amazon.com/dp/B0BXLB74KK?tag=eloabder-20&linkCode=osi&th=1&psc=1">View Product</a></div><div class="product"><a href="https://www.amazon.com/dp/B0BW5TNPXJ?tag=eloabder-20&linkCode=osi&th=1&psc=1"><img src="https://m.media-amazon.com/images/I/31Wu8UP78iL._SL500_.jpg" alt="Product Image"></a><p>EOOUT Kraft Notebooks, Blank Page Journals in Bulk, 16pcs A5, 8.3 X 5.5 Inches, 60 Pages, 80gsm, Travel Journal Set, for Art Camp, Travelers, Students and Office Supplies Sketchbooks Bulk for Kids</p><p>$15.99</p><a href="https://www.amazon.com/dp/B0BW5TNPXJ?tag=eloabder-20&linkCode=osi&th=1&psc=1">View Product</a></div><div class="product"><a href="https://www.amazon.com/dp/B08P3F46SD?tag=eloabder-20&linkCode=osi&th=1&psc=1"><img src="https://m.media-amazon.com/images/I/41jeBDcZJ1L._SL500_.jpg" alt="Product Image"></a><p>Krafty Soft Cover Blank Notebook Journal, Spiral Sketchbook Pad, Drawing Book, 60 Sheets/140gsm (A4)/120 Pages</p><p>$7.99</p><a href="https://www.amazon.com/dp/B08P3F46SD?tag=eloabder-20&linkCode=osi&th=1&psc=1">View Product</a></div><div class="product"><a href="https://www.amazon.com/dp/B0CWNPMC4T?tag=eloabder-20&linkCode=osi&th=1&psc=1"><img src="https://m.media-amazon.com/images/I/31BZeVGe6TL._SL500_.jpg" alt="Product Image"></a><p>zmybcpack 5 Pack Blank Journal Notebooks, Blank Paper Sketchbook for Drawing Writing, Travel Journal Notebook Kraft Paper Notebook for Travelers, Students, Office, A5, 8.26” x 5.5”, 60 Pages/30 Sheets</p><p>$8.99</p><a href="https://www.amazon.com/dp/B0CWNPMC4T?tag=eloabder-20&linkCode=osi&th=1&psc=1">View Product</a></div><div class="product"><a href="https://www.amazon.com/dp/B07WHYP9WN?tag=eloabder-20&linkCode=osi&th=1&psc=1"><img src="https://m.media-amazon.com/images/I/41ZhyCux1yL._SL500_.jpg" alt="Product Image"></a><p>Thick Blank Journal Notebook with Unlined / Unruled / Plain Pages | Deluxe 120gsm Ink Resistant Paper for Writing, Sketch Book, 160 Pages | Hardcover Sketchbook with Pen Holder, Pocket, Ribbon (Black)</p><p>$14.99</p><a href="https://www.amazon.com/dp/B07WHYP9WN?tag=eloabder-20&linkCode=osi&th=1&psc=1">View Product</a></div>
<div class="product"><a href="https://www.amazon.com/dp/B07MT7HKZW?tag=eloabder-20&linkCode=osi&th=1&psc=1"><img src="https://m.media-amazon.com/images/I/413JwH5JREL._SL500_.jpg" alt="Product Image"></a><p>Spiral Sketch Book Large Notebook（Built-in Drawing Board） Kraft Cover Blank Sketch Pad Wirebound Sketching for Drawing Painting 8.5x11-Inch (2 Pack) 200 Sheets, 100 Sheets, 200Pages Each</p><p>$17.99 ($9.00 / Count)</p><a href="https://www.amazon.com/dp/B07MT7HKZW?tag=eloabder-20&linkCode=osi&th=1&psc=1">View Product</a></div><div class="product"><a href="https://www.amazon.com/dp/B0BDQ82WB9?tag=eloabder-20&linkCode=osi&th=1&psc=1"><img src="https://m.media-amazon.com/images/I/51FoWr3GPwL._SL500_.jpg" alt="Product Image"></a><p>feela 170 Pack Blank Kraft Notebooks, Unlined Sketchbook Mini Cute Note Pad for Drawing Writing, Journal Bulk For Kids Students Office School Supplies, A6, 48 Pages, 4.25” X 5.5”, Black and Brown</p><p>$51.99</p><a href="https://www.amazon.com/dp/B0BDQ82WB9?tag=eloabder-20&linkCode=osi&th=1&psc=1">View Product</a></div><div class="product"><a href="https://www.amazon.com/dp/B0B3WWHWT2?tag=eloabder-20&linkCode=osi&th=1&psc=1"><img src="https://m.media-amazon.com/images/I/31m0FzXtPxL._SL500_.jpg" alt="Product Image"></a><p>Tamaki 6 Pack Colorful Blank Books for kids to Write, Drawing, Cute Sketchbook for Kid, 6 Colors (4.25 x 5.5 Inches)</p><p>$6.99</p><a href="https://www.amazon.com/dp/B0B3WWHWT2?tag=eloabder-20&linkCode=osi&th=1&psc=1">View Product</a></div>
<div class="product"><a href="https://www.amazon.com/dp/B0BGH2P9M6?tag=eloabder-20&linkCode=osi&th=1&psc=1"><img src="https://m.media-amazon.com/images/I/41ozOaYoHEL._SL500_.jpg" alt="Product Image"></a><p>EOOUT 100pcs A5 Kraft Notebooks, Blank Page Journals in Bulk, Sketchbooks Bulk for Kids, 60 Pages, 80GSM, 8.3 X 5.5 Inch, Travel Journal Set, for Art Camp, Travelers, Students and Office Supplies</p><p>$51.99</p><a href="https://www.amazon.com/dp/B0BGH2P9M6?tag=eloabder-20&linkCode=osi&th=1&psc=1">View Product</a></div><div class="product"><a href="https://www.amazon.com/dp/B07MT99F94?tag=eloabder-20&linkCode=osi&th=1&psc=1"><img src="https://m.media-amazon.com/images/I/41Ug7gpSWDL._SL500_.jpg" alt="Product Image"></a><p>Spiral Sketch Book Large Notebook（Built-in Drawing Board） Kraft Cover Blank Sketch Pad Wirebound Sketching for Drawing Painting 8.5x11-Inch (1 Pack) 200 Pages, 100 Sheets</p><p>$9.99</p><a href="https://www.amazon.com/dp/B07MT99F94?tag=eloabder-20&linkCode=osi&th=1&psc=1">View Product</a></div><div class="product"><a href="https://www.amazon.com/dp/B07CM32KLM?tag=eloabder-20&linkCode=osi&th=1&psc=1"><img src="https://m.media-amazon.com/images/I/41ENhBLE9DL._SL500_.jpg" alt="Product Image"></a><p>Kraft Cover Drawing Notebook & Sketchbook – Set of 2 Blank Plain Sketch Books – 125g Thick Paper A5 Size, 150x210mm Paper Ideal for Drawing & Sketching- 128 sheets/256 pages – 180 Degree Opening, 2pcs</p><p>$20.99 ($0.08 / Count)</p><a href="https://www.amazon.com/dp/B07CM32KLM?tag=eloabder-20&linkCode=osi&th=1&psc=1">View Product</a></div><div class="product"><a href="https://www.amazon.com/dp/B08ZLMLF7C?tag=eloabder-20&linkCode=osi&th=1&psc=1"><img src="https://m.media-amazon.com/images/I/41X-5yj83vL._SL500_.jpg" alt="Product Image"></a><p>BEECHMORE BOOKS Sketch Book, A4 8.5 x 11.5 inch Blank Sketchbook for Drawing, Paint and Draw, 156 Pages Thick Paper 160gsm, Hardcover Leather Art Notebook, Boxed for Gifts (Chestnut Brown)</p><p>$21.20</p><a href="https://www.amazon.com/dp/B08ZLMLF7C?tag=eloabder-20&linkCode=osi&th=1&psc=1">View Product</a></div>
<div class="product"><a href="https://www.amazon.com/dp/B075M9MSFH?tag=eloabder-20&linkCode=osi&th=1&psc=1"><img src="https://m.media-amazon.com/images/I/51x+szTX6TL._SL500_.jpg" alt="Product Image"></a><p>Bianyo Bleedproof Marker Paper Pad, A4(8.27"X11.69"), 50 Sheets, 18 LB / 70 GSM, Glue-Bound, 100% Cotton, White, Ideal for Use with Markers and Ink Mediums</p><p>$9.99</p><a href="https://www.amazon.com/dp/B075M9MSFH?tag=eloabder-20&linkCode=osi&th=1&psc=1">View Product</a></div><div class="product"><a href="https://www.amazon.com/dp/B08FX5S2NL?tag=eloabder-20&linkCode=osi&th=1&psc=1"><img src="https://m.media-amazon.com/images/I/41CA0ZfazKL._SL500_.jpg" alt="Product Image"></a><p>Marker Paper Sketchbook, Bleedproof Art Marker Pad, (8.27 X 11.69) Inch, White, 40 Sheets</p><p>$6.99</p><a href="https://www.amazon.com/dp/B08FX5S2NL?tag=eloabder-20&linkCode=osi&th=1&psc=1">View Product</a></div><div class="product"><a href="https://www.amazon.com/dp/B0CJRBFSJ8?tag=eloabder-20&linkCode=osi&th=1&psc=1"><img src="https://m.media-amazon.com/images/I/51DLA8TpwEL._SL500_.jpg" alt="Product Image"></a><p>Shuttle Art Marker Pad, 8.3”x8.9” Portable Square Sketchbook, 80 Sheets Marker Drawing Paper, 120LB/200GSM Bleedproof Art Paper, Spiral-Bound, Great for Professional Artist to Draw, Paint & Sketch</p><p>$16.99</p><a href="https://www.amazon.com/dp/B0CJRBFSJ8?tag=eloabder-20&linkCode=osi&th=1&psc=1">View Product</a></div><div class="product"><a href="https://www.amazon.com/dp/B09N7VX5Z5?tag=eloabder-20&linkCode=osi&th=1&psc=1"><img src="https://m.media-amazon.com/images/I/51xCPs9HZyL._SL500_.jpg" alt="Product Image"></a><p>Marker Paper Sketchbook - Marker Sketchbook with Bleedproof Smooth Coated Art Paper, 120 GSM 80 LBS - Marker Pad for Alcohol Markers, Sketching, Drawing - 8.11 x 8.5 Inch | 50 Sheets, 2 Pack</p><p>$15.99 ($8.00 / Count)</p><a href="https://www.amazon.com/dp/B09N7VX5Z5?tag=eloabder-20&linkCode=osi&th=1&psc=1">View Product</a></div><div class="product"><a href="https://www.amazon.com/dp/B07CK94W9T?tag=eloabder-20&linkCode=osi&th=1&psc=1"><img src="https://m.media-amazon.com/images/I/41ocoSNDjdL._SL500_.jpg" alt="Product Image"></a><p>BOXUN Premium 50 Sheets Sketch Marker Paper Pad, Bleedproof Artist Drawing Paper, 8.27 x 11.69 Inch</p><p>$8.29 ($0.17 / Count)</p><a href="https://www.amazon.com/dp/B07CK94W9T?tag=eloabder-20&linkCode=osi&th=1&psc=1">View Product</a></div><div class="product"><a href="https://www.amazon.com/dp/B0CPXWD11W?tag=eloabder-20&linkCode=osi&th=1&psc=1"><img src="https://m.media-amazon.com/images/I/51ApKzpDVNL._SL500_.jpg" alt="Product Image"></a><p>FEITAKE Marker Paper Pad Sketchbook Bleedproof for Alcohol Markers 120lb/200gsm Double Sided Thick Art Drawing Papers 60pages (30Sheets) / A4(8.3"x11.7") Gift for Artists Students Kids</p><p>$13.99 ($0.47 / Count)</p><a href="https://www.amazon.com/dp/B0CPXWD11W?tag=eloabder-20&linkCode=osi&th=1&psc=1">View Product</a></div><div class="product"><a href="https://www.amazon.com/dp/B0025TWYW6?tag=eloabder-20&linkCode=osi&th=1&psc=1"><img src="https://m.media-amazon.com/images/I/51t6UkUHCvL._SL500_.jpg" alt="Product Image"></a><p>Bee Paper Bleedproof Marker Pack, 8-1/2-Inch by 11-Inch, 50 Sheets per Pack</p><p>$17.09 ($0.34 / Count)</p><a href="https://www.amazon.com/dp/B0025TWYW6?tag=eloabder-20&linkCode=osi&th=1&psc=1">View Product</a></div><div class="product"><a href="https://www.amazon.com/dp/B0CJRBYYQB?tag=eloabder-20&linkCode=osi&th=1&psc=1"><img src="https://m.media-amazon.com/images/I/41knBnjZ25L._SL500_.jpg" alt="Product Image"></a><p>Shuttle Art Marker Pad, 8.3”x7.67” Portable Square Sketchbook, 50 Sheets Marker Drawing Paper, 60LB/90GSM Smooth Surface Bleedproof Art Paper, Glue-Bound, Great for Beginners to Draw, Paint & Sketch</p><p>$8.99 ($0.18 / Count)</p><a href="https://www.amazon.com/dp/B0CJRBYYQB?tag=eloabder-20&linkCode=osi&th=1&psc=1">View Product</a></div>
<div class="product"><a href="https://www.amazon.com/dp/B00881IU8M?tag=eloabder-20&linkCode=osi&th=1&psc=1"><img src="https://m.media-amazon.com/images/I/41hbSgdLBtL._SL500_.jpg" alt="Product Image"></a><p>Speedball Fabric & Paper Block Printing Ink 6-Color Set, 1.25-Ounce x 6</p><p>$28.99 ($28.99 / Count)</p><a href="https://www.amazon.com/dp/B00881IU8M?tag=eloabder-20&linkCode=osi&th=1&psc=1">View Product</a></div><div class="product"><a href="https://www.amazon.com/dp/B000J09PFM?tag=eloabder-20&linkCode=osi&th=1&psc=1"><img src="https://m.media-amazon.com/images/I/51yPRc4nvoL._SL500_.jpg" alt="Product Image"></a><p>Speedball Water-Soluble Block Printing Ink Starter Set, 6 Bold Colors with Satin Finish, 1.25-Ounce Tubes</p><p>$29.99 ($4.00 / Fl Oz)</p><a href="https://www.amazon.com/dp/B000J09PFM?tag=eloabder-20&linkCode=osi&th=1&psc=1">View Product</a></div><div class="product"><a href="https://www.amazon.com/dp/B000BYT24U?tag=eloabder-20&linkCode=osi&th=1&psc=1"><img src="https://m.media-amazon.com/images/I/51pDlo+LlKL._SL500_.jpg" alt="Product Image"></a><p>Speedball Water-Soluble Block Printing Ink, 8-Ounce Jar, Black</p><p>$14.49</p><a href="https://www.amazon.com/dp/B000BYT24U?tag=eloabder-20&linkCode=osi&th=1&psc=1">View Product</a></div><div class="product"><a href="https://www.amazon.com/dp/B00C1JUJWW?tag=eloabder-20&linkCode=osi&th=1&psc=1"><img src="https://m.media-amazon.com/images/I/41zDtJ6f5hL._SL500_.jpg" alt="Product Image"></a><p>Speedball Fabric Block Printing Ink, 2.5-Ounce, Black</p><p>$9.99 ($4.00 / Fl Oz)</p><a href="https://www.amazon.com/dp/B00C1JUJWW?tag=eloabder-20&linkCode=osi&th=1&psc=1">View Product</a></div><div class="product"><a href="https://www.amazon.com/dp/B004PZ1ZJG?tag=eloabder-20&linkCode=osi&th=1&psc=1"><img src="https://m.media-amazon.com/images/I/41+GkhhpR5L._SL500_.jpg" alt="Product Image"></a><p>Speedball Water-Soluble Block Printing Ink Starter Set, 4-Color Set, 1.25-Ounce Tubes</p><p>$20.99</p><a href="https://www.amazon.com/dp/B004PZ1ZJG?tag=eloabder-20&linkCode=osi&th=1&psc=1">View Product</a></div><div class="product"><a href="https://www.amazon.com/dp/B0017CZF3C?tag=eloabder-20&linkCode=osi&th=1&psc=1"><img src="https://m.media-amazon.com/images/I/41S17SYPAZL._SL500_.jpg" alt="Product Image"></a><p>Speedball Water Soluble Block Printing Ink, Black, 2-1/2 Ounces - 380663</p><p>$9.99</p><a href="https://www.amazon.com/dp/B0017CZF3C?tag=eloabder-20&linkCode=osi&th=1&psc=1">View Product</a></div><div class="product"><a href="https://www.amazon.com/dp/B0BXNX8FSH?tag=eloabder-20&linkCode=osi&th=1&psc=1"><img src="https://m.media-amazon.com/images/I/51JGm1VxVOL._SL500_.jpg" alt="Product Image"></a><p>Falling in Art Water-Soluble Block Printing Ink, 6-Color Printmaking Ink Set for Linoleum Block, 3.5 floz</p><p>$28.99</p><a href="https://www.amazon.com/dp/B0BXNX8FSH?tag=eloabder-20&linkCode=osi&th=1&psc=1">View Product</a></div><div class="product"><a href="https://www.amazon.com/dp/B0027ACJBO?tag=eloabder-20&linkCode=osi&th=1&psc=1"><img src="https://m.media-amazon.com/images/I/41OzayB9ojL._SL500_.jpg" alt="Product Image"></a><p>Speedball 3476 Oil-Based Block Printing Ink Starter Set for Professional, Permanent Prints AP Certified – 1.25 FL OZ Tubes</p><p>$33.99</p><a href="https://www.amazon.com/dp/B0027ACJBO?tag=eloabder-20&linkCode=osi&th=1&psc=1">View Product</a></div>
<div class="product"><a href="https://www.amazon.com/dp/B0027AGDWK?tag=eloabder-20&linkCode=osi&th=1&psc=1"><img src="https://m.media-amazon.com/images/I/515LDer6GPL._SL500_.jpg" alt="Product Image"></a><p>Speedball Deluxe Block Printing Kit - Includes Inks, Brayer, Bench Hook, Lino Handle and Cutters, Speedy-Carve Block, Mounted Linoleum Block</p><p>$59.99</p><a href="https://www.amazon.com/dp/B0027AGDWK?tag=eloabder-20&linkCode=osi&th=1&psc=1">View Product</a></div><div class="product"><a href="https://www.amazon.com/dp/B07ZJBZN5S?tag=eloabder-20&linkCode=osi&th=1&psc=1"><img src="https://m.media-amazon.com/images/I/41UbN58y9uS._SL500_.jpg" alt="Product Image"></a><p>SGHUO 12pcs 4"x6" Pink Rubber Carving Blocks Linoleum Block Stamp Making Kit</p><p>$22.99 ($1.92 / Count)</p><a href="https://www.amazon.com/dp/B07ZJBZN5S?tag=eloabder-20&linkCode=osi&th=1&psc=1">View Product</a></div>
<div class="product"><a href="https://www.amazon.com/dp/B00L2DYUM8?tag=eloabder-20&linkCode=osi&th=1&psc=1"><img src="https://m.media-amazon.com/images/I/51l5FZ0+5AL._SL500_.jpg" alt="Product Image"></a><p>Strathmore 300 Series Printmaking Paper Pad, Glue Bound, 5x7 inches, 40 Sheets (120g) - Artist Paper for Adults and Students - Block Printing, Linocut, Screen Printing, White</p><p>$7.26</p><a href="https://www.amazon.com/dp/B00L2DYUM8?tag=eloabder-20&linkCode=osi&th=1&psc=1">View Product</a></div><div class="product"><a href="https://www.amazon.com/dp/B07BSYS5XC?tag=eloabder-20&linkCode=osi&th=1&psc=1"><img src="https://m.media-amazon.com/images/I/51Uwfq0jv+L._SL500_.jpg" alt="Product Image"></a><p>Ucreate Printmaking Paper, 9"x12", White, 100 Sheet, P9001</p><p>$9.79</p><a href="https://www.amazon.com/dp/B07BSYS5XC?tag=eloabder-20&linkCode=osi&th=1&psc=1">View Product</a></div><div class="product"><a href="https://www.amazon.com/dp/B00K5562WA?tag=eloabder-20&linkCode=osi&th=1&psc=1"><img src="https://m.media-amazon.com/images/I/51Dm+TeJGdL._SL500_.jpg" alt="Product Image"></a><p>Strathmore Printmaking Paper Pad 8"X10"-20 Sheets -62433800, White</p><p>$10.19</p><a href="https://www.amazon.com/dp/B00K5562WA?tag=eloabder-20&linkCode=osi&th=1&psc=1">View Product</a></div><div class="product"><a href="https://www.amazon.com/dp/B001DNH8I0?tag=eloabder-20&linkCode=osi&th=1&psc=1"><img src="https://m.media-amazon.com/images/I/51UzoKdUojL._SL500_.jpg" alt="Product Image"></a><p>Black Ink 9-Inch by 12-Inch Bleached Mulberry Block Printing Paper, 25-Pack</p><p>$19.35 ($0.77 / Count)</p><a href="https://www.amazon.com/dp/B001DNH8I0?tag=eloabder-20&linkCode=osi&th=1&psc=1">View Product</a></div><div class="product"><a href="https://www.amazon.com/dp/B00C6G6L5Y?tag=eloabder-20&linkCode=osi&th=1&psc=1"><img src="https://m.media-amazon.com/images/I/5103h0Rm8sL._SL500_.jpg" alt="Product Image"></a><p>Black Ink Thai Mulberry Block Printing Paper Packs small assorted colors</p><p>$21.99</p><a href="https://www.amazon.com/dp/B00C6G6L5Y?tag=eloabder-20&linkCode=osi&th=1&psc=1">View Product</a></div>
<div class="product"><a href="https://www.amazon.com/dp/B003IG27OK?tag=eloabder-20&linkCode=osi&th=1&psc=1"><img src="https://m.media-amazon.com/images/I/416NUaYo1DL._SL500_.jpg" alt="Product Image"></a><p>Speedball Block Printing Baren - Comfortable Wooden Handle, Made in the USA - 4 Inches</p><p>$29.49</p><a href="https://www.amazon.com/dp/B003IG27OK?tag=eloabder-20&linkCode=osi&th=1&psc=1">View Product</a></div>
<div class="product"><a href="https://www.amazon.com/dp/B0CMZYY8CJ?tag=eloabder-20&linkCode=osi&th=1&psc=1"><img src="https://m.media-amazon.com/images/I/41TifSIP7SL._SL500_.jpg" alt="Product Image"></a><p>Ecoofor Blotting Paper for Flower Press, 20 Sheets Highly Absorbent and Reusable Blotter Paper for Flower Press Paper Craft 9 x 9 inch</p><p>$9.99</p><a href="https://www.amazon.com/dp/B0CMZYY8CJ?tag=eloabder-20&linkCode=osi&th=1&psc=1">View Product</a></div><div class="product"><a href="https://www.amazon.com/dp/B0CYRT3RM4?tag=eloabder-20&linkCode=osi&th=1&psc=1"><img src="https://m.media-amazon.com/images/I/31+qvVq3giL._SL500_.jpg" alt="Product Image"></a><p>Hygge & Sage Premium Natural Fiber Blotting Paper for Flower Press Art; 20 Large Sheets for a Press up to 8x11 Inches; Absorbent, Versatile, and Acid-Free Reusable Blotter Paper for Flower Pressing</p><p>$9.50 ($0.48 / Count)</p><a href="https://www.amazon.com/dp/B0CYRT3RM4?tag=eloabder-20&linkCode=osi&th=1&psc=1">View Product</a></div><div class="product"><a href="https://www.amazon.com/dp/B0D41GDLHM?tag=eloabder-20&linkCode=osi&th=1&psc=1"><img src="https://m.media-amazon.com/images/I/41LIF5dHXaL._SL500_.jpg" alt="Product Image"></a><p>Aboofx 20 Sheets Blotting Paper for Flower Press, 15" x 10" Extra Large Highly Absorbent Blotter Paper for Flower Press Reusable Herbarium Paper Craft Blotter Paper Sheets</p><p>$19.99</p><a href="https://www.amazon.com/dp/B0D41GDLHM?tag=eloabder-20&linkCode=osi&th=1&psc=1">View Product</a></div><div class="product"><a href="https://www.amazon.com/dp/B0CQMMYSBR?tag=eloabder-20&linkCode=osi&th=1&psc=1"><img src="https://m.media-amazon.com/images/I/413SlUi6IDL._SL500_.jpg" alt="Product Image"></a><p>Wisreach Blotting Paper for Flower Press, 20 Sheets Flower Press Paper Highly Absorbent and Reusable Blotter Paper for Flower Art A4 Size 8.26 x 11.4 inch</p><p>$9.99</p><a href="https://www.amazon.com/dp/B0CQMMYSBR?tag=eloabder-20&linkCode=osi&th=1&psc=1">View Product</a></div><div class="product"><a href="https://www.amazon.com/dp/B093FQ22PG?tag=eloabder-20&linkCode=osi&th=1&psc=1"><img src="https://m.media-amazon.com/images/I/41B2jXhe+QL._SL500_.jpg" alt="Product Image"></a><p>Blotting Paper for Flower Press by Berstuk® • Large A4 Flower Press Paper • Highly Absorbent and Reusable Herbarium Paper • Pack of 10 Blotter Paper Sheets</p><p>$6.99 ($69.90 / 100 Sheets)</p><a href="https://www.amazon.com/dp/B093FQ22PG?tag=eloabder-20&linkCode=osi&th=1&psc=1">View Product</a></div><div class="product"><a href="https://www.amazon.com/dp/B0C6PW4VGB?tag=eloabder-20&linkCode=osi&th=1&psc=1"><img src="https://m.media-amazon.com/images/I/21C64VB3iVL._SL500_.jpg" alt="Product Image"></a><p>PATIKIL 16"x12" Flower Press Paper, 1 Set/30 Sheet Refill Lining Blotter Paper Absorbent Reusable Blotting Paper for DIY Art Handicraft Scrapbook</p><p>$11.19</p><a href="https://www.amazon.com/dp/B0C6PW4VGB?tag=eloabder-20&linkCode=osi&th=1&psc=1">View Product</a></div><div class="product"><a href="https://www.amazon.com/dp/B0C6PTK915?tag=eloabder-20&linkCode=osi&th=1&psc=1"><img src="https://m.media-amazon.com/images/I/21UviFCGjtL._SL500_.jpg" alt="Product Image"></a><p>PATIKIL 12"x8" Flower Press Paper, 2 Set/60 Sheet Refill Lining Blotter Paper Absorbent Reusable Blotting Paper for DIY Art Handicraft Scrapbook</p><p>$13.69</p><a href="https://www.amazon.com/dp/B0C6PTK915?tag=eloabder-20&linkCode=osi&th=1&psc=1">View Product</a></div><div class="product"><a href="https://www.amazon.com/dp/B0CDJZ4MD7?tag=eloabder-20&linkCode=osi&th=1&psc=1"><img src="https://m.media-amazon.com/images/I/41iwkW+QQOL._SL500_.jpg" alt="Product Image"></a><p>30 PCS Blotting Paper for Flower Press Large A4 Flower Press Paper Highly Absorbent and Reusable Blotter Paper Refill Lining Paper for Flower Press Art Craft Scrapbook Making, 11.8 x 7.9 Inches Blue</p><p>$9.99</p><a href="https://www.amazon.com/dp/B0CDJZ4MD7?tag=eloabder-20&linkCode=osi&th=1&psc=1">View Product</a></div>

<div class="product"><a href="https://www.amazon.com/dp/B0D2T4F1DZ?tag=eloabder-20&linkCode=osi&th=1&psc=1"><img src="https://m.media-amazon.com/images/I/41KNcatyBWL._SL500_.jpg" alt="Product Image"></a><p>10pcs Book Cloth,14”x10”,Fabric Surface and Paper Backed, book cloth for book binding,book binding fabric,5 Colors Bookbinding Cloth for DIY fabric book cover,bookbinding paper (Style B)</p><p>$9.99</p><a href="https://www.amazon.com/dp/B0D2T4F1DZ?tag=eloabder-20&linkCode=osi&th=1&psc=1">View Product</a></div><div class="product"><a href="https://www.amazon.com/dp/B0CMD2LWR8?tag=eloabder-20&linkCode=osi&th=1&psc=1"><img src="https://m.media-amazon.com/images/I/31QVUZVSB+L._SL500_.jpg" alt="Product Image"></a><p>Mozeat Lens 33 ft Bookbinding Tape Book Tape Repair Book Binding Tape Cloth Book Repair Kit 2 Inch Wide Book Spine Tape Cloth Bookbinding Repair Tape White Book Tape for Reinforcing Book Spine Tape</p><p>$7.99</p><a href="https://www.amazon.com/dp/B0CMD2LWR8?tag=eloabder-20&linkCode=osi&th=1&psc=1">View Product</a></div><div class="product"><a href="https://www.amazon.com/dp/B0D1KC168C?tag=eloabder-20&linkCode=osi&th=1&psc=1"><img src="https://m.media-amazon.com/images/I/31wWgk-1V4L._SL500_.jpg" alt="Product Image"></a><p>AKONEGE Book Cloth for Book Binding 35 x 16 Inch Fabric Surface and Paper Backed, Strong, Easy to Use, Fabric Materials Bookbinding Supplies Bookcloth for Scrapbooking Album DIY Crafts, Black</p><p>$9.99</p><a href="https://www.amazon.com/dp/B0D1KC168C?tag=eloabder-20&linkCode=osi&th=1&psc=1">View Product</a></div><div class="product"><a href="https://www.amazon.com/dp/B0BC48CCWW?tag=eloabder-20&linkCode=osi&th=1&psc=1"><img src="https://m.media-amazon.com/images/I/41vTc+L-XyL._SL500_.jpg" alt="Product Image"></a><p>Wooqu Book Cloth, Fabric Surface and Paper Backed, Easy to Use, Strong, 17x29”, for Book Binding, Dark Green</p><p>$13.99</p><a href="https://www.amazon.com/dp/B0BC48CCWW?tag=eloabder-20&linkCode=osi&th=1&psc=1">View Product</a></div><div class="product"><a href="https://www.amazon.com/dp/B00W3S7LU4?tag=eloabder-20&linkCode=osi&th=1&psc=1"><img src="https://m.media-amazon.com/images/I/41mUL1LmSHS._SL500_.jpg" alt="Product Image"></a><p>BookGuard 2 inch Premium Bookbinding Repair Cloth Tape, 15 Yard Roll Burgundy</p><p>$14.95</p><a href="https://www.amazon.com/dp/B00W3S7LU4?tag=eloabder-20&linkCode=osi&th=1&psc=1">View Product</a></div>

<div class="product"><a href="https://www.amazon.com/dp/B08217DGL7?tag=eloabder-20&linkCode=osi&th=1&psc=1"><img src="https://m.media-amazon.com/images/I/51Gy-qfph7L._SL500_.jpg" alt="Product Image"></a><p>24 Colors Waxed Thread, Leather Sewing Thread,Hand Stitching Thread for Hand Sewing Leather and Bookbinding, 13Yards Per Color</p><p>$11.99 ($0.01 / Foot)</p><a href="https://www.amazon.com/dp/B08217DGL7?tag=eloabder-20&linkCode=osi&th=1&psc=1">View Product</a></div><div class="product"><a href="https://www.amazon.com/dp/B08GCHJ3FP?tag=eloabder-20&linkCode=osi&th=1&psc=1"><img src="https://m.media-amazon.com/images/I/41TK-XNxTFL._SL500_.jpg" alt="Product Image"></a><p>FANDOL 100% Natural Linen Thread Waxed thread for Bookbingding, Leather Sewing, Beading or Macrame (Natural)</p><p>$14.98</p><a href="https://www.amazon.com/dp/B08GCHJ3FP?tag=eloabder-20&linkCode=osi&th=1&psc=1">View Product</a></div><div class="product"><a href="https://www.amazon.com/dp/B0025U108E?tag=eloabder-20&linkCode=osi&th=1&psc=1"><img src="https://m.media-amazon.com/images/I/4172yrURiVL._SL500_.jpg" alt="Product Image"></a><p>Books by Hand Linen Thread, Archival Quality Natural Unbleached and Unwaxed, 50 Yards 35/3 Gauge, Ideal for Bookbinding and Sewing Signatures</p><p>$9.47</p><a href="https://www.amazon.com/dp/B0025U108E?tag=eloabder-20&linkCode=osi&th=1&psc=1">View Product</a></div><div class="product"><a href="https://www.amazon.com/dp/B08S78KLRN?tag=eloabder-20&linkCode=osi&th=1&psc=1"><img src="https://m.media-amazon.com/images/I/413NGMtJdrL._SL500_.jpg" alt="Product Image"></a><p>Jupean Waxed Thread, 150m /164Yards Beige Leather Waxed Thread, Leather Sewing Thread, Hand Stitching Thread for Hand Sewing Leather, Bookbinding, and Beginners Leather Craft DIY</p><p>$6.49 ($0.01 / Foot)</p><a href="https://www.amazon.com/dp/B08S78KLRN?tag=eloabder-20&linkCode=osi&th=1&psc=1">View Product</a></div><div class="product"><a href="https://www.amazon.com/dp/B015D9E6UM?tag=eloabder-20&linkCode=osi&th=1&psc=1"><img src="https://m.media-amazon.com/images/I/51VnWPI+Q5L._SL500_.jpg" alt="Product Image"></a><p>Lineco, Natural Waxed Linen Thread 20 Yards, Books by Hand Natural, Black, Brown Color for Sewing, Bookbinding (3/Pkg)</p><p>$13.77</p><a href="https://www.amazon.com/dp/B015D9E6UM?tag=eloabder-20&linkCode=osi&th=1&psc=1">View Product</a></div>
<div class="product"><a href="https://www.amazon.com/dp/B0CMD53C1C?tag=eloabder-20&linkCode=osi&th=1&psc=1"><img src="https://m.media-amazon.com/images/I/31dU4wqS0rL._SL500_.jpg" alt="Product Image"></a><p>5-in-1 Bookbinding Kit,Book Cover Guide, Bookbinding Cover Tool, Stainless Steel Book Binding Kit, Bookbinding Ruler, Scrapbooking Tools for Making Book Cover Chipboard Covers Album Planner</p><p>$7.88</p><a href="https://www.amazon.com/dp/B0CMD53C1C?tag=eloabder-20&linkCode=osi&th=1&psc=1">View Product</a></div>
<div class="product"><a href="https://www.amazon.com/dp/B007TIEG6U?tag=eloabder-20&linkCode=osi&th=1&psc=1"><img src="https://m.media-amazon.com/images/I/31d6r6R5lGL._SL500_.jpg" alt="Product Image"></a><p>Handy Art Empty 2 ounce Marker Bottle, Dauber Tip and Cap, 12-Each (900-003) , White</p><p>$23.12 ($1.93 / Count)</p><a href="https://www.amazon.com/dp/B007TIEG6U?tag=eloabder-20&linkCode=osi&th=1&psc=1">View Product</a></div>

<div class="product"><a href="https://www.amazon.com/dp/B0D3HPD7WP?tag=eloabder-20&linkCode=osi&th=1&psc=1"><img src="https://m.media-amazon.com/images/I/31KSmmAWUWL._SL500_.jpg" alt="Product Image"></a><p>50 Sheets Grey Cardstock Paper, Colored Printer Paper 8.5 x 11, Thick Construction Paper for Cards Making, Scrapbook，Office Printing, Invitations, Certificates，DIY Crafting 92 lb/250gsm</p><p>$9.99</p><a href="https://www.amazon.com/dp/B0D3HPD7WP?tag=eloabder-20&linkCode=osi&th=1&psc=1">View Product</a></div>
<div class="product"><a href="https://www.amazon.com/dp/B076CP6F36?tag=eloabder-20&linkCode=osi&th=1&psc=1"><img src="https://m.media-amazon.com/images/I/51rfEIvgI+L._SL500_.jpg" alt="Product Image"></a><p>Apple Barrel, Vibrant Spectrum Collection Acrylic Craft Paint, PROMOABIII, 2 fl oz each, 16 assorted matte colors, 16 count</p><p>$15.97 ($0.50 / Fl Oz)</p><a href="https://www.amazon.com/dp/B076CP6F36?tag=eloabder-20&linkCode=osi&th=1&psc=1">View Product</a></div><div class="product"><a href="https://www.amazon.com/dp/B0BKFLSYQF?tag=eloabder-20&linkCode=osi&th=1&psc=1"><img src="https://m.media-amazon.com/images/I/51a0PmPRknL._SL500_.jpg" alt="Product Image"></a><p>72 Pack Acrylic Paint Set, Shuttle Art 60 Colors Acrylic Paint Including Extra White Black & 12 Brushes, 2oz/60ml, Rich Pigmented, Water Proof, Ideal for Artists, Beginners on Canvas Rock Wood Ceramic</p><p>$45.99 ($23.00 / Fl Oz)</p><a href="https://www.amazon.com/dp/B0BKFLSYQF?tag=eloabder-20&linkCode=osi&th=1&psc=1">View Product</a></div><div class="product"><a href="https://www.amazon.com/dp/B08CB3JH79?tag=eloabder-20&linkCode=osi&th=1&psc=1"><img src="https://m.media-amazon.com/images/I/51OUZsFdnTL._SL500_.jpg" alt="Product Image"></a><p>Acrylic Paint Set of 36 Colors 2fl oz 60ml Bottles,Non Toxic 36 Colors Acrylic Paint No Fading Rich Pigment for Kids Adults Artists Canvas Crafts Wood Painting</p><p>$32.99 ($0.46 / Fl Oz)</p><a href="https://www.amazon.com/dp/B08CB3JH79?tag=eloabder-20&linkCode=osi&th=1&psc=1">View Product</a></div><div class="product"><a href="https://www.amazon.com/dp/B0018NBVKQ?tag=eloabder-20&linkCode=osi&th=1&psc=1"><img src="https://m.media-amazon.com/images/I/31YlSvZMTCL._SL500_.jpg" alt="Product Image"></a><p>Apple Barrel Acrylic Paint in Assorted Colors (8 Ounce), 20403 White</p><p>$2.67 ($0.33 / Fl Oz)</p><a href="https://www.amazon.com/dp/B0018NBVKQ?tag=eloabder-20&linkCode=osi&th=1&psc=1">View Product</a></div><div class="product"><a href="https://www.amazon.com/dp/B077WSBLZ1?tag=eloabder-20&linkCode=osi&th=1&psc=1"><img src="https://m.media-amazon.com/images/I/51KPkXpLn1L._SL500_.jpg" alt="Product Image"></a><p>Shuttle Art Acrylic Paint Set, 30 x12ml Tubes Artist Quality Non Toxic Rich Pigments Colors Great for Kids Adults Professional Painting on Rocks Canvas Wood Clay Fabric Ceramic Crafts</p><p>$12.99 ($1.08 / Fl Oz)</p><a href="https://www.amazon.com/dp/B077WSBLZ1?tag=eloabder-20&linkCode=osi&th=1&psc=1">View Product</a></div><div class="product"><a href="https://www.amazon.com/dp/B00889Z5Y6?tag=eloabder-20&linkCode=osi&th=1&psc=1"><img src="https://m.media-amazon.com/images/I/41MQjsyDbSL._SL500_.jpg" alt="Product Image"></a><p>Apple Barrel Acrylic Paint in Assorted Colors (2 oz), 20764, Apricot</p><p>$0.58 ($0.29 / Fl Oz)</p><a href="https://www.amazon.com/dp/B00889Z5Y6?tag=eloabder-20&linkCode=osi&th=1&psc=1">View Product</a></div><div class="product"><a href="https://www.amazon.com/dp/B09TWQD5ZL?tag=eloabder-20&linkCode=osi&th=1&psc=1"><img src="https://m.media-amazon.com/images/I/41B0L003QXL._SL500_.jpg" alt="Product Image"></a><p>Artkey Acrylic Paint Set - 24 colors 2 oz/59 ml Acrylic Paints Professional Artists Painting Kit for Canvases Fabric Rock Leather Easter Egg Wood Ceramic Glass Art Craft Painting</p><p>$19.99 ($0.42 / Fl Oz)</p><a href="https://www.amazon.com/dp/B09TWQD5ZL?tag=eloabder-20&linkCode=osi&th=1&psc=1">View Product</a></div><div class="product"><a href="https://www.amazon.com/dp/B07Z93LQDB?tag=eloabder-20&linkCode=osi&th=1&psc=1"><img src="https://m.media-amazon.com/images/I/51veoN6zK0L._SL500_.jpg" alt="Product Image"></a><p>Shuttle Art Acrylic Paint Set, 36 Colors Acrylic Paint with Brushes & Palette, 2oz Bottles, Rich Pigments Non-toxic Paint for Artists Kids & Adults, Art Supplies for Canvas Rock Ceramic Wood Painting</p><p>$27.99</p><a href="https://www.amazon.com/dp/B07Z93LQDB?tag=eloabder-20&linkCode=osi&th=1&psc=1">View Product</a></div><div class="product"><a href="https://www.amazon.com/dp/B002665SYY?tag=eloabder-20&linkCode=osi&th=1&psc=1"><img src="https://m.media-amazon.com/images/I/31sJJeWK6OS._SL500_.jpg" alt="Product Image"></a><p>Liquitex BASICS Acrylic Paint, 250ml (8.5-oz) Tube, Titanium White</p><p>$9.99 ($1.18 / Fl Oz)</p><a href="https://www.amazon.com/dp/B002665SYY?tag=eloabder-20&linkCode=osi&th=1&psc=1">View Product</a></div>
<div class="product"><a href="https://www.amazon.com/dp/B0CC98XLGL?tag=eloabder-20&linkCode=osi&th=1&psc=1"><img src="https://m.media-amazon.com/images/I/51ZLw+nThiL._SL500_.jpg" alt="Product Image"></a><p>HUIRUSO 4 Pack Double Sided Tape Roller, Scrapbook Supplies, Glue Tape Roller for Crafts, Double-Sided Adhesive Tape Runner for Scrapbooking, School Office Journaling Supplies (0.31 in X 26.25 ft)</p><p>$6.99 ($1.75 / Count)</p><a href="https://www.amazon.com/dp/B0CC98XLGL?tag=eloabder-20&linkCode=osi&th=1&psc=1">View Product</a></div><div class="product"><a href="https://www.amazon.com/dp/B007XAAE6K?tag=eloabder-20&linkCode=osi&th=1&psc=1"><img src="https://m.media-amazon.com/images/I/414qxYVR0wL._SL500_.jpg" alt="Product Image"></a><p>Scotch Double Sided Tape Runner, 1-Pack, 0.27 in x 26 ft., Perfect for Holiday Crafts, Gifts, and More</p><p>$4.47</p><a href="https://www.amazon.com/dp/B007XAAE6K?tag=eloabder-20&linkCode=osi&th=1&psc=1">View Product</a></div><div class="product"><a href="https://www.amazon.com/dp/B0BZVGPFSK?tag=eloabder-20&linkCode=osi&th=1&psc=1"><img src="https://m.media-amazon.com/images/I/51-ue9+7JkL._SL500_.jpg" alt="Product Image"></a><p>Birllaid Double Sided Tape for Walls, Picture Hanging Strips Removable Mounting Dots Adhesive Heavy Duty, Removable for Art Craft, Decoration, Party Supplies, Multipurpose</p><p>$11.99</p><a href="https://www.amazon.com/dp/B0BZVGPFSK?tag=eloabder-20&linkCode=osi&th=1&psc=1">View Product</a></div><div class="product"><a href="https://www.amazon.com/dp/B0CGVN9SL1?tag=eloabder-20&linkCode=osi&th=1&psc=1"><img src="https://m.media-amazon.com/images/I/41Hy+i4CnoL._SL500_.jpg" alt="Product Image"></a><p>30Ft x 1 Inch Hook and Loop Strips with Adhesive,Double Rolls of Heavy Duty Self Adhesive Tape with Backing, Nylon Self Adhesive Tape for Home Office School and Crafting,White</p><p>$9.99</p><a href="https://www.amazon.com/dp/B0CGVN9SL1?tag=eloabder-20&linkCode=osi&th=1&psc=1">View Product</a></div><div class="product"><a href="https://www.amazon.com/dp/B07Y3VDPLF?tag=eloabder-20&linkCode=osi&th=1&psc=1"><img src="https://m.media-amazon.com/images/I/41cyKQ2OMuL._SL500_.jpg" alt="Product Image"></a><p>Melsan 1x4 inch Hook and Loop Strips with Adhesive - 15 Sets, Strong Back Adhesive Fasten Mounting Tape for Home or Office Use - Instead of Holes and Screws, Black</p><p>$7.82</p><a href="https://www.amazon.com/dp/B07Y3VDPLF?tag=eloabder-20&linkCode=osi&th=1&psc=1">View Product</a></div><div class="product"><a href="https://www.amazon.com/dp/B07V57VJT5?tag=eloabder-20&linkCode=osi&th=1&psc=1"><img src="https://m.media-amazon.com/images/I/514JO3bvl3L._SL500_.jpg" alt="Product Image"></a><p>XFasten Adhesive Roller for Scrapbooking, 8mm x 30ft 4-Pack Double Sided Glue Tape Roller, Scrapbook Supplies for Adults, Photo Tape for Scrapbooking</p><p>$9.99 ($2.50 / Count)</p><a href="https://www.amazon.com/dp/B07V57VJT5?tag=eloabder-20&linkCode=osi&th=1&psc=1">View Product</a></div><div class="product"><a href="https://www.amazon.com/dp/B07JLTGQHX?tag=eloabder-20&linkCode=osi&th=1&psc=1"><img src="https://m.media-amazon.com/images/I/51Eqfo7kUZL._SL500_.jpg" alt="Product Image"></a><p>UPINS 120 Pack Double Sided Foam Tape Square Self-Adhesive Foam Tape Black Strong Tape Pads for DIY Art Crafts Supplies</p><p>$9.99 ($0.08 / Count)</p><a href="https://www.amazon.com/dp/B07JLTGQHX?tag=eloabder-20&linkCode=osi&th=1&psc=1">View Product</a></div><div class="product"><a href="https://www.amazon.com/dp/B005FM6XF4?tag=eloabder-20&linkCode=osi&th=1&psc=1"><img src="https://m.media-amazon.com/images/I/51-vp1WJ89L._SL500_.jpg" alt="Product Image"></a><p>AdTech 5603 Permanent Crafter's Tape, 0.31" x 315", Pack of 4</p><p>$7.84 ($0.07 / Foot)</p><a href="https://www.amazon.com/dp/B005FM6XF4?tag=eloabder-20&linkCode=osi&th=1&psc=1">View Product</a></div><div class="product"><a href="https://www.amazon.com/dp/B0CJF1FLFJ?tag=eloabder-20&linkCode=osi&th=1&psc=1"><img src="https://m.media-amazon.com/images/I/51dig1RqzdL._SL500_.jpg" alt="Product Image"></a><p>UPINS 150Pack Double Sided Foam Tape Strong Sticky Double Sided Foam Pads for Crafts Self-Adhesive Mounting Foam Tape Heavy Duty for Home Wall Decor 40 * 40 * 2mm</p><p>$8.99 ($0.06 / Count)</p><a href="https://www.amazon.com/dp/B0CJF1FLFJ?tag=eloabder-20&linkCode=osi&th=1&psc=1">View Product</a></div><div class="product"><a href="https://www.amazon.com/dp/B0D4YWRGCL?tag=eloabder-20&linkCode=osi&th=1&psc=1"><img src="https://m.media-amazon.com/images/I/41EqJ553-KL._SL500_.jpg" alt="Product Image"></a><p>Amanbo Glue Tape for Scrapbooking, 6 Pack Scrapbook Tape, Double Sided Tape Roller for Crafts, Total 120 Ft x 0.24 in Tape Runner, Craft Supplies for Scrapbooking, Gift Wrapping and Photo Tape</p><p>$6.99</p><a href="https://www.amazon.com/dp/B0D4YWRGCL?tag=eloabder-20&linkCode=osi&th=1&psc=1">View Product</a></div>
<div class="product"><a href="https://www.amazon.com/dp/B0CC5HPPTN?tag=eloabder-20&linkCode=osi&th=1&psc=1"><img src="https://m.media-amazon.com/images/I/519M81S201L._SL500_.jpg" alt="Product Image"></a><p>Airbrush Paint - 30 Colors with 3 Thinner, Ready to Spray Airbrush Paint Set, Water-Based Acrylic Air brush Paints for Metal, Plastic Models, Canvas, Wood, 20ml/Bottle</p><p>$32.99 ($1.48 / Fl Oz)</p><a href="https://www.amazon.com/dp/B0CC5HPPTN?tag=eloabder-20&linkCode=osi&th=1&psc=1">View Product</a></div>
<div class="product"><a href="https://www.amazon.com/dp/B0CXPSGK36?tag=eloabder-20&linkCode=osi&th=1&psc=1"><img src="https://m.media-amazon.com/images/I/51dd2dYOtrL._SL500_.jpg" alt="Product Image"></a><p>Letter Stickers 30 Sheets 1500 PCS Large Alphabet Sticker 2 Inch Vinyl Self Adhesive Stick on Stickers for Water Bottles Cup Mailbox Number Address Craft Scrapbooking Bulletin Board Decor Multicolor</p><p>$9.99</p><a href="https://www.amazon.com/dp/B0CXPSGK36?tag=eloabder-20&linkCode=osi&th=1&psc=1">View Product</a></div><div class="product"><a href="https://www.amazon.com/dp/B07NNYFMGY?tag=eloabder-20&linkCode=osi&th=1&psc=1"><img src="https://m.media-amazon.com/images/I/51yDnU+gEXL._SL500_.jpg" alt="Product Image"></a><p>20 Sheets Alphabet Letter Stickers 10 Colors Self Adhesive Sticker Colorful PU Material Convex Feeling (Colored Letter Stickers 1)</p><p>$6.99 ($0.35 / Count)</p><a href="https://www.amazon.com/dp/B07NNYFMGY?tag=eloabder-20&linkCode=osi&th=1&psc=1">View Product</a></div>

<div class="product"><a href="https://www.amazon.com/dp/B01DDN8854?tag=eloabder-20&linkCode=osi&th=1&psc=1"><img src="https://m.media-amazon.com/images/I/61dPubDZBSL._SL500_.jpg" alt="Product Image"></a><p>Hugs 'n Kisses HNKHABY13 Applique Paper (20 Pack)</p><p>$19.72 ($0.99 / Count)</p><a href="https://www.amazon.com/dp/B01DDN8854?tag=eloabder-20&linkCode=osi&th=1&psc=1">View Product</a></div>
<div class="product"><a href="https://www.amazon.com/dp/B09KPNFJW1?tag=eloabder-20&linkCode=osi&th=1&psc=1"><img src="https://m.media-amazon.com/images/I/41abn5fELmL._SL500_.jpg" alt="Product Image"></a><p>UniPleased Disposable Aprons (50 Count), Plastic apron for Painting Party, Cooking, Housework, Picnic etc.</p><p>$5.69</p><a href="https://www.amazon.com/dp/B09KPNFJW1?tag=eloabder-20&linkCode=osi&th=1&psc=1">View Product</a></div>
<div class="product"><a href="https://www.amazon.com/dp/B087M21MM2?tag=eloabder-20&linkCode=osi&th=1&psc=1"><img src="https://m.media-amazon.com/images/I/41Xf-jehhLL._SL500_.jpg" alt="Product Image"></a><p>GOTIDEAL Stretched Canvas, Multi Pack 4x4, 5x7, 8x10,9x12, 11x14 Set of 10, Primed White - 100% Cotton Artist Canvas Boards for Painting, Acrylic Pouring, Oil Paint Dry & Wet Art Media</p><p>$24.99</p><a href="https://www.amazon.com/dp/B087M21MM2?tag=eloabder-20&linkCode=osi&th=1&psc=1">View Product</a></div><div class="product"><a href="https://www.amazon.com/dp/B00OQJYISG?tag=eloabder-20&linkCode=osi&th=1&psc=1"><img src="https://m.media-amazon.com/images/I/31fEDLPkkcL._SL500_.jpg" alt="Product Image"></a><p>6 Count 12” x 16” Super Value Canvas by Artist's Loft Necessities - Acid Free Cotton Canvas for Paint, Acrylic, & Oils - 1 Pack</p><p>$19.99</p><a href="https://www.amazon.com/dp/B00OQJYISG?tag=eloabder-20&linkCode=osi&th=1&psc=1">View Product</a></div><div class="product"><a href="https://www.amazon.com/dp/B09CDKB9HY?tag=eloabder-20&linkCode=osi&th=1&psc=1"><img src="https://m.media-amazon.com/images/I/51+p5xnClGL._SL500_.jpg" alt="Product Image"></a><p>DPDIAN Canvas Boards for Painting 40 Pack, 8 inch x 10 inch Super Value Pack, Artist Canvas Panels for Oil & Acrylic Painting</p><p>$29.99</p><a href="https://www.amazon.com/dp/B09CDKB9HY?tag=eloabder-20&linkCode=osi&th=1&psc=1">View Product</a></div><div class="product"><a href="https://www.amazon.com/dp/B0CFBGP29G?tag=eloabder-20&linkCode=osi&th=1&psc=1"><img src="https://m.media-amazon.com/images/I/3147Az5plbL._SL500_.jpg" alt="Product Image"></a><p>ArtSkills Stretched Canvases for Painting, 12x16 Canvas Painting Supplies for Artists, Blank Canvas Pack, 2-Pack</p><p>$16.99</p><a href="https://www.amazon.com/dp/B0CFBGP29G?tag=eloabder-20&linkCode=osi&th=1&psc=1">View Product</a></div><div class="product"><a href="https://www.amazon.com/dp/B07BNGQ1SS?tag=eloabder-20&linkCode=osi&th=1&psc=1"><img src="https://m.media-amazon.com/images/I/410ZVtygUwS._SL500_.jpg" alt="Product Image"></a><p>PHOENIX Stretched Canvas for Painting 8x10 Inch/10 Value Pack, 8 Oz Triple Primed 5/8 Inch Profile 100% Cotton White Blank Canvas, Artist Framed Canvas for Oil Acrylic & Pouring Art</p><p>$22.99</p><a href="https://www.amazon.com/dp/B07BNGQ1SS?tag=eloabder-20&linkCode=osi&th=1&psc=1">View Product</a></div><div class="product"><a href="https://www.amazon.com/dp/B0922JP1H4?tag=eloabder-20&linkCode=osi&th=1&psc=1"><img src="https://m.media-amazon.com/images/I/41BmiEND1KL._SL500_.jpg" alt="Product Image"></a><p>GOTIDEAL Canvases for Painting, 18 Pack Canvas Boards Multipack 4x4, 5x7, 8x10, 9x12,11x14,Primed White Blank Artist Canvas Variety Pack for Acrylic Paint, Oil Paint, Watercolor, Gouache</p><p>$19.99</p><a href="https://www.amazon.com/dp/B0922JP1H4?tag=eloabder-20&linkCode=osi&th=1&psc=1">View Product</a></div>


<div class="product"><a href="https://www.amazon.com/dp/B0872VFHBH?tag=eloabder-20&linkCode=osi&th=1&psc=1"><img src="https://m.media-amazon.com/images/I/51k3bekQheS._SL500_.jpg" alt="Product Image"></a><p>Bachmore Drawing Pad 9X12 Inch (110lb/180g), 60 Sheets, Top Spiral Bound Multi-Media for Artist Pro & Amateurs | Acrylic Art, Ink, Paint, Oil Pastels,Watercolor Mixed Media Sketch</p><p>$11.99</p><a href="https://www.amazon.com/dp/B0872VFHBH?tag=eloabder-20&linkCode=osi&th=1&psc=1">View Product</a></div><div class="product"><a href="https://www.amazon.com/dp/B0027A75A4?tag=eloabder-20&linkCode=osi&th=1&psc=1"><img src="https://m.media-amazon.com/images/I/51dyOxxcgYL._SL500_.jpg" alt="Product Image"></a><p>Strathmore 200 Series Sketch Pad, 9x12 inch, 100 Sheets, Tape Bound - Artist Sketchbook for Drawing, Illustration, Art Class Students</p><p>$6.99 ($0.07 / Count)</p><a href="https://www.amazon.com/dp/B0027A75A4?tag=eloabder-20&linkCode=osi&th=1&psc=1">View Product</a></div><div class="product"><a href="https://www.amazon.com/dp/B0BV13YQKX?tag=eloabder-20&linkCode=osi&th=1&psc=1"><img src="https://m.media-amazon.com/images/I/41VYfMpvXUL._SL500_.jpg" alt="Product Image"></a><p>Canson Graduate Watercolor Pad, Foldover, 9x12 inch, 20 Sheets | Artist Paper for Adults and Students - Painting, Gouache, Mixed Media and Ink</p><p>$4.97 ($0.41 / Count)</p><a href="https://www.amazon.com/dp/B0BV13YQKX?tag=eloabder-20&linkCode=osi&th=1&psc=1">View Product</a></div><div class="product"><a href="https://www.amazon.com/dp/B0024KMQ6K?tag=eloabder-20&linkCode=osi&th=1&psc=1"><img src="https://m.media-amazon.com/images/I/51sYdvPPUCL._SL500_.jpg" alt="Product Image"></a><p>Strathmore 400 Series Pastel Pad, Assorted Colors, 9"x12" Glue Bound, 24 Sheets</p><p>$9.11</p><a href="https://www.amazon.com/dp/B0024KMQ6K?tag=eloabder-20&linkCode=osi&th=1&psc=1">View Product</a></div><div class="product"><a href="https://www.amazon.com/dp/B00246O6PI?tag=eloabder-20&linkCode=osi&th=1&psc=1"><img src="https://m.media-amazon.com/images/I/517TUmckOIL._SL500_.jpg" alt="Product Image"></a><p>Strathmore 300 Series Drawing Paper Pad, Top Wire Bound, 11x14 inches, 50 Sheets (70lb/114g) - Artist Paper for Adults and Students - Charcoal, Colored Pencil, Ink, Pastel, Marker</p><p>$13.33</p><a href="https://www.amazon.com/dp/B00246O6PI?tag=eloabder-20&linkCode=osi&th=1&psc=1">View Product</a></div>
<div class="product"><a href="https://www.amazon.com/dp/B08ZMH7LJY?tag=eloabder-20&linkCode=osi&th=1&psc=1"><img src="https://m.media-amazon.com/images/I/51mJIsLJA-S._SL500_.jpg" alt="Product Image"></a><p>PANDAFLY Professional Drawing Sketching Pencil Set - 12 Pieces Graphite Pencils(14B - 2H), Ideal for Drawing Art, Sketching, Shading, Artist Pencils for Beginners & Pro Artists</p><p>$5.11</p><a href="https://www.amazon.com/dp/B08ZMH7LJY?tag=eloabder-20&linkCode=osi&th=1&psc=1">View Product</a></div><div class="product"><a href="https://www.amazon.com/dp/B088K1G5NL?tag=eloabder-20&linkCode=osi&th=1&psc=1"><img src="https://m.media-amazon.com/images/I/51F2bOMZWnL._SL500_.jpg" alt="Product Image"></a><p>MARKART Professional Drawing Sketching Pencil Set - 14 Pieces,Graphite,(12B - 4H), Ideal for Drawing Art, Sketching, Shading, Artist Pencils for Beginners & Pro Artists</p><p>$5.24</p><a href="https://www.amazon.com/dp/B088K1G5NL?tag=eloabder-20&linkCode=osi&th=1&psc=1">View Product</a></div><div class="product"><a href="https://www.amazon.com/dp/B08FHMRW4L?tag=eloabder-20&linkCode=osi&th=1&psc=1"><img src="https://m.media-amazon.com/images/I/51Pmn5gjyzL._SL500_.jpg" alt="Product Image"></a><p>Mr. Pen- Sketch Pencils for Drawing, 14 Pack, Drawing Pencils, Art Pencils, Graphite Pencils, Graphite Pencils for Drawing, Art Pencils for Drawing and Shading</p><p>$5.95</p><a href="https://www.amazon.com/dp/B08FHMRW4L?tag=eloabder-20&linkCode=osi&th=1&psc=1">View Product</a></div><div class="product"><a href="https://www.amazon.com/dp/B0BNQ58DC4?tag=eloabder-20&linkCode=osi&th=1&psc=1"><img src="https://m.media-amazon.com/images/I/51e-gQtCcCL._SL500_.jpg" alt="Product Image"></a><p>MARTCOLOR Drawing Sketching Pencils Set, 12 Pack Graphite Pencils(14B - 2H), Ideal for Drawing Art, Sketching, Shading, Artist Pencils for Beginners & Pro Artists</p><p>$5.99</p><a href="https://www.amazon.com/dp/B0BNQ58DC4?tag=eloabder-20&linkCode=osi&th=1&psc=1">View Product</a></div>

<div class="product"><a href="https://www.amazon.com/dp/B0851M3749?tag=eloabder-20&linkCode=osi&th=1&psc=1"><img src="https://m.media-amazon.com/images/I/41KKSGSDl5L._SL500_.jpg" alt="Product Image"></a><p>N NOROCME 12 PCS Blending Stumps and Tortillions Paper Art Blenders with Sandpaper Pencil Sharpener Pointer for Student Artist Charcoal Sketch Drawing Tools</p><p>$4.99</p><a href="https://www.amazon.com/dp/B0851M3749?tag=eloabder-20&linkCode=osi&th=1&psc=1">View Product</a></div><div class="product"><a href="https://www.amazon.com/dp/B09J3HKN8F?tag=eloabder-20&linkCode=osi&th=1&psc=1"><img src="https://m.media-amazon.com/images/I/51Qvx81eQLL._SL500_.jpg" alt="Product Image"></a><p>Eraser Pencils Set for Artists, Wooden Sketch Eraser Pen for Charcoal Drawings, Professional Highlight Painting Eraser for Sketching, Revise Erasing Details for Students Limner</p><p>$6.99</p><a href="https://www.amazon.com/dp/B09J3HKN8F?tag=eloabder-20&linkCode=osi&th=1&psc=1">View Product</a></div>
<div class="product"><a href="https://www.amazon.com/dp/B09WCQ89T8?tag=eloabder-20&linkCode=osi&th=1&psc=1"><img src="https://m.media-amazon.com/images/I/41gZz0qgBFL._SL500_.jpg" alt="Product Image"></a><p>Bernat BABY BLANKET BB Blue Dreams Yarn - 1 Pack of 10.5oz/300g - Polyester - #6 Super Bulky - 220 Yards - Knitting/Crochet</p><p>$6.97</p><a href="https://www.amazon.com/dp/B09WCQ89T8?tag=eloabder-20&linkCode=osi&th=1&psc=1">View Product</a></div><div class="product"><a href="https://www.amazon.com/dp/B07V5JVNFD?tag=eloabder-20&linkCode=osi&th=1&psc=1"><img src="https://m.media-amazon.com/images/I/41IS+HdtiOL._SL500_.jpg" alt="Product Image"></a><p>Lion Brand Yarn Basic Stitch Anti-Pilling Knitting Yarn, Yarn for Crocheting, 1-Pack, Baby Blue</p><p>$8.40 ($0.02 / Foot)</p><a href="https://www.amazon.com/dp/B07V5JVNFD?tag=eloabder-20&linkCode=osi&th=1&psc=1">View Product</a></div><div class="product"><a href="https://www.amazon.com/dp/B01M0AJID2?tag=eloabder-20&linkCode=osi&th=1&psc=1"><img src="https://m.media-amazon.com/images/I/41yVau0AUpL._SL500_.jpg" alt="Product Image"></a><p>Lion Brand Yarn (1 Skein) Lion Brand Yarn Babysoft Baby Yarn Yarn, Little Boy Blue Multicolor</p><p>$7.19 ($0.01 / Foot)</p><a href="https://www.amazon.com/dp/B01M0AJID2?tag=eloabder-20&linkCode=osi&th=1&psc=1">View Product</a></div><div class="product"><a href="https://www.amazon.com/dp/B09W1KHF42?tag=eloabder-20&linkCode=osi&th=1&psc=1"><img src="https://m.media-amazon.com/images/I/41maDlrio5L._SL500_.jpg" alt="Product Image"></a><p>Red Heart Super Saver Light Blue Yarn - 3 Pack of 198g/7oz - Acrylic - 4 Medium (Worsted) - 364 Yards - Knitting/Crochet</p><p>$13.29 ($4.43 / Count)</p><a href="https://www.amazon.com/dp/B09W1KHF42?tag=eloabder-20&linkCode=osi&th=1&psc=1">View Product</a></div><div class="product"><a href="https://www.amazon.com/dp/B08LKVZ3CX?tag=eloabder-20&linkCode=osi&th=1&psc=1"><img src="https://m.media-amazon.com/images/I/41GLizNx8UL._SL500_.jpg" alt="Product Image"></a><p>Bernat Baby Blanket Baby Blue Yarn - 3 Pack of 100g/3.5oz - Polyester - 6 Super Bulky - 72 Yards - Knitting/Crochet</p><p>$21.81</p><a href="https://www.amazon.com/dp/B08LKVZ3CX?tag=eloabder-20&linkCode=osi&th=1&psc=1">View Product</a></div><div class="product"><a href="https://www.amazon.com/dp/B0CHJ95WHJ?tag=eloabder-20&linkCode=osi&th=1&psc=1"><img src="https://m.media-amazon.com/images/I/314E1EQdihL._SL500_.jpg" alt="Product Image"></a><p>NORCIA Soft Velvet Yarn Chenille Yarn for Crocheting Baby Blanket Yarn for Knitting Amigurumi Yarn Fancy Yarn for Crochet Weaving Craft (Baby Blue, 1 Skein)</p><p>$9.99</p><a href="https://www.amazon.com/dp/B0CHJ95WHJ?tag=eloabder-20&linkCode=osi&th=1&psc=1">View Product</a></div>
<div class="product"><a href="https://www.amazon.com/dp/B0779F2TXJ?tag=eloabder-20&linkCode=osi&th=1&psc=1"><img src="https://m.media-amazon.com/images/I/31kqZr8DJzL._SL500_.jpg" alt="Product Image"></a><p>OPENDGO Feather Ballpoint Pen ，Black Ink Vintage Feather Quill Refined Plated Rod Quill Ballpoint Pen For School Writing ▏Wedding Gift Signature Pen (Black)</p><p>$6.97</p><a href="https://www.amazon.com/dp/B0779F2TXJ?tag=eloabder-20&linkCode=osi&th=1&psc=1">View Product</a></div><div class="product"><a href="https://www.amazon.com/dp/B0CQF3BJ3S?tag=eloabder-20&linkCode=osi&th=1&psc=1"><img src="https://m.media-amazon.com/images/I/41gs6AOiP6L._SL500_.jpg" alt="Product Image"></a><p>3 in 1 Retractable Ballpoint Pen with Light and Stylus, Nice Pens for Journaling Writing in The Dark - White/Red Light Tip- 0.7mm Black Ink</p><p>$12.99</p><a href="https://www.amazon.com/dp/B0CQF3BJ3S?tag=eloabder-20&linkCode=osi&th=1&psc=1">View Product</a></div><div class="product"><a href="https://www.amazon.com/dp/B08BBZ3B8G?tag=eloabder-20&linkCode=osi&th=1&psc=1"><img src="https://m.media-amazon.com/images/I/41cMHyw60wL._SL500_.jpg" alt="Product Image"></a><p>Mr. Pen- Pens, Black Pens, 12 Pack, Fast Dry, No Smear Pens, Bible Pens, Pens for Journaling, Pens No Bleed Through, Pens Fine Point, Journal Pens, Fine Tip, Planner Pens, Ball Point Journal Pens</p><p>$9.99</p><a href="https://www.amazon.com/dp/B08BBZ3B8G?tag=eloabder-20&linkCode=osi&th=1&psc=1">View Product</a></div><div class="product"><a href="https://www.amazon.com/dp/B0D4YWWGX6?tag=eloabder-20&linkCode=osi&th=1&psc=1"><img src="https://m.media-amazon.com/images/I/31xHBCCzJqL._SL500_.jpg" alt="Product Image"></a><p>PATIKIL 21cm/8" Feather Ballpoint Pen, 1Pcs Ink Vintage Quill Pen Refined Plated Dip Pen for Calligraphy Writing Signature Wedding Gift, Yellow</p><p>$7.49</p><a href="https://www.amazon.com/dp/B0D4YWWGX6?tag=eloabder-20&linkCode=osi&th=1&psc=1">View Product</a></div>

<div class="product"><a href="https://www.amazon.com/dp/B001TLDEVQ?tag=eloabder-20&linkCode=osi&th=1&psc=1"><img src="https://m.media-amazon.com/images/I/41jYF39F6lL._SL500_.jpg" alt="Product Image"></a><p>Beadalon SuppleMax Illusion Beading Cord, 0.40 mm / 0.016 in, Clear Monofilament, 50 m / 164 ft</p><p>$4.74</p><a href="https://www.amazon.com/dp/B001TLDEVQ?tag=eloabder-20&linkCode=osi&th=1&psc=1">View Product</a></div><div class="product"><a href="https://www.amazon.com/dp/B0D2HVFZ7Q?tag=eloabder-20&linkCode=osi&th=1&psc=1"><img src="https://m.media-amazon.com/images/I/41R66LMYz7L._SL500_.jpg" alt="Product Image"></a><p>Zxiixz 116Yards 0.5mm Bracelet String, Waxed String Cord for Bracelet Making, Beading Thread for Bracelet Beads, Friendship Bracelet String for Bracelet Making, Waxed Polyester Cord for Jewelry Making</p><p>$6.99</p><a href="https://www.amazon.com/dp/B0D2HVFZ7Q?tag=eloabder-20&linkCode=osi&th=1&psc=1">View Product</a></div><div class="product"><a href="https://www.amazon.com/dp/B07BNF8KH5?tag=eloabder-20&linkCode=osi&th=1&psc=1"><img src="https://m.media-amazon.com/images/I/51jVByheyVL._SL500_.jpg" alt="Product Image"></a><p>PH PandaHall 100 Yards 1mm Waxed Cotton Cord Thread Beading String for Bracelet Necklace Making Crafting Beading Macrame Vase Decor, Burlywood</p><p>$7.19 ($0.02 / Foot)</p><a href="https://www.amazon.com/dp/B07BNF8KH5?tag=eloabder-20&linkCode=osi&th=1&psc=1">View Product</a></div><div class="product"><a href="https://www.amazon.com/dp/B07HBPGXJG?tag=eloabder-20&linkCode=osi&th=1&psc=1"><img src="https://m.media-amazon.com/images/I/41xi8gO6kDL._SL500_.jpg" alt="Product Image"></a><p>Paxcoo 0.8mm Elastic String, Stretchy Bracelet String Crystal String Bead Cord for Bracelet, Beading and Jewelry Making (120m)</p><p>$6.99 ($0.02 / Foot)</p><a href="https://www.amazon.com/dp/B07HBPGXJG?tag=eloabder-20&linkCode=osi&th=1&psc=1">View Product</a></div><div class="product"><a href="https://www.amazon.com/dp/B0CNPST7D9?tag=eloabder-20&linkCode=osi&th=1&psc=1"><img src="https://m.media-amazon.com/images/I/41A9VISFC4L._SL500_.jpg" alt="Product Image"></a><p>Kblick Black Nylon String Cord - 1MM 100 Yards Black Twine, Bracelet String for Bracelet Making, Braided Ornament Lanyard Sting, Jewelry Thread Clay Bead String for Crafts, Macrame Satin Cord</p><p>$5.99 ($0.02 / Foot)</p><a href="https://www.amazon.com/dp/B0CNPST7D9?tag=eloabder-20&linkCode=osi&th=1&psc=1">View Product</a></div><div class="product"><a href="https://www.amazon.com/dp/B08GC3JF9X?tag=eloabder-20&linkCode=osi&th=1&psc=1"><img src="https://m.media-amazon.com/images/I/41FQZYhvQpL._SL500_.jpg" alt="Product Image"></a><p>Cheriswelry 100M 0.8mm Nylon Beading Cord Black Chinese Knotting Rattail Macrame Thread String Roll for Jewelry Making Kumihimo Wrapping Supplies DIY Crafts</p><p>$6.99 ($0.02 / Fl Oz)</p><a href="https://www.amazon.com/dp/B08GC3JF9X?tag=eloabder-20&linkCode=osi&th=1&psc=1">View Product</a></div><div class="product"><a href="https://www.amazon.com/dp/B0B3V9RWQC?tag=eloabder-20&linkCode=osi&th=1&psc=1"><img src="https://m.media-amazon.com/images/I/41F-OP+yCxL._SL500_.jpg" alt="Product Image"></a><p>Griffin Silk Bead Cord Perlseide – Black Color – Size 3 (0.50mm) – 2 Meters per Card – Stainless Steel Needle Attached – for Knotting Pearls, Gemstones, Crystals and Beads</p><p>$4.99 ($0.76 / Foot)</p><a href="https://www.amazon.com/dp/B0B3V9RWQC?tag=eloabder-20&linkCode=osi&th=1&psc=1">View Product</a></div><div class="product"><a href="https://www.amazon.com/dp/B08F49YVQP?tag=eloabder-20&linkCode=osi&th=1&psc=1"><img src="https://m.media-amazon.com/images/I/41yCMIpj0rS._SL500_.jpg" alt="Product Image"></a><p>1mm Stretchy Bracelet String, Sturdy Rainbow Elastic String Elastic Cord for Jewelry Making, Necklaces, Beading and Crafts</p><p>$6.99 ($0.04 / Foot)</p><a href="https://www.amazon.com/dp/B08F49YVQP?tag=eloabder-20&linkCode=osi&th=1&psc=1">View Product</a></div>

<div class="product"><a href="https://www.amazon.com/dp/B001GMUBJ6?tag=eloabder-20&linkCode=osi&th=1&psc=1"><img src="https://m.media-amazon.com/images/I/41V5qzn3H5L._SL500_.jpg" alt="Product Image"></a><p>The Beadsmith Fireline by Berkley – Micro-Fused Braided Thread – 6lb. Test, 006”/.15mm Diameter, 50 Yard Spool, Crystal Color – Super Strong Stringing Material for Jewelry Making and Bead Weaving</p><p>$12.59</p><a href="https://www.amazon.com/dp/B001GMUBJ6?tag=eloabder-20&linkCode=osi&th=1&psc=1">View Product</a></div><div class="product"><a href="https://www.amazon.com/dp/B001UAKK0Y?tag=eloabder-20&linkCode=osi&th=1&psc=1"><img src="https://m.media-amazon.com/images/I/41rY1D0wfuL._SL500_.jpg" alt="Product Image"></a><p>Beadalon Wildfire, 0.006 in, 0.15 mm, Break Strength 10 lb / 4.5 kg, Frost, 50 yd / 45 m</p><p>$8.85 ($0.06 / Foot)</p><a href="https://www.amazon.com/dp/B001UAKK0Y?tag=eloabder-20&linkCode=osi&th=1&psc=1">View Product</a></div><div class="product"><a href="https://www.amazon.com/dp/B095WY58F4?tag=eloabder-20&linkCode=osi&th=1&psc=1"><img src="https://m.media-amazon.com/images/I/41mXRfJqcjL._SL500_.jpg" alt="Product Image"></a><p>PH PandaHall 0.1mm Nylon Seed Bead Thread 100 Yards Black White Bracelet Cord Beading Thread Invisible Sewing Thread Nylon Braided Thread String for Leather Stitching Beading Jewelry Bracelets Making</p><p>$9.99 ($0.03 / Foot)</p><a href="https://www.amazon.com/dp/B095WY58F4?tag=eloabder-20&linkCode=osi&th=1&psc=1">View Product</a></div><div class="product"><a href="https://www.amazon.com/dp/B08RN2R2SZ?tag=eloabder-20&linkCode=osi&th=1&psc=1"><img src="https://m.media-amazon.com/images/I/41Tg2MMC++L._SL500_.jpg" alt="Product Image"></a><p>KO Nylon Beading Thread, White Color, Japanese Pre-Waxed 100% Nylon, 330TEX, Tangle Resistant Knotting Cords, 50m /55 yds Spool, Use for Seed Bead Projects, Loom Work & Bead Weaving</p><p>$7.06 ($0.04 / Foot)</p><a href="https://www.amazon.com/dp/B08RN2R2SZ?tag=eloabder-20&linkCode=osi&th=1&psc=1">View Product</a></div><div class="product"><a href="https://www.amazon.com/dp/B09J89ST79?tag=eloabder-20&linkCode=osi&th=1&psc=1"><img src="https://m.media-amazon.com/images/I/41hLuuOZeXL._SL500_.jpg" alt="Product Image"></a><p>2 Roll Polyester Thread, Heavy Duty Thread, 1500Yard/Reel 210D/3 nylon thread for sewing, Sewing Thread for Upholstery, Outdoor Market, Drapery, Leather, Beading, Crafts</p><p>$7.99 ($0.00 / Foot)</p><a href="https://www.amazon.com/dp/B09J89ST79?tag=eloabder-20&linkCode=osi&th=1&psc=1">View Product</a></div><div class="product"><a href="https://www.amazon.com/dp/B0C6MSY7QQ?tag=eloabder-20&linkCode=osi&th=1&psc=1"><img src="https://m.media-amazon.com/images/I/31Bn-MyA62L._SL500_.jpg" alt="Product Image"></a><p>PH PandaHall 0.1mm Nylon String 100 Yards Beading Thread White Nylon Seed Bead Thread Bracelet Beading Thread Sewing String for Leather Stitching Beading Jewelry Bracelets Making</p><p>$7.99 ($0.03 / Foot)</p><a href="https://www.amazon.com/dp/B0C6MSY7QQ?tag=eloabder-20&linkCode=osi&th=1&psc=1">View Product</a></div>

<div class="product"><a href="https://www.amazon.com/dp/B07NMNDT1W?tag=eloabder-20&linkCode=osi&th=1&psc=1"><img src="https://m.media-amazon.com/images/I/41-zwQIcVcL._SL500_.jpg" alt="Product Image"></a><p>Howemon White Beeswax Pellets 2LB 100% Pure and Natural Triple Filtered for Skin, Face, Body and Hair Care DIY Creams, Lotions, Lip Balm and Soap Making Supplies</p><p>$13.99 ($0.44 / Fl Oz)</p><a href="https://www.amazon.com/dp/B07NMNDT1W?tag=eloabder-20&linkCode=osi&th=1&psc=1">View Product</a></div><div class="product"><a href="https://www.amazon.com/dp/B00B3U0FW4?tag=eloabder-20&linkCode=osi&th=1&psc=1"><img src="https://m.media-amazon.com/images/I/51rWFCST+TL._SL500_.jpg" alt="Product Image"></a><p>Beesworks Yellow Beeswax Pellets (1 lb) | 100% Pure, Cosmetic Grade, Triple-Filtered Beeswax for DIY Skin care, Lip Balm, Lotion, and Candle Making</p><p>$13.99 ($0.87 / Ounce)</p><a href="https://www.amazon.com/dp/B00B3U0FW4?tag=eloabder-20&linkCode=osi&th=1&psc=1">View Product</a></div><div class="product"><a href="https://www.amazon.com/dp/B01LWX2IO1?tag=eloabder-20&linkCode=osi&th=1&psc=1"><img src="https://m.media-amazon.com/images/I/41MlNqhDyCL._SL500_.jpg" alt="Product Image"></a><p>Beesworks Yellow Beeswax Bars (6 oz) | 100% Pure, Cosmetic Grade, Triple-Filtered Beeswax for DIY Skin Care, Lip Balm, Lotion and Candle Making (1 oz Bars - Pack of 6)</p><p>$6.99</p><a href="https://www.amazon.com/dp/B01LWX2IO1?tag=eloabder-20&linkCode=osi&th=1&psc=1">View Product</a></div><div class="product"><a href="https://www.amazon.com/dp/B0BV77F19N?tag=eloabder-20&linkCode=osi&th=1&psc=1"><img src="https://m.media-amazon.com/images/I/41xzHaO1-EL._SL500_.jpg" alt="Product Image"></a><p>Beeswax Pellets 10LB Cosmetic Beeswax Triple Filtered Beeswax Pastilles for Candle Making Great for DIY Projects Creams Lotions Lip Balm and Soap Making Supplies(10LB)</p><p>$32.99</p><a href="https://www.amazon.com/dp/B0BV77F19N?tag=eloabder-20&linkCode=osi&th=1&psc=1">View Product</a></div><div class="product"><a href="https://www.amazon.com/dp/B0C9QSG3CY?tag=eloabder-20&linkCode=osi&th=1&psc=1"><img src="https://m.media-amazon.com/images/I/414XQcU6SRL._SL500_.jpg" alt="Product Image"></a><p>YASNAY White Beeswax Pellets 2LB, 100% Organic Beeswax, Beeswax for Candle Making, Body, Skin Care DIY, Lip Balm and Soap Making Supplies</p><p>$11.99</p><a href="https://www.amazon.com/dp/B0C9QSG3CY?tag=eloabder-20&linkCode=osi&th=1&psc=1">View Product</a></div><div class="product"><a href="https://www.amazon.com/dp/B097HTC4WN?tag=eloabder-20&linkCode=osi&th=1&psc=1"><img src="https://m.media-amazon.com/images/I/51pwMM7C6-L._SL500_.jpg" alt="Product Image"></a><p>Eco Lux 8 Yellow Beeswax Blocks 100% Pure Natural Organic Bees Wax 6.5oz</p><p>$8.49 ($1.35 / Ounce)</p><a href="https://www.amazon.com/dp/B097HTC4WN?tag=eloabder-20&linkCode=osi&th=1&psc=1">View Product</a></div><div class="product"><a href="https://www.amazon.com/dp/B00HDHQQCE?tag=eloabder-20&linkCode=osi&th=1&psc=1"><img src="https://m.media-amazon.com/images/I/41vF-7MwNhL._SL500_.jpg" alt="Product Image"></a><p>Murray's 100% Pure Beeswax 4 oz</p><p>$5.98 ($1.50 / Ounce)</p><a href="https://www.amazon.com/dp/B00HDHQQCE?tag=eloabder-20&linkCode=osi&th=1&psc=1">View Product</a></div><div class="product"><a href="https://www.amazon.com/dp/B09YM8JTLM?tag=eloabder-20&linkCode=osi&th=1&psc=1"><img src="https://m.media-amazon.com/images/I/41cjNuBnFEL._SL500_.jpg" alt="Product Image"></a><p>TRINIDa Beeswax Pellets 2LB(32 oz), 100% Organic Yellow Bees Wax for DIY Candles, Beeswax for Candle Making, Skin, Body, Face, and Hair Care, Lotions, DIY Creams, Lip Balm and Soap Making Supplies</p><p>$11.99</p><a href="https://www.amazon.com/dp/B09YM8JTLM?tag=eloabder-20&linkCode=osi&th=1&psc=1">View Product</a></div><div class="product"><a href="https://www.amazon.com/dp/B00F3CNMV4?tag=eloabder-20&linkCode=osi&th=1&psc=1"><img src="https://m.media-amazon.com/images/I/31pjrRAEa4L._SL500_.jpg" alt="Product Image"></a><p>Stakich Yellow Beeswax Block - Natural, Triple Filtered - 1 Pound, Honey Scent</p><p>$13.95 ($0.87 / Ounce)</p><a href="https://www.amazon.com/dp/B00F3CNMV4?tag=eloabder-20&linkCode=osi&th=1&psc=1">View Product</a></div><div class="product"><a href="https://www.amazon.com/dp/B0BXFZBZS9?tag=eloabder-20&linkCode=osi&th=1&psc=1"><img src="https://m.media-amazon.com/images/I/4178i9IB9KL._SL500_.jpg" alt="Product Image"></a><p>5LB Beeswax Pellets Beeswax for Candle Making Organic Beeswax Pellets for Skin Beeswax Beads Beeswax Bulk Beeswax for Lotion Making Organic for DIY and Craft Project</p><p>$22.99</p><a href="https://www.amazon.com/dp/B0BXFZBZS9?tag=eloabder-20&linkCode=osi&th=1&psc=1">View Product</a></div>
<div class="product"><a href="https://www.amazon.com/dp/B0052F1BVK?tag=eloabder-20&linkCode=osi&th=1&psc=1"><img src="https://m.media-amazon.com/images/I/41zE9eiGoLL._SL500_.jpg" alt="Product Image"></a><p>ACC Staples Large Binder Clips, 2" Width, 1" Capacity, Black, 12/Pk</p><p>$6.30</p><a href="https://www.amazon.com/dp/B0052F1BVK?tag=eloabder-20&linkCode=osi&th=1&psc=1">View Product</a></div><div class="product"><a href="https://www.amazon.com/dp/B07MLFR771?tag=eloabder-20&linkCode=osi&th=1&psc=1"><img src="https://m.media-amazon.com/images/I/51N2wxA7N0L._SL500_.jpg" alt="Product Image"></a><p>CooBigo 50 Pack Binder Ring, Metal Book Ring Paper Ring Holder 5/8-Inch Loose Leaf Binder Ring Clip for Index Card, Flash Card Ring, Card Calendar, Keychain Key Ring - Bronze</p><p>$6.99</p><a href="https://www.amazon.com/dp/B07MLFR771?tag=eloabder-20&linkCode=osi&th=1&psc=1">View Product</a></div><div class="product"><a href="https://www.amazon.com/dp/B01563NHGY?tag=eloabder-20&linkCode=osi&th=1&psc=1"><img src="https://m.media-amazon.com/images/I/41gj+0ZftqL._SL500_.jpg" alt="Product Image"></a><p>vanki Pack of 40 Cute Lovely Smiling Face Spring-Loaded File Organizer Paper Holder Metal Binder Clips, Assorted Color</p><p>$8.99</p><a href="https://www.amazon.com/dp/B01563NHGY?tag=eloabder-20&linkCode=osi&th=1&psc=1">View Product</a></div><div class="product"><a href="https://www.amazon.com/dp/B000GOUDSO?tag=eloabder-20&linkCode=osi&th=1&psc=1"><img src="https://m.media-amazon.com/images/I/41ZANISHgML._SL500_.jpg" alt="Product Image"></a><p>Small Binder Clips .75" 8/Pkg-Assorted Colors</p><p>$4.46</p><a href="https://www.amazon.com/dp/B000GOUDSO?tag=eloabder-20&linkCode=osi&th=1&psc=1">View Product</a></div>
<div class="product"><a href="https://www.amazon.com/dp/B07PRPX4VR?tag=eloabder-20&linkCode=osi&th=1&psc=1"><img src="https://m.media-amazon.com/images/I/41IMH12fdPL._SL500_.jpg" alt="Product Image"></a><p>Durable Sheet Lifters, Durable Easy Flow, 11" x 3", Lifts Sheets Over Rings and Protects Sheets from Tearing, Fit Standard 3-Ring Binders, Black (20 Pack)</p><p>$14.99</p><a href="https://www.amazon.com/dp/B07PRPX4VR?tag=eloabder-20&linkCode=osi&th=1&psc=1">View Product</a></div><div class="product"><a href="https://www.amazon.com/dp/B0CM8QJHFW?tag=eloabder-20&linkCode=osi&th=1&psc=1"><img src="https://m.media-amazon.com/images/I/31cJGS74oCL._SL500_.jpg" alt="Product Image"></a><p>Wantane D-Shaped Tape Storage Ring Tape Storage Ring 4" D-Shaped Washi Tape Storage Ring for DIY Decoration and Storage（Nickel）-2PCS</p><p>$7.99</p><a href="https://www.amazon.com/dp/B0CM8QJHFW?tag=eloabder-20&linkCode=osi&th=1&psc=1">View Product</a></div>
<div class="product"><a href="https://www.amazon.com/dp/B00006IAS3?tag=eloabder-20&linkCode=osi&th=1&psc=1"><img src="https://m.media-amazon.com/images/I/317DvSXhT1L._SL500_.jpg" alt="Product Image"></a><p>GBC Binding System, Manual, Desktop Binding Punch, 6 Sheet Punch Capacity, ProClick P50 (2515650)</p><p>$123.89</p><a href="https://www.amazon.com/dp/B00006IAS3?tag=eloabder-20&linkCode=osi&th=1&psc=1">View Product</a></div><div class="product"><a href="https://www.amazon.com/dp/B004BP81KQ?tag=eloabder-20&linkCode=osi&th=1&psc=1"><img src="https://m.media-amazon.com/images/I/51SqfeZ12KL._SL500_.jpg" alt="Product Image"></a><p>We R Memory Keepers Cinch Book Binding Wire (1-Inch, Silver (2 Pack))</p><p>$5.99</p><a href="https://www.amazon.com/dp/B004BP81KQ?tag=eloabder-20&linkCode=osi&th=1&psc=1">View Product</a></div>

<div class="product"><a href="https://www.amazon.com/dp/B0007ZJ8TM?tag=eloabder-20&linkCode=osi&th=1&psc=1"><img src="https://m.media-amazon.com/images/I/41i49sz3UAL._SL500_.jpg" alt="Product Image"></a><p>Speedball Super Black India Ink, 2-Ounce</p><p>$9.99 ($9.99 / Count)</p><a href="https://www.amazon.com/dp/B0007ZJ8TM?tag=eloabder-20&linkCode=osi&th=1&psc=1">View Product</a></div><div class="product"><a href="https://www.amazon.com/dp/B0026I10AI?tag=eloabder-20&linkCode=osi&th=1&psc=1"><img src="https://m.media-amazon.com/images/I/31vklP4uBsL._SL500_.jpg" alt="Product Image"></a><p>Dr. Ph. Martin's Bombay India (7BY) Ink Bottle, 1.0 oz, Black</p><p>$6.99</p><a href="https://www.amazon.com/dp/B0026I10AI?tag=eloabder-20&linkCode=osi&th=1&psc=1">View Product</a></div><div class="product"><a href="https://www.amazon.com/dp/B000KNP96C?tag=eloabder-20&linkCode=osi&th=1&psc=1"><img src="https://m.media-amazon.com/images/I/51e9srYtG0L._SL500_.jpg" alt="Product Image"></a><p>Winsor & Newton Drawing Ink, 14ml Bottle, Black Indian</p><p>$10.99</p><a href="https://www.amazon.com/dp/B000KNP96C?tag=eloabder-20&linkCode=osi&th=1&psc=1">View Product</a></div><div class="product"><a href="https://www.amazon.com/dp/B07BQG5QF4?tag=eloabder-20&linkCode=osi&th=1&psc=1"><img src="https://m.media-amazon.com/images/I/41nEMDYZaiL._SL500_.jpg" alt="Product Image"></a><p>Speedball Super Black India Ink, 16-Ounce</p><p>$19.99</p><a href="https://www.amazon.com/dp/B07BQG5QF4?tag=eloabder-20&linkCode=osi&th=1&psc=1">View Product</a></div><div class="product"><a href="https://www.amazon.com/dp/B001038NLY?tag=eloabder-20&linkCode=osi&th=1&psc=1"><img src="https://m.media-amazon.com/images/I/418i4sxJJ0L._SL500_.jpg" alt="Product Image"></a><p>Speedball Fabric Screen Printing Ink, 8-Ounce, Black for T-Shirt and Silkscreen Printmaking</p><p>$12.99 ($1.62 / Fl Oz)</p><a href="https://www.amazon.com/dp/B001038NLY?tag=eloabder-20&linkCode=osi&th=1&psc=1">View Product</a></div><div class="product"><a href="https://www.amazon.com/dp/B00161OPSA?tag=eloabder-20&linkCode=osi&th=1&psc=1"><img src="https://m.media-amazon.com/images/I/41C32y3CJAL._SL500_.jpg" alt="Product Image"></a><p>Tsukineko VersaFine inkpad, Full-Size, Onyx Black</p><p>$4.99 ($4.99 / Count)</p><a href="https://www.amazon.com/dp/B00161OPSA?tag=eloabder-20&linkCode=osi&th=1&psc=1">View Product</a></div>
<div class="product"><a href="https://www.amazon.com/dp/B07Q4TJCDJ?tag=eloabder-20&linkCode=osi&th=1&psc=1"><img src="https://m.media-amazon.com/images/I/315HYvYg-BL._SL500_.jpg" alt="Product Image"></a><p>Primbeeks 300pcs Blank Business Cards, Premium Blank White Cards, 3.5" x 2.2" Small Blank Cards, Blank Cardstock Cards, Small Note Cards, white blank cards, white business cards, kraft paper cards</p><p>$7.99</p><a href="https://www.amazon.com/dp/B07Q4TJCDJ?tag=eloabder-20&linkCode=osi&th=1&psc=1">View Product</a></div><div class="product"><a href="https://www.amazon.com/dp/B0CRGHFLT8?tag=eloabder-20&linkCode=osi&th=1&psc=1"><img src="https://m.media-amazon.com/images/I/41S1NLpb8hL._SL500_.jpg" alt="Product Image"></a><p>Watercolor Cards and Envelopes Set - 50 Folded 5x7 Inch Blank Heavyweight Paper Cards (140lb/300gsm) with Matching Envelopes for DIY Greeting Cards, Festivals, and Events</p><p>$17.99 ($0.36 / Count)</p><a href="https://www.amazon.com/dp/B0CRGHFLT8?tag=eloabder-20&linkCode=osi&th=1&psc=1">View Product</a></div><div class="product"><a href="https://www.amazon.com/dp/B08MX4TZ3H?tag=eloabder-20&linkCode=osi&th=1&psc=1"><img src="https://m.media-amazon.com/images/I/41D2u4vdLQL._SL500_.jpg" alt="Product Image"></a><p>50 Pack Blank Kraft Cards Cardstock Thick Paper Brown Greeting Cards for DIY Gift Card Menus, Baby Shower and Wedding Invitations (Multicolored, 5x7IN)</p><p>$8.99</p><a href="https://www.amazon.com/dp/B08MX4TZ3H?tag=eloabder-20&linkCode=osi&th=1&psc=1">View Product</a></div><div class="product"><a href="https://www.amazon.com/dp/B08BDGGVMK?tag=eloabder-20&linkCode=osi&th=1&psc=1"><img src="https://m.media-amazon.com/images/I/41W-dTUoBqL._SL500_.jpg" alt="Product Image"></a><p>100pcs 3.54"x2" Blank Kraft Paper Business Card, Words Message Notes paper Tags, Mini Craft Cardboard Festival gifts - 6 colors</p><p>$5.98</p><a href="https://www.amazon.com/dp/B08BDGGVMK?tag=eloabder-20&linkCode=osi&th=1&psc=1">View Product</a></div><div class="product"><a href="https://www.amazon.com/dp/B08BFDJJ78?tag=eloabder-20&linkCode=osi&th=1&psc=1"><img src="https://m.media-amazon.com/images/I/61LZ1Csb+dL._SL500_.jpg" alt="Product Image"></a><p>Nettbe 100pcs 3.54"x2" Blank Kraft Paper Business Card, Words Message Notes paper Tags, Mini Craft Cardboard Festival gifts</p><p>$5.99</p><a href="https://www.amazon.com/dp/B08BFDJJ78?tag=eloabder-20&linkCode=osi&th=1&psc=1">View Product</a></div><div class="product"><a href="https://www.amazon.com/dp/B07Q8YBJM3?tag=eloabder-20&linkCode=osi&th=1&psc=1"><img src="https://m.media-amazon.com/images/I/31w6U4cCqEL._SL500_.jpg" alt="Product Image"></a><p>Primbeeks 228pcs Blank Business Cards, Premium Blank White Cards, 3.5" x 2.2" Small Blank Cards, Blank Cardstock Cards, Small Note Cards, white blank cards, white business cards, kraft paper cards</p><p>$5.99</p><a href="https://www.amazon.com/dp/B07Q8YBJM3?tag=eloabder-20&linkCode=osi&th=1&psc=1">View Product</a></div><div class="product"><a href="https://www.amazon.com/dp/B08X4Z9TGN?tag=eloabder-20&linkCode=osi&th=1&psc=1"><img src="https://m.media-amazon.com/images/I/41Jqhe35tDL._SL500_.jpg" alt="Product Image"></a><p>321Done Blank Rustic Cards, Made in USA - 4x6 Thick, Heavy Cardstock - Make Invites, Greeting, Note, Thank You Cards - Plain Kraft for Writing, Stamping, Printing, Art - No Envelopes - Set of 50</p><p>$14.99</p><a href="https://www.amazon.com/dp/B08X4Z9TGN?tag=eloabder-20&linkCode=osi&th=1&psc=1">View Product</a></div><div class="product"><a href="https://www.amazon.com/dp/B0D2KDWBNM?tag=eloabder-20&linkCode=osi&th=1&psc=1"><img src="https://m.media-amazon.com/images/I/31dAhnBJ7aL._SL500_.jpg" alt="Product Image"></a><p>4x6 Blank White Cardstock (Set of 100) - Card Stock for Printer Postcards, Photo Paper Invitations, Greeting, Note, Thank You, DIY Making, Index Cards - Plain for Writing, Stamping, Printing, Art</p><p>$8.99</p><a href="https://www.amazon.com/dp/B0D2KDWBNM?tag=eloabder-20&linkCode=osi&th=1&psc=1">View Product</a></div><div class="product"><a href="https://www.amazon.com/dp/B0BB858RYN?tag=eloabder-20&linkCode=osi&th=1&psc=1"><img src="https://m.media-amazon.com/images/I/317zmriPKNL._SL500_.jpg" alt="Product Image"></a><p>WANDERINGS Handmade White Deckle Edge Blank Greeting Cards- Folded to 5x7” - Pack of 25 - Writers, Artists, Crafters - Thank Yous, Invitations, Menus, Greeting Cards, Notes - Thick 150 GSM</p><p>$21.99 ($0.88 / Count)</p><a href="https://www.amazon.com/dp/B0BB858RYN?tag=eloabder-20&linkCode=osi&th=1&psc=1">View Product</a></div><div class="product"><a href="https://www.amazon.com/dp/B0BZPPXRZW?tag=eloabder-20&linkCode=osi&th=1&psc=1"><img src="https://m.media-amazon.com/images/I/21Da-WQhrpL._SL500_.jpg" alt="Product Image"></a><p>100 Pack Thick Paper Cardstock Blank Heavy Cards Stock for Invitations, Greeting Cards Making, Postcards, Photos, 250GSM Thick Paper (White, 2x3.5 inches)</p><p>$5.99</p><a href="https://www.amazon.com/dp/B0BZPPXRZW?tag=eloabder-20&linkCode=osi&th=1&psc=1">View Product</a></div>
<div class="product"><a href="https://www.amazon.com/dp/B0BZRDQKH6?tag=eloabder-20&linkCode=osi&th=1&psc=1"><img src="https://m.media-amazon.com/images/I/41GYYRiusgL._SL500_.jpg" alt="Product Image"></a><p>feela 8 Pack Unlined Kraft Paper Notebooks, Blank Journal Note Pad for Drawing Writing, Small Sketchbook Travel Journal Bulk for Women Kids Students Office School Supplies, A5, 60 Pages, 8.3” X 5.5”</p><p>$9.99</p><a href="https://www.amazon.com/dp/B0BZRDQKH6?tag=eloabder-20&linkCode=osi&th=1&psc=1">View Product</a></div><div class="product"><a href="https://www.amazon.com/dp/B0BXLB74KK?tag=eloabder-20&linkCode=osi&th=1&psc=1"><img src="https://m.media-amazon.com/images/I/313vYzg7HpL._SL500_.jpg" alt="Product Image"></a><p>ZZTX 4 Pack Blank Kraft Notebooks, Blank Paper Sketchbooks for Drawing Doodling Writing,Travel Journal Set, A5, 36 Pages, 8.3” X 5.5”</p><p>$5.99</p><a href="https://www.amazon.com/dp/B0BXLB74KK?tag=eloabder-20&linkCode=osi&th=1&psc=1">View Product</a></div><div class="product"><a href="https://www.amazon.com/dp/B0BW5TNPXJ?tag=eloabder-20&linkCode=osi&th=1&psc=1"><img src="https://m.media-amazon.com/images/I/31Wu8UP78iL._SL500_.jpg" alt="Product Image"></a><p>EOOUT Kraft Notebooks, Blank Page Journals in Bulk, 16pcs A5, 8.3 X 5.5 Inches, 60 Pages, 80gsm, Travel Journal Set, for Art Camp, Travelers, Students and Office Supplies Sketchbooks Bulk for Kids</p><p>$15.99</p><a href="https://www.amazon.com/dp/B0BW5TNPXJ?tag=eloabder-20&linkCode=osi&th=1&psc=1">View Product</a></div><div class="product"><a href="https://www.amazon.com/dp/B08P3F46SD?tag=eloabder-20&linkCode=osi&th=1&psc=1"><img src="https://m.media-amazon.com/images/I/41jeBDcZJ1L._SL500_.jpg" alt="Product Image"></a><p>Krafty Soft Cover Blank Notebook Journal, Spiral Sketchbook Pad, Drawing Book, 60 Sheets/140gsm (A4)/120 Pages</p><p>$7.99</p><a href="https://www.amazon.com/dp/B08P3F46SD?tag=eloabder-20&linkCode=osi&th=1&psc=1">View Product</a></div><div class="product"><a href="https://www.amazon.com/dp/B0CWNPMC4T?tag=eloabder-20&linkCode=osi&th=1&psc=1"><img src="https://m.media-amazon.com/images/I/31BZeVGe6TL._SL500_.jpg" alt="Product Image"></a><p>zmybcpack 5 Pack Blank Journal Notebooks, Blank Paper Sketchbook for Drawing Writing, Travel Journal Notebook Kraft Paper Notebook for Travelers, Students, Office, A5, 8.26” x 5.5”, 60 Pages/30 Sheets</p><p>$8.99</p><a href="https://www.amazon.com/dp/B0CWNPMC4T?tag=eloabder-20&linkCode=osi&th=1&psc=1">View Product</a></div><div class="product"><a href="https://www.amazon.com/dp/B07WHYP9WN?tag=eloabder-20&linkCode=osi&th=1&psc=1"><img src="https://m.media-amazon.com/images/I/41ZhyCux1yL._SL500_.jpg" alt="Product Image"></a><p>Thick Blank Journal Notebook with Unlined / Unruled / Plain Pages | Deluxe 120gsm Ink Resistant Paper for Writing, Sketch Book, 160 Pages | Hardcover Sketchbook with Pen Holder, Pocket, Ribbon (Black)</p><p>$14.99</p><a href="https://www.amazon.com/dp/B07WHYP9WN?tag=eloabder-20&linkCode=osi&th=1&psc=1">View Product</a></div>
<div class="product"><a href="https://www.amazon.com/dp/B07MT7HKZW?tag=eloabder-20&linkCode=osi&th=1&psc=1"><img src="https://m.media-amazon.com/images/I/413JwH5JREL._SL500_.jpg" alt="Product Image"></a><p>Spiral Sketch Book Large Notebook（Built-in Drawing Board） Kraft Cover Blank Sketch Pad Wirebound Sketching for Drawing Painting 8.5x11-Inch (2 Pack) 200 Sheets, 100 Sheets, 200Pages Each</p><p>$17.99 ($9.00 / Count)</p><a href="https://www.amazon.com/dp/B07MT7HKZW?tag=eloabder-20&linkCode=osi&th=1&psc=1">View Product</a></div><div class="product"><a href="https://www.amazon.com/dp/B0BDQ82WB9?tag=eloabder-20&linkCode=osi&th=1&psc=1"><img src="https://m.media-amazon.com/images/I/51FoWr3GPwL._SL500_.jpg" alt="Product Image"></a><p>feela 170 Pack Blank Kraft Notebooks, Unlined Sketchbook Mini Cute Note Pad for Drawing Writing, Journal Bulk For Kids Students Office School Supplies, A6, 48 Pages, 4.25” X 5.5”, Black and Brown</p><p>$51.99</p><a href="https://www.amazon.com/dp/B0BDQ82WB9?tag=eloabder-20&linkCode=osi&th=1&psc=1">View Product</a></div><div class="product"><a href="https://www.amazon.com/dp/B0B3WWHWT2?tag=eloabder-20&linkCode=osi&th=1&psc=1"><img src="https://m.media-amazon.com/images/I/31m0FzXtPxL._SL500_.jpg" alt="Product Image"></a><p>Tamaki 6 Pack Colorful Blank Books for kids to Write, Drawing, Cute Sketchbook for Kid, 6 Colors (4.25 x 5.5 Inches)</p><p>$6.99</p><a href="https://www.amazon.com/dp/B0B3WWHWT2?tag=eloabder-20&linkCode=osi&th=1&psc=1">View Product</a></div>
<div class="product"><a href="https://www.amazon.com/dp/B0BGH2P9M6?tag=eloabder-20&linkCode=osi&th=1&psc=1"><img src="https://m.media-amazon.com/images/I/41ozOaYoHEL._SL500_.jpg" alt="Product Image"></a><p>EOOUT 100pcs A5 Kraft Notebooks, Blank Page Journals in Bulk, Sketchbooks Bulk for Kids, 60 Pages, 80GSM, 8.3 X 5.5 Inch, Travel Journal Set, for Art Camp, Travelers, Students and Office Supplies</p><p>$51.99</p><a href="https://www.amazon.com/dp/B0BGH2P9M6?tag=eloabder-20&linkCode=osi&th=1&psc=1">View Product</a></div><div class="product"><a href="https://www.amazon.com/dp/B07MT99F94?tag=eloabder-20&linkCode=osi&th=1&psc=1"><img src="https://m.media-amazon.com/images/I/41Ug7gpSWDL._SL500_.jpg" alt="Product Image"></a><p>Spiral Sketch Book Large Notebook（Built-in Drawing Board） Kraft Cover Blank Sketch Pad Wirebound Sketching for Drawing Painting 8.5x11-Inch (1 Pack) 200 Pages, 100 Sheets</p><p>$9.99</p><a href="https://www.amazon.com/dp/B07MT99F94?tag=eloabder-20&linkCode=osi&th=1&psc=1">View Product</a></div><div class="product"><a href="https://www.amazon.com/dp/B07CM32KLM?tag=eloabder-20&linkCode=osi&th=1&psc=1"><img src="https://m.media-amazon.com/images/I/41ENhBLE9DL._SL500_.jpg" alt="Product Image"></a><p>Kraft Cover Drawing Notebook & Sketchbook – Set of 2 Blank Plain Sketch Books – 125g Thick Paper A5 Size, 150x210mm Paper Ideal for Drawing & Sketching- 128 sheets/256 pages – 180 Degree Opening, 2pcs</p><p>$20.99 ($0.08 / Count)</p><a href="https://www.amazon.com/dp/B07CM32KLM?tag=eloabder-20&linkCode=osi&th=1&psc=1">View Product</a></div><div class="product"><a href="https://www.amazon.com/dp/B08ZLMLF7C?tag=eloabder-20&linkCode=osi&th=1&psc=1"><img src="https://m.media-amazon.com/images/I/41X-5yj83vL._SL500_.jpg" alt="Product Image"></a><p>BEECHMORE BOOKS Sketch Book, A4 8.5 x 11.5 inch Blank Sketchbook for Drawing, Paint and Draw, 156 Pages Thick Paper 160gsm, Hardcover Leather Art Notebook, Boxed for Gifts (Chestnut Brown)</p><p>$21.20</p><a href="https://www.amazon.com/dp/B08ZLMLF7C?tag=eloabder-20&linkCode=osi&th=1&psc=1">View Product</a></div>
<div class="product"><a href="https://www.amazon.com/dp/B075M9MSFH?tag=eloabder-20&linkCode=osi&th=1&psc=1"><img src="https://m.media-amazon.com/images/I/51x+szTX6TL._SL500_.jpg" alt="Product Image"></a><p>Bianyo Bleedproof Marker Paper Pad, A4(8.27"X11.69"), 50 Sheets, 18 LB / 70 GSM, Glue-Bound, 100% Cotton, White, Ideal for Use with Markers and Ink Mediums</p><p>$9.99</p><a href="https://www.amazon.com/dp/B075M9MSFH?tag=eloabder-20&linkCode=osi&th=1&psc=1">View Product</a></div><div class="product"><a href="https://www.amazon.com/dp/B08FX5S2NL?tag=eloabder-20&linkCode=osi&th=1&psc=1"><img src="https://m.media-amazon.com/images/I/41CA0ZfazKL._SL500_.jpg" alt="Product Image"></a><p>Marker Paper Sketchbook, Bleedproof Art Marker Pad, (8.27 X 11.69) Inch, White, 40 Sheets</p><p>$6.99</p><a href="https://www.amazon.com/dp/B08FX5S2NL?tag=eloabder-20&linkCode=osi&th=1&psc=1">View Product</a></div><div class="product"><a href="https://www.amazon.com/dp/B0CJRBFSJ8?tag=eloabder-20&linkCode=osi&th=1&psc=1"><img src="https://m.media-amazon.com/images/I/51DLA8TpwEL._SL500_.jpg" alt="Product Image"></a><p>Shuttle Art Marker Pad, 8.3”x8.9” Portable Square Sketchbook, 80 Sheets Marker Drawing Paper, 120LB/200GSM Bleedproof Art Paper, Spiral-Bound, Great for Professional Artist to Draw, Paint & Sketch</p><p>$16.99</p><a href="https://www.amazon.com/dp/B0CJRBFSJ8?tag=eloabder-20&linkCode=osi&th=1&psc=1">View Product</a></div><div class="product"><a href="https://www.amazon.com/dp/B09N7VX5Z5?tag=eloabder-20&linkCode=osi&th=1&psc=1"><img src="https://m.media-amazon.com/images/I/51xCPs9HZyL._SL500_.jpg" alt="Product Image"></a><p>Marker Paper Sketchbook - Marker Sketchbook with Bleedproof Smooth Coated Art Paper, 120 GSM 80 LBS - Marker Pad for Alcohol Markers, Sketching, Drawing - 8.11 x 8.5 Inch | 50 Sheets, 2 Pack</p><p>$15.99 ($8.00 / Count)</p><a href="https://www.amazon.com/dp/B09N7VX5Z5?tag=eloabder-20&linkCode=osi&th=1&psc=1">View Product</a></div><div class="product"><a href="https://www.amazon.com/dp/B07CK94W9T?tag=eloabder-20&linkCode=osi&th=1&psc=1"><img src="https://m.media-amazon.com/images/I/41ocoSNDjdL._SL500_.jpg" alt="Product Image"></a><p>BOXUN Premium 50 Sheets Sketch Marker Paper Pad, Bleedproof Artist Drawing Paper, 8.27 x 11.69 Inch</p><p>$8.29 ($0.17 / Count)</p><a href="https://www.amazon.com/dp/B07CK94W9T?tag=eloabder-20&linkCode=osi&th=1&psc=1">View Product</a></div><div class="product"><a href="https://www.amazon.com/dp/B0CPXWD11W?tag=eloabder-20&linkCode=osi&th=1&psc=1"><img src="https://m.media-amazon.com/images/I/51ApKzpDVNL._SL500_.jpg" alt="Product Image"></a><p>FEITAKE Marker Paper Pad Sketchbook Bleedproof for Alcohol Markers 120lb/200gsm Double Sided Thick Art Drawing Papers 60pages (30Sheets) / A4(8.3"x11.7") Gift for Artists Students Kids</p><p>$13.99 ($0.47 / Count)</p><a href="https://www.amazon.com/dp/B0CPXWD11W?tag=eloabder-20&linkCode=osi&th=1&psc=1">View Product</a></div><div class="product"><a href="https://www.amazon.com/dp/B0025TWYW6?tag=eloabder-20&linkCode=osi&th=1&psc=1"><img src="https://m.media-amazon.com/images/I/51t6UkUHCvL._SL500_.jpg" alt="Product Image"></a><p>Bee Paper Bleedproof Marker Pack, 8-1/2-Inch by 11-Inch, 50 Sheets per Pack</p><p>$17.09 ($0.34 / Count)</p><a href="https://www.amazon.com/dp/B0025TWYW6?tag=eloabder-20&linkCode=osi&th=1&psc=1">View Product</a></div><div class="product"><a href="https://www.amazon.com/dp/B0CJRBYYQB?tag=eloabder-20&linkCode=osi&th=1&psc=1"><img src="https://m.media-amazon.com/images/I/41knBnjZ25L._SL500_.jpg" alt="Product Image"></a><p>Shuttle Art Marker Pad, 8.3”x7.67” Portable Square Sketchbook, 50 Sheets Marker Drawing Paper, 60LB/90GSM Smooth Surface Bleedproof Art Paper, Glue-Bound, Great for Beginners to Draw, Paint & Sketch</p><p>$8.99 ($0.18 / Count)</p><a href="https://www.amazon.com/dp/B0CJRBYYQB?tag=eloabder-20&linkCode=osi&th=1&psc=1">View Product</a></div>
<div class="product"><a href="https://www.amazon.com/dp/B00881IU8M?tag=eloabder-20&linkCode=osi&th=1&psc=1"><img src="https://m.media-amazon.com/images/I/41hbSgdLBtL._SL500_.jpg" alt="Product Image"></a><p>Speedball Fabric & Paper Block Printing Ink 6-Color Set, 1.25-Ounce x 6</p><p>$28.99 ($28.99 / Count)</p><a href="https://www.amazon.com/dp/B00881IU8M?tag=eloabder-20&linkCode=osi&th=1&psc=1">View Product</a></div><div class="product"><a href="https://www.amazon.com/dp/B000J09PFM?tag=eloabder-20&linkCode=osi&th=1&psc=1"><img src="https://m.media-amazon.com/images/I/51yPRc4nvoL._SL500_.jpg" alt="Product Image"></a><p>Speedball Water-Soluble Block Printing Ink Starter Set, 6 Bold Colors with Satin Finish, 1.25-Ounce Tubes</p><p>$29.99 ($4.00 / Fl Oz)</p><a href="https://www.amazon.com/dp/B000J09PFM?tag=eloabder-20&linkCode=osi&th=1&psc=1">View Product</a></div><div class="product"><a href="https://www.amazon.com/dp/B000BYT24U?tag=eloabder-20&linkCode=osi&th=1&psc=1"><img src="https://m.media-amazon.com/images/I/51pDlo+LlKL._SL500_.jpg" alt="Product Image"></a><p>Speedball Water-Soluble Block Printing Ink, 8-Ounce Jar, Black</p><p>$14.49</p><a href="https://www.amazon.com/dp/B000BYT24U?tag=eloabder-20&linkCode=osi&th=1&psc=1">View Product</a></div><div class="product"><a href="https://www.amazon.com/dp/B00C1JUJWW?tag=eloabder-20&linkCode=osi&th=1&psc=1"><img src="https://m.media-amazon.com/images/I/41zDtJ6f5hL._SL500_.jpg" alt="Product Image"></a><p>Speedball Fabric Block Printing Ink, 2.5-Ounce, Black</p><p>$9.99 ($4.00 / Fl Oz)</p><a href="https://www.amazon.com/dp/B00C1JUJWW?tag=eloabder-20&linkCode=osi&th=1&psc=1">View Product</a></div><div class="product"><a href="https://www.amazon.com/dp/B004PZ1ZJG?tag=eloabder-20&linkCode=osi&th=1&psc=1"><img src="https://m.media-amazon.com/images/I/41+GkhhpR5L._SL500_.jpg" alt="Product Image"></a><p>Speedball Water-Soluble Block Printing Ink Starter Set, 4-Color Set, 1.25-Ounce Tubes</p><p>$20.99</p><a href="https://www.amazon.com/dp/B004PZ1ZJG?tag=eloabder-20&linkCode=osi&th=1&psc=1">View Product</a></div><div class="product"><a href="https://www.amazon.com/dp/B0017CZF3C?tag=eloabder-20&linkCode=osi&th=1&psc=1"><img src="https://m.media-amazon.com/images/I/41S17SYPAZL._SL500_.jpg" alt="Product Image"></a><p>Speedball Water Soluble Block Printing Ink, Black, 2-1/2 Ounces - 380663</p><p>$9.99</p><a href="https://www.amazon.com/dp/B0017CZF3C?tag=eloabder-20&linkCode=osi&th=1&psc=1">View Product</a></div><div class="product"><a href="https://www.amazon.com/dp/B0BXNX8FSH?tag=eloabder-20&linkCode=osi&th=1&psc=1"><img src="https://m.media-amazon.com/images/I/51JGm1VxVOL._SL500_.jpg" alt="Product Image"></a><p>Falling in Art Water-Soluble Block Printing Ink, 6-Color Printmaking Ink Set for Linoleum Block, 3.5 floz</p><p>$28.99</p><a href="https://www.amazon.com/dp/B0BXNX8FSH?tag=eloabder-20&linkCode=osi&th=1&psc=1">View Product</a></div><div class="product"><a href="https://www.amazon.com/dp/B0027ACJBO?tag=eloabder-20&linkCode=osi&th=1&psc=1"><img src="https://m.media-amazon.com/images/I/41OzayB9ojL._SL500_.jpg" alt="Product Image"></a><p>Speedball 3476 Oil-Based Block Printing Ink Starter Set for Professional, Permanent Prints AP Certified – 1.25 FL OZ Tubes</p><p>$33.99</p><a href="https://www.amazon.com/dp/B0027ACJBO?tag=eloabder-20&linkCode=osi&th=1&psc=1">View Product</a></div>
<div class="product"><a href="https://www.amazon.com/dp/B0027AGDWK?tag=eloabder-20&linkCode=osi&th=1&psc=1"><img src="https://m.media-amazon.com/images/I/515LDer6GPL._SL500_.jpg" alt="Product Image"></a><p>Speedball Deluxe Block Printing Kit - Includes Inks, Brayer, Bench Hook, Lino Handle and Cutters, Speedy-Carve Block, Mounted Linoleum Block</p><p>$59.99</p><a href="https://www.amazon.com/dp/B0027AGDWK?tag=eloabder-20&linkCode=osi&th=1&psc=1">View Product</a></div><div class="product"><a href="https://www.amazon.com/dp/B07ZJBZN5S?tag=eloabder-20&linkCode=osi&th=1&psc=1"><img src="https://m.media-amazon.com/images/I/41UbN58y9uS._SL500_.jpg" alt="Product Image"></a><p>SGHUO 12pcs 4"x6" Pink Rubber Carving Blocks Linoleum Block Stamp Making Kit</p><p>$22.99 ($1.92 / Count)</p><a href="https://www.amazon.com/dp/B07ZJBZN5S?tag=eloabder-20&linkCode=osi&th=1&psc=1">View Product</a></div>
<div class="product"><a href="https://www.amazon.com/dp/B00L2DYUM8?tag=eloabder-20&linkCode=osi&th=1&psc=1"><img src="https://m.media-amazon.com/images/I/51l5FZ0+5AL._SL500_.jpg" alt="Product Image"></a><p>Strathmore 300 Series Printmaking Paper Pad, Glue Bound, 5x7 inches, 40 Sheets (120g) - Artist Paper for Adults and Students - Block Printing, Linocut, Screen Printing, White</p><p>$7.26</p><a href="https://www.amazon.com/dp/B00L2DYUM8?tag=eloabder-20&linkCode=osi&th=1&psc=1">View Product</a></div><div class="product"><a href="https://www.amazon.com/dp/B07BSYS5XC?tag=eloabder-20&linkCode=osi&th=1&psc=1"><img src="https://m.media-amazon.com/images/I/51Uwfq0jv+L._SL500_.jpg" alt="Product Image"></a><p>Ucreate Printmaking Paper, 9"x12", White, 100 Sheet, P9001</p><p>$9.79</p><a href="https://www.amazon.com/dp/B07BSYS5XC?tag=eloabder-20&linkCode=osi&th=1&psc=1">View Product</a></div><div class="product"><a href="https://www.amazon.com/dp/B00K5562WA?tag=eloabder-20&linkCode=osi&th=1&psc=1"><img src="https://m.media-amazon.com/images/I/51Dm+TeJGdL._SL500_.jpg" alt="Product Image"></a><p>Strathmore Printmaking Paper Pad 8"X10"-20 Sheets -62433800, White</p><p>$10.19</p><a href="https://www.amazon.com/dp/B00K5562WA?tag=eloabder-20&linkCode=osi&th=1&psc=1">View Product</a></div><div class="product"><a href="https://www.amazon.com/dp/B001DNH8I0?tag=eloabder-20&linkCode=osi&th=1&psc=1"><img src="https://m.media-amazon.com/images/I/51UzoKdUojL._SL500_.jpg" alt="Product Image"></a><p>Black Ink 9-Inch by 12-Inch Bleached Mulberry Block Printing Paper, 25-Pack</p><p>$19.35 ($0.77 / Count)</p><a href="https://www.amazon.com/dp/B001DNH8I0?tag=eloabder-20&linkCode=osi&th=1&psc=1">View Product</a></div><div class="product"><a href="https://www.amazon.com/dp/B00C6G6L5Y?tag=eloabder-20&linkCode=osi&th=1&psc=1"><img src="https://m.media-amazon.com/images/I/5103h0Rm8sL._SL500_.jpg" alt="Product Image"></a><p>Black Ink Thai Mulberry Block Printing Paper Packs small assorted colors</p><p>$21.99</p><a href="https://www.amazon.com/dp/B00C6G6L5Y?tag=eloabder-20&linkCode=osi&th=1&psc=1">View Product</a></div>
<div class="product"><a href="https://www.amazon.com/dp/B003IG27OK?tag=eloabder-20&linkCode=osi&th=1&psc=1"><img src="https://m.media-amazon.com/images/I/416NUaYo1DL._SL500_.jpg" alt="Product Image"></a><p>Speedball Block Printing Baren - Comfortable Wooden Handle, Made in the USA - 4 Inches</p><p>$29.49</p><a href="https://www.amazon.com/dp/B003IG27OK?tag=eloabder-20&linkCode=osi&th=1&psc=1">View Product</a></div>
<div class="product"><a href="https://www.amazon.com/dp/B0CMZYY8CJ?tag=eloabder-20&linkCode=osi&th=1&psc=1"><img src="https://m.media-amazon.com/images/I/41TifSIP7SL._SL500_.jpg" alt="Product Image"></a><p>Ecoofor Blotting Paper for Flower Press, 20 Sheets Highly Absorbent and Reusable Blotter Paper for Flower Press Paper Craft 9 x 9 inch</p><p>$9.99</p><a href="https://www.amazon.com/dp/B0CMZYY8CJ?tag=eloabder-20&linkCode=osi&th=1&psc=1">View Product</a></div><div class="product"><a href="https://www.amazon.com/dp/B0CYRT3RM4?tag=eloabder-20&linkCode=osi&th=1&psc=1"><img src="https://m.media-amazon.com/images/I/31+qvVq3giL._SL500_.jpg" alt="Product Image"></a><p>Hygge & Sage Premium Natural Fiber Blotting Paper for Flower Press Art; 20 Large Sheets for a Press up to 8x11 Inches; Absorbent, Versatile, and Acid-Free Reusable Blotter Paper for Flower Pressing</p><p>$9.50 ($0.48 / Count)</p><a href="https://www.amazon.com/dp/B0CYRT3RM4?tag=eloabder-20&linkCode=osi&th=1&psc=1">View Product</a></div><div class="product"><a href="https://www.amazon.com/dp/B0D41GDLHM?tag=eloabder-20&linkCode=osi&th=1&psc=1"><img src="https://m.media-amazon.com/images/I/41LIF5dHXaL._SL500_.jpg" alt="Product Image"></a><p>Aboofx 20 Sheets Blotting Paper for Flower Press, 15" x 10" Extra Large Highly Absorbent Blotter Paper for Flower Press Reusable Herbarium Paper Craft Blotter Paper Sheets</p><p>$19.99</p><a href="https://www.amazon.com/dp/B0D41GDLHM?tag=eloabder-20&linkCode=osi&th=1&psc=1">View Product</a></div><div class="product"><a href="https://www.amazon.com/dp/B0CQMMYSBR?tag=eloabder-20&linkCode=osi&th=1&psc=1"><img src="https://m.media-amazon.com/images/I/413SlUi6IDL._SL500_.jpg" alt="Product Image"></a><p>Wisreach Blotting Paper for Flower Press, 20 Sheets Flower Press Paper Highly Absorbent and Reusable Blotter Paper for Flower Art A4 Size 8.26 x 11.4 inch</p><p>$9.99</p><a href="https://www.amazon.com/dp/B0CQMMYSBR?tag=eloabder-20&linkCode=osi&th=1&psc=1">View Product</a></div><div class="product"><a href="https://www.amazon.com/dp/B093FQ22PG?tag=eloabder-20&linkCode=osi&th=1&psc=1"><img src="https://m.media-amazon.com/images/I/41B2jXhe+QL._SL500_.jpg" alt="Product Image"></a><p>Blotting Paper for Flower Press by Berstuk® • Large A4 Flower Press Paper • Highly Absorbent and Reusable Herbarium Paper • Pack of 10 Blotter Paper Sheets</p><p>$6.99 ($69.90 / 100 Sheets)</p><a href="https://www.amazon.com/dp/B093FQ22PG?tag=eloabder-20&linkCode=osi&th=1&psc=1">View Product</a></div><div class="product"><a href="https://www.amazon.com/dp/B0C6PW4VGB?tag=eloabder-20&linkCode=osi&th=1&psc=1"><img src="https://m.media-amazon.com/images/I/21C64VB3iVL._SL500_.jpg" alt="Product Image"></a><p>PATIKIL 16"x12" Flower Press Paper, 1 Set/30 Sheet Refill Lining Blotter Paper Absorbent Reusable Blotting Paper for DIY Art Handicraft Scrapbook</p><p>$11.19</p><a href="https://www.amazon.com/dp/B0C6PW4VGB?tag=eloabder-20&linkCode=osi&th=1&psc=1">View Product</a></div><div class="product"><a href="https://www.amazon.com/dp/B0C6PTK915?tag=eloabder-20&linkCode=osi&th=1&psc=1"><img src="https://m.media-amazon.com/images/I/21UviFCGjtL._SL500_.jpg" alt="Product Image"></a><p>PATIKIL 12"x8" Flower Press Paper, 2 Set/60 Sheet Refill Lining Blotter Paper Absorbent Reusable Blotting Paper for DIY Art Handicraft Scrapbook</p><p>$13.69</p><a href="https://www.amazon.com/dp/B0C6PTK915?tag=eloabder-20&linkCode=osi&th=1&psc=1">View Product</a></div><div class="product"><a href="https://www.amazon.com/dp/B0CDJZ4MD7?tag=eloabder-20&linkCode=osi&th=1&psc=1"><img src="https://m.media-amazon.com/images/I/41iwkW+QQOL._SL500_.jpg" alt="Product Image"></a><p>30 PCS Blotting Paper for Flower Press Large A4 Flower Press Paper Highly Absorbent and Reusable Blotter Paper Refill Lining Paper for Flower Press Art Craft Scrapbook Making, 11.8 x 7.9 Inches Blue</p><p>$9.99</p><a href="https://www.amazon.com/dp/B0CDJZ4MD7?tag=eloabder-20&linkCode=osi&th=1&psc=1">View Product</a></div>

<div class="product"><a href="https://www.amazon.com/dp/B0D2T4F1DZ?tag=eloabder-20&linkCode=osi&th=1&psc=1"><img src="https://m.media-amazon.com/images/I/41KNcatyBWL._SL500_.jpg" alt="Product Image"></a><p>10pcs Book Cloth,14”x10”,Fabric Surface and Paper Backed, book cloth for book binding,book binding fabric,5 Colors Bookbinding Cloth for DIY fabric book cover,bookbinding paper (Style B)</p><p>$9.99</p><a href="https://www.amazon.com/dp/B0D2T4F1DZ?tag=eloabder-20&linkCode=osi&th=1&psc=1">View Product</a></div><div class="product"><a href="https://www.amazon.com/dp/B0CMD2LWR8?tag=eloabder-20&linkCode=osi&th=1&psc=1"><img src="https://m.media-amazon.com/images/I/31QVUZVSB+L._SL500_.jpg" alt="Product Image"></a><p>Mozeat Lens 33 ft Bookbinding Tape Book Tape Repair Book Binding Tape Cloth Book Repair Kit 2 Inch Wide Book Spine Tape Cloth Bookbinding Repair Tape White Book Tape for Reinforcing Book Spine Tape</p><p>$7.99</p><a href="https://www.amazon.com/dp/B0CMD2LWR8?tag=eloabder-20&linkCode=osi&th=1&psc=1">View Product</a></div><div class="product"><a href="https://www.amazon.com/dp/B0D1KC168C?tag=eloabder-20&linkCode=osi&th=1&psc=1"><img src="https://m.media-amazon.com/images/I/31wWgk-1V4L._SL500_.jpg" alt="Product Image"></a><p>AKONEGE Book Cloth for Book Binding 35 x 16 Inch Fabric Surface and Paper Backed, Strong, Easy to Use, Fabric Materials Bookbinding Supplies Bookcloth for Scrapbooking Album DIY Crafts, Black</p><p>$9.99</p><a href="https://www.amazon.com/dp/B0D1KC168C?tag=eloabder-20&linkCode=osi&th=1&psc=1">View Product</a></div><div class="product"><a href="https://www.amazon.com/dp/B0BC48CCWW?tag=eloabder-20&linkCode=osi&th=1&psc=1"><img src="https://m.media-amazon.com/images/I/41vTc+L-XyL._SL500_.jpg" alt="Product Image"></a><p>Wooqu Book Cloth, Fabric Surface and Paper Backed, Easy to Use, Strong, 17x29”, for Book Binding, Dark Green</p><p>$13.99</p><a href="https://www.amazon.com/dp/B0BC48CCWW?tag=eloabder-20&linkCode=osi&th=1&psc=1">View Product</a></div><div class="product"><a href="https://www.amazon.com/dp/B00W3S7LU4?tag=eloabder-20&linkCode=osi&th=1&psc=1"><img src="https://m.media-amazon.com/images/I/41mUL1LmSHS._SL500_.jpg" alt="Product Image"></a><p>BookGuard 2 inch Premium Bookbinding Repair Cloth Tape, 15 Yard Roll Burgundy</p><p>$14.95</p><a href="https://www.amazon.com/dp/B00W3S7LU4?tag=eloabder-20&linkCode=osi&th=1&psc=1">View Product</a></div>

<div class="product"><a href="https://www.amazon.com/dp/B08217DGL7?tag=eloabder-20&linkCode=osi&th=1&psc=1"><img src="https://m.media-amazon.com/images/I/51Gy-qfph7L._SL500_.jpg" alt="Product Image"></a><p>24 Colors Waxed Thread, Leather Sewing Thread,Hand Stitching Thread for Hand Sewing Leather and Bookbinding, 13Yards Per Color</p><p>$11.99 ($0.01 / Foot)</p><a href="https://www.amazon.com/dp/B08217DGL7?tag=eloabder-20&linkCode=osi&th=1&psc=1">View Product</a></div><div class="product"><a href="https://www.amazon.com/dp/B08GCHJ3FP?tag=eloabder-20&linkCode=osi&th=1&psc=1"><img src="https://m.media-amazon.com/images/I/41TK-XNxTFL._SL500_.jpg" alt="Product Image"></a><p>FANDOL 100% Natural Linen Thread Waxed thread for Bookbingding, Leather Sewing, Beading or Macrame (Natural)</p><p>$14.98</p><a href="https://www.amazon.com/dp/B08GCHJ3FP?tag=eloabder-20&linkCode=osi&th=1&psc=1">View Product</a></div><div class="product"><a href="https://www.amazon.com/dp/B0025U108E?tag=eloabder-20&linkCode=osi&th=1&psc=1"><img src="https://m.media-amazon.com/images/I/4172yrURiVL._SL500_.jpg" alt="Product Image"></a><p>Books by Hand Linen Thread, Archival Quality Natural Unbleached and Unwaxed, 50 Yards 35/3 Gauge, Ideal for Bookbinding and Sewing Signatures</p><p>$9.47</p><a href="https://www.amazon.com/dp/B0025U108E?tag=eloabder-20&linkCode=osi&th=1&psc=1">View Product</a></div><div class="product"><a href="https://www.amazon.com/dp/B08S78KLRN?tag=eloabder-20&linkCode=osi&th=1&psc=1"><img src="https://m.media-amazon.com/images/I/413NGMtJdrL._SL500_.jpg" alt="Product Image"></a><p>Jupean Waxed Thread, 150m /164Yards Beige Leather Waxed Thread, Leather Sewing Thread, Hand Stitching Thread for Hand Sewing Leather, Bookbinding, and Beginners Leather Craft DIY</p><p>$6.49 ($0.01 / Foot)</p><a href="https://www.amazon.com/dp/B08S78KLRN?tag=eloabder-20&linkCode=osi&th=1&psc=1">View Product</a></div><div class="product"><a href="https://www.amazon.com/dp/B015D9E6UM?tag=eloabder-20&linkCode=osi&th=1&psc=1"><img src="https://m.media-amazon.com/images/I/51VnWPI+Q5L._SL500_.jpg" alt="Product Image"></a><p>Lineco, Natural Waxed Linen Thread 20 Yards, Books by Hand Natural, Black, Brown Color for Sewing, Bookbinding (3/Pkg)</p><p>$13.77</p><a href="https://www.amazon.com/dp/B015D9E6UM?tag=eloabder-20&linkCode=osi&th=1&psc=1">View Product</a></div>
<div class="product"><a href="https://www.amazon.com/dp/B0CMD53C1C?tag=eloabder-20&linkCode=osi&th=1&psc=1"><img src="https://m.media-amazon.com/images/I/31dU4wqS0rL._SL500_.jpg" alt="Product Image"></a><p>5-in-1 Bookbinding Kit,Book Cover Guide, Bookbinding Cover Tool, Stainless Steel Book Binding Kit, Bookbinding Ruler, Scrapbooking Tools for Making Book Cover Chipboard Covers Album Planner</p><p>$7.88</p><a href="https://www.amazon.com/dp/B0CMD53C1C?tag=eloabder-20&linkCode=osi&th=1&psc=1">View Product</a></div>
<div class="product"><a href="https://www.amazon.com/dp/B007TIEG6U?tag=eloabder-20&linkCode=osi&th=1&psc=1"><img src="https://m.media-amazon.com/images/I/31d6r6R5lGL._SL500_.jpg" alt="Product Image"></a><p>Handy Art Empty 2 ounce Marker Bottle, Dauber Tip and Cap, 12-Each (900-003) , White</p><p>$23.12 ($1.93 / Count)</p><a href="https://www.amazon.com/dp/B007TIEG6U?tag=eloabder-20&linkCode=osi&th=1&psc=1">View Product</a></div>
<div class="product"><a href="https://www.amazon.com/dp/B07YDNKSH6?tag=eloabder-20&linkCode=osi&th=1&psc=1"><img src="https://m.media-amazon.com/images/I/41JGrHa7mSL._SL500_.jpg" alt="Product Image"></a><p>4-Inch Rubber Brayer Roller for Printmaking, Great for Gluing Application Also. (Original Version)</p><p>$6.99</p><a href="https://www.amazon.com/dp/B07YDNKSH6?tag=eloabder-20&linkCode=osi&th=1&psc=1">View Product</a></div>

<div class="product"><a href="https://www.amazon.com/dp/B0D3HPD7WP?tag=eloabder-20&linkCode=osi&th=1&psc=1"><img src="https://m.media-amazon.com/images/I/31KSmmAWUWL._SL500_.jpg" alt="Product Image"></a><p>50 Sheets Grey Cardstock Paper, Colored Printer Paper 8.5 x 11, Thick Construction Paper for Cards Making, Scrapbook，Office Printing, Invitations, Certificates，DIY Crafting 92 lb/250gsm</p><p>$9.99</p><a href="https://www.amazon.com/dp/B0D3HPD7WP?tag=eloabder-20&linkCode=osi&th=1&psc=1">View Product</a></div>
<div class="product"><a href="https://www.amazon.com/dp/B076CP6F36?tag=eloabder-20&linkCode=osi&th=1&psc=1"><img src="https://m.media-amazon.com/images/I/51rfEIvgI+L._SL500_.jpg" alt="Product Image"></a><p>Apple Barrel, Vibrant Spectrum Collection Acrylic Craft Paint, PROMOABIII, 2 fl oz each, 16 assorted matte colors, 16 count</p><p>$15.97 ($0.50 / Fl Oz)</p><a href="https://www.amazon.com/dp/B076CP6F36?tag=eloabder-20&linkCode=osi&th=1&psc=1">View Product</a></div><div class="product"><a href="https://www.amazon.com/dp/B0BKFLSYQF?tag=eloabder-20&linkCode=osi&th=1&psc=1"><img src="https://m.media-amazon.com/images/I/51a0PmPRknL._SL500_.jpg" alt="Product Image"></a><p>72 Pack Acrylic Paint Set, Shuttle Art 60 Colors Acrylic Paint Including Extra White Black & 12 Brushes, 2oz/60ml, Rich Pigmented, Water Proof, Ideal for Artists, Beginners on Canvas Rock Wood Ceramic</p><p>$45.99 ($23.00 / Fl Oz)</p><a href="https://www.amazon.com/dp/B0BKFLSYQF?tag=eloabder-20&linkCode=osi&th=1&psc=1">View Product</a></div><div class="product"><a href="https://www.amazon.com/dp/B08CB3JH79?tag=eloabder-20&linkCode=osi&th=1&psc=1"><img src="https://m.media-amazon.com/images/I/51OUZsFdnTL._SL500_.jpg" alt="Product Image"></a><p>Acrylic Paint Set of 36 Colors 2fl oz 60ml Bottles,Non Toxic 36 Colors Acrylic Paint No Fading Rich Pigment for Kids Adults Artists Canvas Crafts Wood Painting</p><p>$32.99 ($0.46 / Fl Oz)</p><a href="https://www.amazon.com/dp/B08CB3JH79?tag=eloabder-20&linkCode=osi&th=1&psc=1">View Product</a></div><div class="product"><a href="https://www.amazon.com/dp/B0018NBVKQ?tag=eloabder-20&linkCode=osi&th=1&psc=1"><img src="https://m.media-amazon.com/images/I/31YlSvZMTCL._SL500_.jpg" alt="Product Image"></a><p>Apple Barrel Acrylic Paint in Assorted Colors (8 Ounce), 20403 White</p><p>$2.67 ($0.33 / Fl Oz)</p><a href="https://www.amazon.com/dp/B0018NBVKQ?tag=eloabder-20&linkCode=osi&th=1&psc=1">View Product</a></div><div class="product"><a href="https://www.amazon.com/dp/B077WSBLZ1?tag=eloabder-20&linkCode=osi&th=1&psc=1"><img src="https://m.media-amazon.com/images/I/51KPkXpLn1L._SL500_.jpg" alt="Product Image"></a><p>Shuttle Art Acrylic Paint Set, 30 x12ml Tubes Artist Quality Non Toxic Rich Pigments Colors Great for Kids Adults Professional Painting on Rocks Canvas Wood Clay Fabric Ceramic Crafts</p><p>$12.99 ($1.08 / Fl Oz)</p><a href="https://www.amazon.com/dp/B077WSBLZ1?tag=eloabder-20&linkCode=osi&th=1&psc=1">View Product</a></div><div class="product"><a href="https://www.amazon.com/dp/B00889Z5Y6?tag=eloabder-20&linkCode=osi&th=1&psc=1"><img src="https://m.media-amazon.com/images/I/41MQjsyDbSL._SL500_.jpg" alt="Product Image"></a><p>Apple Barrel Acrylic Paint in Assorted Colors (2 oz), 20764, Apricot</p><p>$0.58 ($0.29 / Fl Oz)</p><a href="https://www.amazon.com/dp/B00889Z5Y6?tag=eloabder-20&linkCode=osi&th=1&psc=1">View Product</a></div><div class="product"><a href="https://www.amazon.com/dp/B09TWQD5ZL?tag=eloabder-20&linkCode=osi&th=1&psc=1"><img src="https://m.media-amazon.com/images/I/41B0L003QXL._SL500_.jpg" alt="Product Image"></a><p>Artkey Acrylic Paint Set - 24 colors 2 oz/59 ml Acrylic Paints Professional Artists Painting Kit for Canvases Fabric Rock Leather Easter Egg Wood Ceramic Glass Art Craft Painting</p><p>$19.99 ($0.42 / Fl Oz)</p><a href="https://www.amazon.com/dp/B09TWQD5ZL?tag=eloabder-20&linkCode=osi&th=1&psc=1">View Product</a></div><div class="product"><a href="https://www.amazon.com/dp/B07Z93LQDB?tag=eloabder-20&linkCode=osi&th=1&psc=1"><img src="https://m.media-amazon.com/images/I/51veoN6zK0L._SL500_.jpg" alt="Product Image"></a><p>Shuttle Art Acrylic Paint Set, 36 Colors Acrylic Paint with Brushes & Palette, 2oz Bottles, Rich Pigments Non-toxic Paint for Artists Kids & Adults, Art Supplies for Canvas Rock Ceramic Wood Painting</p><p>$27.99</p><a href="https://www.amazon.com/dp/B07Z93LQDB?tag=eloabder-20&linkCode=osi&th=1&psc=1">View Product</a></div><div class="product"><a href="https://www.amazon.com/dp/B002665SYY?tag=eloabder-20&linkCode=osi&th=1&psc=1"><img src="https://m.media-amazon.com/images/I/31sJJeWK6OS._SL500_.jpg" alt="Product Image"></a><p>Liquitex BASICS Acrylic Paint, 250ml (8.5-oz) Tube, Titanium White</p><p>$9.99 ($1.18 / Fl Oz)</p><a href="https://www.amazon.com/dp/B002665SYY?tag=eloabder-20&linkCode=osi&th=1&psc=1">View Product</a></div>
<div class="product"><a href="https://www.amazon.com/dp/B0CC98XLGL?tag=eloabder-20&linkCode=osi&th=1&psc=1"><img src="https://m.media-amazon.com/images/I/51ZLw+nThiL._SL500_.jpg" alt="Product Image"></a><p>HUIRUSO 4 Pack Double Sided Tape Roller, Scrapbook Supplies, Glue Tape Roller for Crafts, Double-Sided Adhesive Tape Runner for Scrapbooking, School Office Journaling Supplies (0.31 in X 26.25 ft)</p><p>$6.99 ($1.75 / Count)</p><a href="https://www.amazon.com/dp/B0CC98XLGL?tag=eloabder-20&linkCode=osi&th=1&psc=1">View Product</a></div><div class="product"><a href="https://www.amazon.com/dp/B007XAAE6K?tag=eloabder-20&linkCode=osi&th=1&psc=1"><img src="https://m.media-amazon.com/images/I/414qxYVR0wL._SL500_.jpg" alt="Product Image"></a><p>Scotch Double Sided Tape Runner, 1-Pack, 0.27 in x 26 ft., Perfect for Holiday Crafts, Gifts, and More</p><p>$4.47</p><a href="https://www.amazon.com/dp/B007XAAE6K?tag=eloabder-20&linkCode=osi&th=1&psc=1">View Product</a></div><div class="product"><a href="https://www.amazon.com/dp/B0BZVGPFSK?tag=eloabder-20&linkCode=osi&th=1&psc=1"><img src="https://m.media-amazon.com/images/I/51-ue9+7JkL._SL500_.jpg" alt="Product Image"></a><p>Birllaid Double Sided Tape for Walls, Picture Hanging Strips Removable Mounting Dots Adhesive Heavy Duty, Removable for Art Craft, Decoration, Party Supplies, Multipurpose</p><p>$11.99</p><a href="https://www.amazon.com/dp/B0BZVGPFSK?tag=eloabder-20&linkCode=osi&th=1&psc=1">View Product</a></div><div class="product"><a href="https://www.amazon.com/dp/B0CGVN9SL1?tag=eloabder-20&linkCode=osi&th=1&psc=1"><img src="https://m.media-amazon.com/images/I/41Hy+i4CnoL._SL500_.jpg" alt="Product Image"></a><p>30Ft x 1 Inch Hook and Loop Strips with Adhesive,Double Rolls of Heavy Duty Self Adhesive Tape with Backing, Nylon Self Adhesive Tape for Home Office School and Crafting,White</p><p>$9.99</p><a href="https://www.amazon.com/dp/B0CGVN9SL1?tag=eloabder-20&linkCode=osi&th=1&psc=1">View Product</a></div><div class="product"><a href="https://www.amazon.com/dp/B07Y3VDPLF?tag=eloabder-20&linkCode=osi&th=1&psc=1"><img src="https://m.media-amazon.com/images/I/41cyKQ2OMuL._SL500_.jpg" alt="Product Image"></a><p>Melsan 1x4 inch Hook and Loop Strips with Adhesive - 15 Sets, Strong Back Adhesive Fasten Mounting Tape for Home or Office Use - Instead of Holes and Screws, Black</p><p>$7.82</p><a href="https://www.amazon.com/dp/B07Y3VDPLF?tag=eloabder-20&linkCode=osi&th=1&psc=1">View Product</a></div><div class="product"><a href="https://www.amazon.com/dp/B07V57VJT5?tag=eloabder-20&linkCode=osi&th=1&psc=1"><img src="https://m.media-amazon.com/images/I/514JO3bvl3L._SL500_.jpg" alt="Product Image"></a><p>XFasten Adhesive Roller for Scrapbooking, 8mm x 30ft 4-Pack Double Sided Glue Tape Roller, Scrapbook Supplies for Adults, Photo Tape for Scrapbooking</p><p>$9.99 ($2.50 / Count)</p><a href="https://www.amazon.com/dp/B07V57VJT5?tag=eloabder-20&linkCode=osi&th=1&psc=1">View Product</a></div><div class="product"><a href="https://www.amazon.com/dp/B07JLTGQHX?tag=eloabder-20&linkCode=osi&th=1&psc=1"><img src="https://m.media-amazon.com/images/I/51Eqfo7kUZL._SL500_.jpg" alt="Product Image"></a><p>UPINS 120 Pack Double Sided Foam Tape Square Self-Adhesive Foam Tape Black Strong Tape Pads for DIY Art Crafts Supplies</p><p>$9.99 ($0.08 / Count)</p><a href="https://www.amazon.com/dp/B07JLTGQHX?tag=eloabder-20&linkCode=osi&th=1&psc=1">View Product</a></div><div class="product"><a href="https://www.amazon.com/dp/B005FM6XF4?tag=eloabder-20&linkCode=osi&th=1&psc=1"><img src="https://m.media-amazon.com/images/I/51-vp1WJ89L._SL500_.jpg" alt="Product Image"></a><p>AdTech 5603 Permanent Crafter's Tape, 0.31" x 315", Pack of 4</p><p>$7.84 ($0.07 / Foot)</p><a href="https://www.amazon.com/dp/B005FM6XF4?tag=eloabder-20&linkCode=osi&th=1&psc=1">View Product</a></div><div class="product"><a href="https://www.amazon.com/dp/B0CJF1FLFJ?tag=eloabder-20&linkCode=osi&th=1&psc=1"><img src="https://m.media-amazon.com/images/I/51dig1RqzdL._SL500_.jpg" alt="Product Image"></a><p>UPINS 150Pack Double Sided Foam Tape Strong Sticky Double Sided Foam Pads for Crafts Self-Adhesive Mounting Foam Tape Heavy Duty for Home Wall Decor 40 * 40 * 2mm</p><p>$8.99 ($0.06 / Count)</p><a href="https://www.amazon.com/dp/B0CJF1FLFJ?tag=eloabder-20&linkCode=osi&th=1&psc=1">View Product</a></div><div class="product"><a href="https://www.amazon.com/dp/B0D4YWRGCL?tag=eloabder-20&linkCode=osi&th=1&psc=1"><img src="https://m.media-amazon.com/images/I/41EqJ553-KL._SL500_.jpg" alt="Product Image"></a><p>Amanbo Glue Tape for Scrapbooking, 6 Pack Scrapbook Tape, Double Sided Tape Roller for Crafts, Total 120 Ft x 0.24 in Tape Runner, Craft Supplies for Scrapbooking, Gift Wrapping and Photo Tape</p><p>$6.99</p><a href="https://www.amazon.com/dp/B0D4YWRGCL?tag=eloabder-20&linkCode=osi&th=1&psc=1">View Product</a></div>
<div class="product"><a href="https://www.amazon.com/dp/B0CC5HPPTN?tag=eloabder-20&linkCode=osi&th=1&psc=1"><img src="https://m.media-amazon.com/images/I/519M81S201L._SL500_.jpg" alt="Product Image"></a><p>Airbrush Paint - 30 Colors with 3 Thinner, Ready to Spray Airbrush Paint Set, Water-Based Acrylic Air brush Paints for Metal, Plastic Models, Canvas, Wood, 20ml/Bottle</p><p>$32.99 ($1.48 / Fl Oz)</p><a href="https://www.amazon.com/dp/B0CC5HPPTN?tag=eloabder-20&linkCode=osi&th=1&psc=1">View Product</a></div>
<div class="product"><a href="https://www.amazon.com/dp/B0CXPSGK36?tag=eloabder-20&linkCode=osi&th=1&psc=1"><img src="https://m.media-amazon.com/images/I/51dd2dYOtrL._SL500_.jpg" alt="Product Image"></a><p>Letter Stickers 30 Sheets 1500 PCS Large Alphabet Sticker 2 Inch Vinyl Self Adhesive Stick on Stickers for Water Bottles Cup Mailbox Number Address Craft Scrapbooking Bulletin Board Decor Multicolor</p><p>$9.99</p><a href="https://www.amazon.com/dp/B0CXPSGK36?tag=eloabder-20&linkCode=osi&th=1&psc=1">View Product</a></div><div class="product"><a href="https://www.amazon.com/dp/B07NNYFMGY?tag=eloabder-20&linkCode=osi&th=1&psc=1"><img src="https://m.media-amazon.com/images/I/51yDnU+gEXL._SL500_.jpg" alt="Product Image"></a><p>20 Sheets Alphabet Letter Stickers 10 Colors Self Adhesive Sticker Colorful PU Material Convex Feeling (Colored Letter Stickers 1)</p><p>$6.99 ($0.35 / Count)</p><a href="https://www.amazon.com/dp/B07NNYFMGY?tag=eloabder-20&linkCode=osi&th=1&psc=1">View Product</a></div>

<div class="product"><a href="https://www.amazon.com/dp/B01DDN8854?tag=eloabder-20&linkCode=osi&th=1&psc=1"><img src="https://m.media-amazon.com/images/I/61dPubDZBSL._SL500_.jpg" alt="Product Image"></a><p>Hugs 'n Kisses HNKHABY13 Applique Paper (20 Pack)</p><p>$19.72 ($0.99 / Count)</p><a href="https://www.amazon.com/dp/B01DDN8854?tag=eloabder-20&linkCode=osi&th=1&psc=1">View Product</a></div>
<div class="product"><a href="https://www.amazon.com/dp/B09KPNFJW1?tag=eloabder-20&linkCode=osi&th=1&psc=1"><img src="https://m.media-amazon.com/images/I/41abn5fELmL._SL500_.jpg" alt="Product Image"></a><p>UniPleased Disposable Aprons (50 Count), Plastic apron for Painting Party, Cooking, Housework, Picnic etc.</p><p>$5.69</p><a href="https://www.amazon.com/dp/B09KPNFJW1?tag=eloabder-20&linkCode=osi&th=1&psc=1">View Product</a></div>
<div class="product"><a href="https://www.amazon.com/dp/B087M21MM2?tag=eloabder-20&linkCode=osi&th=1&psc=1"><img src="https://m.media-amazon.com/images/I/41Xf-jehhLL._SL500_.jpg" alt="Product Image"></a><p>GOTIDEAL Stretched Canvas, Multi Pack 4x4, 5x7, 8x10,9x12, 11x14 Set of 10, Primed White - 100% Cotton Artist Canvas Boards for Painting, Acrylic Pouring, Oil Paint Dry & Wet Art Media</p><p>$24.99</p><a href="https://www.amazon.com/dp/B087M21MM2?tag=eloabder-20&linkCode=osi&th=1&psc=1">View Product</a></div><div class="product"><a href="https://www.amazon.com/dp/B00OQJYISG?tag=eloabder-20&linkCode=osi&th=1&psc=1"><img src="https://m.media-amazon.com/images/I/31fEDLPkkcL._SL500_.jpg" alt="Product Image"></a><p>6 Count 12” x 16” Super Value Canvas by Artist's Loft Necessities - Acid Free Cotton Canvas for Paint, Acrylic, & Oils - 1 Pack</p><p>$19.99</p><a href="https://www.amazon.com/dp/B00OQJYISG?tag=eloabder-20&linkCode=osi&th=1&psc=1">View Product</a></div><div class="product"><a href="https://www.amazon.com/dp/B09CDKB9HY?tag=eloabder-20&linkCode=osi&th=1&psc=1"><img src="https://m.media-amazon.com/images/I/51+p5xnClGL._SL500_.jpg" alt="Product Image"></a><p>DPDIAN Canvas Boards for Painting 40 Pack, 8 inch x 10 inch Super Value Pack, Artist Canvas Panels for Oil & Acrylic Painting</p><p>$29.99</p><a href="https://www.amazon.com/dp/B09CDKB9HY?tag=eloabder-20&linkCode=osi&th=1&psc=1">View Product</a></div><div class="product"><a href="https://www.amazon.com/dp/B0CFBGP29G?tag=eloabder-20&linkCode=osi&th=1&psc=1"><img src="https://m.media-amazon.com/images/I/3147Az5plbL._SL500_.jpg" alt="Product Image"></a><p>ArtSkills Stretched Canvases for Painting, 12x16 Canvas Painting Supplies for Artists, Blank Canvas Pack, 2-Pack</p><p>$16.99</p><a href="https://www.amazon.com/dp/B0CFBGP29G?tag=eloabder-20&linkCode=osi&th=1&psc=1">View Product</a></div><div class="product"><a href="https://www.amazon.com/dp/B07BNGQ1SS?tag=eloabder-20&linkCode=osi&th=1&psc=1"><img src="https://m.media-amazon.com/images/I/410ZVtygUwS._SL500_.jpg" alt="Product Image"></a><p>PHOENIX Stretched Canvas for Painting 8x10 Inch/10 Value Pack, 8 Oz Triple Primed 5/8 Inch Profile 100% Cotton White Blank Canvas, Artist Framed Canvas for Oil Acrylic & Pouring Art</p><p>$22.99</p><a href="https://www.amazon.com/dp/B07BNGQ1SS?tag=eloabder-20&linkCode=osi&th=1&psc=1">View Product</a></div><div class="product"><a href="https://www.amazon.com/dp/B0922JP1H4?tag=eloabder-20&linkCode=osi&th=1&psc=1"><img src="https://m.media-amazon.com/images/I/41BmiEND1KL._SL500_.jpg" alt="Product Image"></a><p>GOTIDEAL Canvases for Painting, 18 Pack Canvas Boards Multipack 4x4, 5x7, 8x10, 9x12,11x14,Primed White Blank Artist Canvas Variety Pack for Acrylic Paint, Oil Paint, Watercolor, Gouache</p><p>$19.99</p><a href="https://www.amazon.com/dp/B0922JP1H4?tag=eloabder-20&linkCode=osi&th=1&psc=1">View Product</a></div>


<div class="product"><a href="https://www.amazon.com/dp/B0872VFHBH?tag=eloabder-20&linkCode=osi&th=1&psc=1"><img src="https://m.media-amazon.com/images/I/51k3bekQheS._SL500_.jpg" alt="Product Image"></a><p>Bachmore Drawing Pad 9X12 Inch (110lb/180g), 60 Sheets, Top Spiral Bound Multi-Media for Artist Pro & Amateurs | Acrylic Art, Ink, Paint, Oil Pastels,Watercolor Mixed Media Sketch</p><p>$11.99</p><a href="https://www.amazon.com/dp/B0872VFHBH?tag=eloabder-20&linkCode=osi&th=1&psc=1">View Product</a></div><div class="product"><a href="https://www.amazon.com/dp/B0027A75A4?tag=eloabder-20&linkCode=osi&th=1&psc=1"><img src="https://m.media-amazon.com/images/I/51dyOxxcgYL._SL500_.jpg" alt="Product Image"></a><p>Strathmore 200 Series Sketch Pad, 9x12 inch, 100 Sheets, Tape Bound - Artist Sketchbook for Drawing, Illustration, Art Class Students</p><p>$6.99 ($0.07 / Count)</p><a href="https://www.amazon.com/dp/B0027A75A4?tag=eloabder-20&linkCode=osi&th=1&psc=1">View Product</a></div><div class="product"><a href="https://www.amazon.com/dp/B0BV13YQKX?tag=eloabder-20&linkCode=osi&th=1&psc=1"><img src="https://m.media-amazon.com/images/I/41VYfMpvXUL._SL500_.jpg" alt="Product Image"></a><p>Canson Graduate Watercolor Pad, Foldover, 9x12 inch, 20 Sheets | Artist Paper for Adults and Students - Painting, Gouache, Mixed Media and Ink</p><p>$4.97 ($0.41 / Count)</p><a href="https://www.amazon.com/dp/B0BV13YQKX?tag=eloabder-20&linkCode=osi&th=1&psc=1">View Product</a></div><div class="product"><a href="https://www.amazon.com/dp/B0024KMQ6K?tag=eloabder-20&linkCode=osi&th=1&psc=1"><img src="https://m.media-amazon.com/images/I/51sYdvPPUCL._SL500_.jpg" alt="Product Image"></a><p>Strathmore 400 Series Pastel Pad, Assorted Colors, 9"x12" Glue Bound, 24 Sheets</p><p>$9.11</p><a href="https://www.amazon.com/dp/B0024KMQ6K?tag=eloabder-20&linkCode=osi&th=1&psc=1">View Product</a></div><div class="product"><a href="https://www.amazon.com/dp/B00246O6PI?tag=eloabder-20&linkCode=osi&th=1&psc=1"><img src="https://m.media-amazon.com/images/I/517TUmckOIL._SL500_.jpg" alt="Product Image"></a><p>Strathmore 300 Series Drawing Paper Pad, Top Wire Bound, 11x14 inches, 50 Sheets (70lb/114g) - Artist Paper for Adults and Students - Charcoal, Colored Pencil, Ink, Pastel, Marker</p><p>$13.33</p><a href="https://www.amazon.com/dp/B00246O6PI?tag=eloabder-20&linkCode=osi&th=1&psc=1">View Product</a></div>
<div class="product"><a href="https://www.amazon.com/dp/B08ZMH7LJY?tag=eloabder-20&linkCode=osi&th=1&psc=1"><img src="https://m.media-amazon.com/images/I/51mJIsLJA-S._SL500_.jpg" alt="Product Image"></a><p>PANDAFLY Professional Drawing Sketching Pencil Set - 12 Pieces Graphite Pencils(14B - 2H), Ideal for Drawing Art, Sketching, Shading, Artist Pencils for Beginners & Pro Artists</p><p>$5.11</p><a href="https://www.amazon.com/dp/B08ZMH7LJY?tag=eloabder-20&linkCode=osi&th=1&psc=1">View Product</a></div><div class="product"><a href="https://www.amazon.com/dp/B088K1G5NL?tag=eloabder-20&linkCode=osi&th=1&psc=1"><img src="https://m.media-amazon.com/images/I/51F2bOMZWnL._SL500_.jpg" alt="Product Image"></a><p>MARKART Professional Drawing Sketching Pencil Set - 14 Pieces,Graphite,(12B - 4H), Ideal for Drawing Art, Sketching, Shading, Artist Pencils for Beginners & Pro Artists</p><p>$5.24</p><a href="https://www.amazon.com/dp/B088K1G5NL?tag=eloabder-20&linkCode=osi&th=1&psc=1">View Product</a></div><div class="product"><a href="https://www.amazon.com/dp/B08FHMRW4L?tag=eloabder-20&linkCode=osi&th=1&psc=1"><img src="https://m.media-amazon.com/images/I/51Pmn5gjyzL._SL500_.jpg" alt="Product Image"></a><p>Mr. Pen- Sketch Pencils for Drawing, 14 Pack, Drawing Pencils, Art Pencils, Graphite Pencils, Graphite Pencils for Drawing, Art Pencils for Drawing and Shading</p><p>$5.95</p><a href="https://www.amazon.com/dp/B08FHMRW4L?tag=eloabder-20&linkCode=osi&th=1&psc=1">View Product</a></div><div class="product"><a href="https://www.amazon.com/dp/B0BNQ58DC4?tag=eloabder-20&linkCode=osi&th=1&psc=1"><img src="https://m.media-amazon.com/images/I/51e-gQtCcCL._SL500_.jpg" alt="Product Image"></a><p>MARTCOLOR Drawing Sketching Pencils Set, 12 Pack Graphite Pencils(14B - 2H), Ideal for Drawing Art, Sketching, Shading, Artist Pencils for Beginners & Pro Artists</p><p>$5.99</p><a href="https://www.amazon.com/dp/B0BNQ58DC4?tag=eloabder-20&linkCode=osi&th=1&psc=1">View Product</a></div>

<div class="product"><a href="https://www.amazon.com/dp/B0851M3749?tag=eloabder-20&linkCode=osi&th=1&psc=1"><img src="https://m.media-amazon.com/images/I/41KKSGSDl5L._SL500_.jpg" alt="Product Image"></a><p>N NOROCME 12 PCS Blending Stumps and Tortillions Paper Art Blenders with Sandpaper Pencil Sharpener Pointer for Student Artist Charcoal Sketch Drawing Tools</p><p>$4.99</p><a href="https://www.amazon.com/dp/B0851M3749?tag=eloabder-20&linkCode=osi&th=1&psc=1">View Product</a></div><div class="product"><a href="https://www.amazon.com/dp/B09J3HKN8F?tag=eloabder-20&linkCode=osi&th=1&psc=1"><img src="https://m.media-amazon.com/images/I/51Qvx81eQLL._SL500_.jpg" alt="Product Image"></a><p>Eraser Pencils Set for Artists, Wooden Sketch Eraser Pen for Charcoal Drawings, Professional Highlight Painting Eraser for Sketching, Revise Erasing Details for Students Limner</p><p>$6.99</p><a href="https://www.amazon.com/dp/B09J3HKN8F?tag=eloabder-20&linkCode=osi&th=1&psc=1">View Product</a></div>
<div class="product"><a href="https://www.amazon.com/dp/B09WCQ89T8?tag=eloabder-20&linkCode=osi&th=1&psc=1"><img src="https://m.media-amazon.com/images/I/41gZz0qgBFL._SL500_.jpg" alt="Product Image"></a><p>Bernat BABY BLANKET BB Blue Dreams Yarn - 1 Pack of 10.5oz/300g - Polyester - #6 Super Bulky - 220 Yards - Knitting/Crochet</p><p>$6.97</p><a href="https://www.amazon.com/dp/B09WCQ89T8?tag=eloabder-20&linkCode=osi&th=1&psc=1">View Product</a></div><div class="product"><a href="https://www.amazon.com/dp/B07V5JVNFD?tag=eloabder-20&linkCode=osi&th=1&psc=1"><img src="https://m.media-amazon.com/images/I/41IS+HdtiOL._SL500_.jpg" alt="Product Image"></a><p>Lion Brand Yarn Basic Stitch Anti-Pilling Knitting Yarn, Yarn for Crocheting, 1-Pack, Baby Blue</p><p>$8.40 ($0.02 / Foot)</p><a href="https://www.amazon.com/dp/B07V5JVNFD?tag=eloabder-20&linkCode=osi&th=1&psc=1">View Product</a></div><div class="product"><a href="https://www.amazon.com/dp/B01M0AJID2?tag=eloabder-20&linkCode=osi&th=1&psc=1"><img src="https://m.media-amazon.com/images/I/41yVau0AUpL._SL500_.jpg" alt="Product Image"></a><p>Lion Brand Yarn (1 Skein) Lion Brand Yarn Babysoft Baby Yarn Yarn, Little Boy Blue Multicolor</p><p>$7.19 ($0.01 / Foot)</p><a href="https://www.amazon.com/dp/B01M0AJID2?tag=eloabder-20&linkCode=osi&th=1&psc=1">View Product</a></div><div class="product"><a href="https://www.amazon.com/dp/B09W1KHF42?tag=eloabder-20&linkCode=osi&th=1&psc=1"><img src="https://m.media-amazon.com/images/I/41maDlrio5L._SL500_.jpg" alt="Product Image"></a><p>Red Heart Super Saver Light Blue Yarn - 3 Pack of 198g/7oz - Acrylic - 4 Medium (Worsted) - 364 Yards - Knitting/Crochet</p><p>$13.29 ($4.43 / Count)</p><a href="https://www.amazon.com/dp/B09W1KHF42?tag=eloabder-20&linkCode=osi&th=1&psc=1">View Product</a></div><div class="product"><a href="https://www.amazon.com/dp/B08LKVZ3CX?tag=eloabder-20&linkCode=osi&th=1&psc=1"><img src="https://m.media-amazon.com/images/I/41GLizNx8UL._SL500_.jpg" alt="Product Image"></a><p>Bernat Baby Blanket Baby Blue Yarn - 3 Pack of 100g/3.5oz - Polyester - 6 Super Bulky - 72 Yards - Knitting/Crochet</p><p>$21.81</p><a href="https://www.amazon.com/dp/B08LKVZ3CX?tag=eloabder-20&linkCode=osi&th=1&psc=1">View Product</a></div><div class="product"><a href="https://www.amazon.com/dp/B0CHJ95WHJ?tag=eloabder-20&linkCode=osi&th=1&psc=1"><img src="https://m.media-amazon.com/images/I/314E1EQdihL._SL500_.jpg" alt="Product Image"></a><p>NORCIA Soft Velvet Yarn Chenille Yarn for Crocheting Baby Blanket Yarn for Knitting Amigurumi Yarn Fancy Yarn for Crochet Weaving Craft (Baby Blue, 1 Skein)</p><p>$9.99</p><a href="https://www.amazon.com/dp/B0CHJ95WHJ?tag=eloabder-20&linkCode=osi&th=1&psc=1">View Product</a></div>
<div class="product"><a href="https://www.amazon.com/dp/B0779F2TXJ?tag=eloabder-20&linkCode=osi&th=1&psc=1"><img src="https://m.media-amazon.com/images/I/31kqZr8DJzL._SL500_.jpg" alt="Product Image"></a><p>OPENDGO Feather Ballpoint Pen ，Black Ink Vintage Feather Quill Refined Plated Rod Quill Ballpoint Pen For School Writing ▏Wedding Gift Signature Pen (Black)</p><p>$6.97</p><a href="https://www.amazon.com/dp/B0779F2TXJ?tag=eloabder-20&linkCode=osi&th=1&psc=1">View Product</a></div><div class="product"><a href="https://www.amazon.com/dp/B0CQF3BJ3S?tag=eloabder-20&linkCode=osi&th=1&psc=1"><img src="https://m.media-amazon.com/images/I/41gs6AOiP6L._SL500_.jpg" alt="Product Image"></a><p>3 in 1 Retractable Ballpoint Pen with Light and Stylus, Nice Pens for Journaling Writing in The Dark - White/Red Light Tip- 0.7mm Black Ink</p><p>$12.99</p><a href="https://www.amazon.com/dp/B0CQF3BJ3S?tag=eloabder-20&linkCode=osi&th=1&psc=1">View Product</a></div><div class="product"><a href="https://www.amazon.com/dp/B08BBZ3B8G?tag=eloabder-20&linkCode=osi&th=1&psc=1"><img src="https://m.media-amazon.com/images/I/41cMHyw60wL._SL500_.jpg" alt="Product Image"></a><p>Mr. Pen- Pens, Black Pens, 12 Pack, Fast Dry, No Smear Pens, Bible Pens, Pens for Journaling, Pens No Bleed Through, Pens Fine Point, Journal Pens, Fine Tip, Planner Pens, Ball Point Journal Pens</p><p>$9.99</p><a href="https://www.amazon.com/dp/B08BBZ3B8G?tag=eloabder-20&linkCode=osi&th=1&psc=1">View Product</a></div><div class="product"><a href="https://www.amazon.com/dp/B0D4YWWGX6?tag=eloabder-20&linkCode=osi&th=1&psc=1"><img src="https://m.media-amazon.com/images/I/31xHBCCzJqL._SL500_.jpg" alt="Product Image"></a><p>PATIKIL 21cm/8" Feather Ballpoint Pen, 1Pcs Ink Vintage Quill Pen Refined Plated Dip Pen for Calligraphy Writing Signature Wedding Gift, Yellow</p><p>$7.49</p><a href="https://www.amazon.com/dp/B0D4YWWGX6?tag=eloabder-20&linkCode=osi&th=1&psc=1">View Product</a></div>

<div class="product"><a href="https://www.amazon.com/dp/B001TLDEVQ?tag=eloabder-20&linkCode=osi&th=1&psc=1"><img src="https://m.media-amazon.com/images/I/41jYF39F6lL._SL500_.jpg" alt="Product Image"></a><p>Beadalon SuppleMax Illusion Beading Cord, 0.40 mm / 0.016 in, Clear Monofilament, 50 m / 164 ft</p><p>$4.74</p><a href="https://www.amazon.com/dp/B001TLDEVQ?tag=eloabder-20&linkCode=osi&th=1&psc=1">View Product</a></div><div class="product"><a href="https://www.amazon.com/dp/B0D2HVFZ7Q?tag=eloabder-20&linkCode=osi&th=1&psc=1"><img src="https://m.media-amazon.com/images/I/41R66LMYz7L._SL500_.jpg" alt="Product Image"></a><p>Zxiixz 116Yards 0.5mm Bracelet String, Waxed String Cord for Bracelet Making, Beading Thread for Bracelet Beads, Friendship Bracelet String for Bracelet Making, Waxed Polyester Cord for Jewelry Making</p><p>$6.99</p><a href="https://www.amazon.com/dp/B0D2HVFZ7Q?tag=eloabder-20&linkCode=osi&th=1&psc=1">View Product</a></div><div class="product"><a href="https://www.amazon.com/dp/B07BNF8KH5?tag=eloabder-20&linkCode=osi&th=1&psc=1"><img src="https://m.media-amazon.com/images/I/51jVByheyVL._SL500_.jpg" alt="Product Image"></a><p>PH PandaHall 100 Yards 1mm Waxed Cotton Cord Thread Beading String for Bracelet Necklace Making Crafting Beading Macrame Vase Decor, Burlywood</p><p>$7.19 ($0.02 / Foot)</p><a href="https://www.amazon.com/dp/B07BNF8KH5?tag=eloabder-20&linkCode=osi&th=1&psc=1">View Product</a></div><div class="product"><a href="https://www.amazon.com/dp/B07HBPGXJG?tag=eloabder-20&linkCode=osi&th=1&psc=1"><img src="https://m.media-amazon.com/images/I/41xi8gO6kDL._SL500_.jpg" alt="Product Image"></a><p>Paxcoo 0.8mm Elastic String, Stretchy Bracelet String Crystal String Bead Cord for Bracelet, Beading and Jewelry Making (120m)</p><p>$6.99 ($0.02 / Foot)</p><a href="https://www.amazon.com/dp/B07HBPGXJG?tag=eloabder-20&linkCode=osi&th=1&psc=1">View Product</a></div><div class="product"><a href="https://www.amazon.com/dp/B0CNPST7D9?tag=eloabder-20&linkCode=osi&th=1&psc=1"><img src="https://m.media-amazon.com/images/I/41A9VISFC4L._SL500_.jpg" alt="Product Image"></a><p>Kblick Black Nylon String Cord - 1MM 100 Yards Black Twine, Bracelet String for Bracelet Making, Braided Ornament Lanyard Sting, Jewelry Thread Clay Bead String for Crafts, Macrame Satin Cord</p><p>$5.99 ($0.02 / Foot)</p><a href="https://www.amazon.com/dp/B0CNPST7D9?tag=eloabder-20&linkCode=osi&th=1&psc=1">View Product</a></div><div class="product"><a href="https://www.amazon.com/dp/B08GC3JF9X?tag=eloabder-20&linkCode=osi&th=1&psc=1"><img src="https://m.media-amazon.com/images/I/41FQZYhvQpL._SL500_.jpg" alt="Product Image"></a><p>Cheriswelry 100M 0.8mm Nylon Beading Cord Black Chinese Knotting Rattail Macrame Thread String Roll for Jewelry Making Kumihimo Wrapping Supplies DIY Crafts</p><p>$6.99 ($0.02 / Fl Oz)</p><a href="https://www.amazon.com/dp/B08GC3JF9X?tag=eloabder-20&linkCode=osi&th=1&psc=1">View Product</a></div><div class="product"><a href="https://www.amazon.com/dp/B0B3V9RWQC?tag=eloabder-20&linkCode=osi&th=1&psc=1"><img src="https://m.media-amazon.com/images/I/41F-OP+yCxL._SL500_.jpg" alt="Product Image"></a><p>Griffin Silk Bead Cord Perlseide – Black Color – Size 3 (0.50mm) – 2 Meters per Card – Stainless Steel Needle Attached – for Knotting Pearls, Gemstones, Crystals and Beads</p><p>$4.99 ($0.76 / Foot)</p><a href="https://www.amazon.com/dp/B0B3V9RWQC?tag=eloabder-20&linkCode=osi&th=1&psc=1">View Product</a></div><div class="product"><a href="https://www.amazon.com/dp/B08F49YVQP?tag=eloabder-20&linkCode=osi&th=1&psc=1"><img src="https://m.media-amazon.com/images/I/41yCMIpj0rS._SL500_.jpg" alt="Product Image"></a><p>1mm Stretchy Bracelet String, Sturdy Rainbow Elastic String Elastic Cord for Jewelry Making, Necklaces, Beading and Crafts</p><p>$6.99 ($0.04 / Foot)</p><a href="https://www.amazon.com/dp/B08F49YVQP?tag=eloabder-20&linkCode=osi&th=1&psc=1">View Product</a></div>

<div class="product"><a href="https://www.amazon.com/dp/B001GMUBJ6?tag=eloabder-20&linkCode=osi&th=1&psc=1"><img src="https://m.media-amazon.com/images/I/41V5qzn3H5L._SL500_.jpg" alt="Product Image"></a><p>The Beadsmith Fireline by Berkley – Micro-Fused Braided Thread – 6lb. Test, 006”/.15mm Diameter, 50 Yard Spool, Crystal Color – Super Strong Stringing Material for Jewelry Making and Bead Weaving</p><p>$12.59</p><a href="https://www.amazon.com/dp/B001GMUBJ6?tag=eloabder-20&linkCode=osi&th=1&psc=1">View Product</a></div><div class="product"><a href="https://www.amazon.com/dp/B001UAKK0Y?tag=eloabder-20&linkCode=osi&th=1&psc=1"><img src="https://m.media-amazon.com/images/I/41rY1D0wfuL._SL500_.jpg" alt="Product Image"></a><p>Beadalon Wildfire, 0.006 in, 0.15 mm, Break Strength 10 lb / 4.5 kg, Frost, 50 yd / 45 m</p><p>$8.85 ($0.06 / Foot)</p><a href="https://www.amazon.com/dp/B001UAKK0Y?tag=eloabder-20&linkCode=osi&th=1&psc=1">View Product</a></div><div class="product"><a href="https://www.amazon.com/dp/B095WY58F4?tag=eloabder-20&linkCode=osi&th=1&psc=1"><img src="https://m.media-amazon.com/images/I/41mXRfJqcjL._SL500_.jpg" alt="Product Image"></a><p>PH PandaHall 0.1mm Nylon Seed Bead Thread 100 Yards Black White Bracelet Cord Beading Thread Invisible Sewing Thread Nylon Braided Thread String for Leather Stitching Beading Jewelry Bracelets Making</p><p>$9.99 ($0.03 / Foot)</p><a href="https://www.amazon.com/dp/B095WY58F4?tag=eloabder-20&linkCode=osi&th=1&psc=1">View Product</a></div><div class="product"><a href="https://www.amazon.com/dp/B08RN2R2SZ?tag=eloabder-20&linkCode=osi&th=1&psc=1"><img src="https://m.media-amazon.com/images/I/41Tg2MMC++L._SL500_.jpg" alt="Product Image"></a><p>KO Nylon Beading Thread, White Color, Japanese Pre-Waxed 100% Nylon, 330TEX, Tangle Resistant Knotting Cords, 50m /55 yds Spool, Use for Seed Bead Projects, Loom Work & Bead Weaving</p><p>$7.06 ($0.04 / Foot)</p><a href="https://www.amazon.com/dp/B08RN2R2SZ?tag=eloabder-20&linkCode=osi&th=1&psc=1">View Product</a></div><div class="product"><a href="https://www.amazon.com/dp/B09J89ST79?tag=eloabder-20&linkCode=osi&th=1&psc=1"><img src="https://m.media-amazon.com/images/I/41hLuuOZeXL._SL500_.jpg" alt="Product Image"></a><p>2 Roll Polyester Thread, Heavy Duty Thread, 1500Yard/Reel 210D/3 nylon thread for sewing, Sewing Thread for Upholstery, Outdoor Market, Drapery, Leather, Beading, Crafts</p><p>$7.99 ($0.00 / Foot)</p><a href="https://www.amazon.com/dp/B09J89ST79?tag=eloabder-20&linkCode=osi&th=1&psc=1">View Product</a></div><div class="product"><a href="https://www.amazon.com/dp/B0C6MSY7QQ?tag=eloabder-20&linkCode=osi&th=1&psc=1"><img src="https://m.media-amazon.com/images/I/31Bn-MyA62L._SL500_.jpg" alt="Product Image"></a><p>PH PandaHall 0.1mm Nylon String 100 Yards Beading Thread White Nylon Seed Bead Thread Bracelet Beading Thread Sewing String for Leather Stitching Beading Jewelry Bracelets Making</p><p>$7.99 ($0.03 / Foot)</p><a href="https://www.amazon.com/dp/B0C6MSY7QQ?tag=eloabder-20&linkCode=osi&th=1&psc=1">View Product</a></div>

<div class="product"><a href="https://www.amazon.com/dp/B07NMNDT1W?tag=eloabder-20&linkCode=osi&th=1&psc=1"><img src="https://m.media-amazon.com/images/I/41-zwQIcVcL._SL500_.jpg" alt="Product Image"></a><p>Howemon White Beeswax Pellets 2LB 100% Pure and Natural Triple Filtered for Skin, Face, Body and Hair Care DIY Creams, Lotions, Lip Balm and Soap Making Supplies</p><p>$13.99 ($0.44 / Fl Oz)</p><a href="https://www.amazon.com/dp/B07NMNDT1W?tag=eloabder-20&linkCode=osi&th=1&psc=1">View Product</a></div><div class="product"><a href="https://www.amazon.com/dp/B00B3U0FW4?tag=eloabder-20&linkCode=osi&th=1&psc=1"><img src="https://m.media-amazon.com/images/I/51rWFCST+TL._SL500_.jpg" alt="Product Image"></a><p>Beesworks Yellow Beeswax Pellets (1 lb) | 100% Pure, Cosmetic Grade, Triple-Filtered Beeswax for DIY Skin care, Lip Balm, Lotion, and Candle Making</p><p>$13.99 ($0.87 / Ounce)</p><a href="https://www.amazon.com/dp/B00B3U0FW4?tag=eloabder-20&linkCode=osi&th=1&psc=1">View Product</a></div><div class="product"><a href="https://www.amazon.com/dp/B01LWX2IO1?tag=eloabder-20&linkCode=osi&th=1&psc=1"><img src="https://m.media-amazon.com/images/I/41MlNqhDyCL._SL500_.jpg" alt="Product Image"></a><p>Beesworks Yellow Beeswax Bars (6 oz) | 100% Pure, Cosmetic Grade, Triple-Filtered Beeswax for DIY Skin Care, Lip Balm, Lotion and Candle Making (1 oz Bars - Pack of 6)</p><p>$6.99</p><a href="https://www.amazon.com/dp/B01LWX2IO1?tag=eloabder-20&linkCode=osi&th=1&psc=1">View Product</a></div><div class="product"><a href="https://www.amazon.com/dp/B0BV77F19N?tag=eloabder-20&linkCode=osi&th=1&psc=1"><img src="https://m.media-amazon.com/images/I/41xzHaO1-EL._SL500_.jpg" alt="Product Image"></a><p>Beeswax Pellets 10LB Cosmetic Beeswax Triple Filtered Beeswax Pastilles for Candle Making Great for DIY Projects Creams Lotions Lip Balm and Soap Making Supplies(10LB)</p><p>$32.99</p><a href="https://www.amazon.com/dp/B0BV77F19N?tag=eloabder-20&linkCode=osi&th=1&psc=1">View Product</a></div><div class="product"><a href="https://www.amazon.com/dp/B0C9QSG3CY?tag=eloabder-20&linkCode=osi&th=1&psc=1"><img src="https://m.media-amazon.com/images/I/414XQcU6SRL._SL500_.jpg" alt="Product Image"></a><p>YASNAY White Beeswax Pellets 2LB, 100% Organic Beeswax, Beeswax for Candle Making, Body, Skin Care DIY, Lip Balm and Soap Making Supplies</p><p>$11.99</p><a href="https://www.amazon.com/dp/B0C9QSG3CY?tag=eloabder-20&linkCode=osi&th=1&psc=1">View Product</a></div><div class="product"><a href="https://www.amazon.com/dp/B097HTC4WN?tag=eloabder-20&linkCode=osi&th=1&psc=1"><img src="https://m.media-amazon.com/images/I/51pwMM7C6-L._SL500_.jpg" alt="Product Image"></a><p>Eco Lux 8 Yellow Beeswax Blocks 100% Pure Natural Organic Bees Wax 6.5oz</p><p>$8.49 ($1.35 / Ounce)</p><a href="https://www.amazon.com/dp/B097HTC4WN?tag=eloabder-20&linkCode=osi&th=1&psc=1">View Product</a></div><div class="product"><a href="https://www.amazon.com/dp/B00HDHQQCE?tag=eloabder-20&linkCode=osi&th=1&psc=1"><img src="https://m.media-amazon.com/images/I/41vF-7MwNhL._SL500_.jpg" alt="Product Image"></a><p>Murray's 100% Pure Beeswax 4 oz</p><p>$5.98 ($1.50 / Ounce)</p><a href="https://www.amazon.com/dp/B00HDHQQCE?tag=eloabder-20&linkCode=osi&th=1&psc=1">View Product</a></div><div class="product"><a href="https://www.amazon.com/dp/B09YM8JTLM?tag=eloabder-20&linkCode=osi&th=1&psc=1"><img src="https://m.media-amazon.com/images/I/41cjNuBnFEL._SL500_.jpg" alt="Product Image"></a><p>TRINIDa Beeswax Pellets 2LB(32 oz), 100% Organic Yellow Bees Wax for DIY Candles, Beeswax for Candle Making, Skin, Body, Face, and Hair Care, Lotions, DIY Creams, Lip Balm and Soap Making Supplies</p><p>$11.99</p><a href="https://www.amazon.com/dp/B09YM8JTLM?tag=eloabder-20&linkCode=osi&th=1&psc=1">View Product</a></div><div class="product"><a href="https://www.amazon.com/dp/B00F3CNMV4?tag=eloabder-20&linkCode=osi&th=1&psc=1"><img src="https://m.media-amazon.com/images/I/31pjrRAEa4L._SL500_.jpg" alt="Product Image"></a><p>Stakich Yellow Beeswax Block - Natural, Triple Filtered - 1 Pound, Honey Scent</p><p>$13.95 ($0.87 / Ounce)</p><a href="https://www.amazon.com/dp/B00F3CNMV4?tag=eloabder-20&linkCode=osi&th=1&psc=1">View Product</a></div><div class="product"><a href="https://www.amazon.com/dp/B0BXFZBZS9?tag=eloabder-20&linkCode=osi&th=1&psc=1"><img src="https://m.media-amazon.com/images/I/4178i9IB9KL._SL500_.jpg" alt="Product Image"></a><p>5LB Beeswax Pellets Beeswax for Candle Making Organic Beeswax Pellets for Skin Beeswax Beads Beeswax Bulk Beeswax for Lotion Making Organic for DIY and Craft Project</p><p>$22.99</p><a href="https://www.amazon.com/dp/B0BXFZBZS9?tag=eloabder-20&linkCode=osi&th=1&psc=1">View Product</a></div>
<div class="product"><a href="https://www.amazon.com/dp/B0052F1BVK?tag=eloabder-20&linkCode=osi&th=1&psc=1"><img src="https://m.media-amazon.com/images/I/41zE9eiGoLL._SL500_.jpg" alt="Product Image"></a><p>ACC Staples Large Binder Clips, 2" Width, 1" Capacity, Black, 12/Pk</p><p>$6.30</p><a href="https://www.amazon.com/dp/B0052F1BVK?tag=eloabder-20&linkCode=osi&th=1&psc=1">View Product</a></div><div class="product"><a href="https://www.amazon.com/dp/B07MLFR771?tag=eloabder-20&linkCode=osi&th=1&psc=1"><img src="https://m.media-amazon.com/images/I/51N2wxA7N0L._SL500_.jpg" alt="Product Image"></a><p>CooBigo 50 Pack Binder Ring, Metal Book Ring Paper Ring Holder 5/8-Inch Loose Leaf Binder Ring Clip for Index Card, Flash Card Ring, Card Calendar, Keychain Key Ring - Bronze</p><p>$6.99</p><a href="https://www.amazon.com/dp/B07MLFR771?tag=eloabder-20&linkCode=osi&th=1&psc=1">View Product</a></div><div class="product"><a href="https://www.amazon.com/dp/B01563NHGY?tag=eloabder-20&linkCode=osi&th=1&psc=1"><img src="https://m.media-amazon.com/images/I/41gj+0ZftqL._SL500_.jpg" alt="Product Image"></a><p>vanki Pack of 40 Cute Lovely Smiling Face Spring-Loaded File Organizer Paper Holder Metal Binder Clips, Assorted Color</p><p>$8.99</p><a href="https://www.amazon.com/dp/B01563NHGY?tag=eloabder-20&linkCode=osi&th=1&psc=1">View Product</a></div><div class="product"><a href="https://www.amazon.com/dp/B000GOUDSO?tag=eloabder-20&linkCode=osi&th=1&psc=1"><img src="https://m.media-amazon.com/images/I/41ZANISHgML._SL500_.jpg" alt="Product Image"></a><p>Small Binder Clips .75" 8/Pkg-Assorted Colors</p><p>$4.46</p><a href="https://www.amazon.com/dp/B000GOUDSO?tag=eloabder-20&linkCode=osi&th=1&psc=1">View Product</a></div>
<div class="product"><a href="https://www.amazon.com/dp/B07PRPX4VR?tag=eloabder-20&linkCode=osi&th=1&psc=1"><img src="https://m.media-amazon.com/images/I/41IMH12fdPL._SL500_.jpg" alt="Product Image"></a><p>Durable Sheet Lifters, Durable Easy Flow, 11" x 3", Lifts Sheets Over Rings and Protects Sheets from Tearing, Fit Standard 3-Ring Binders, Black (20 Pack)</p><p>$14.99</p><a href="https://www.amazon.com/dp/B07PRPX4VR?tag=eloabder-20&linkCode=osi&th=1&psc=1">View Product</a></div><div class="product"><a href="https://www.amazon.com/dp/B0CM8QJHFW?tag=eloabder-20&linkCode=osi&th=1&psc=1"><img src="https://m.media-amazon.com/images/I/31cJGS74oCL._SL500_.jpg" alt="Product Image"></a><p>Wantane D-Shaped Tape Storage Ring Tape Storage Ring 4" D-Shaped Washi Tape Storage Ring for DIY Decoration and Storage（Nickel）-2PCS</p><p>$7.99</p><a href="https://www.amazon.com/dp/B0CM8QJHFW?tag=eloabder-20&linkCode=osi&th=1&psc=1">View Product</a></div>
<div class="product"><a href="https://www.amazon.com/dp/B00006IAS3?tag=eloabder-20&linkCode=osi&th=1&psc=1"><img src="https://m.media-amazon.com/images/I/317DvSXhT1L._SL500_.jpg" alt="Product Image"></a><p>GBC Binding System, Manual, Desktop Binding Punch, 6 Sheet Punch Capacity, ProClick P50 (2515650)</p><p>$123.89</p><a href="https://www.amazon.com/dp/B00006IAS3?tag=eloabder-20&linkCode=osi&th=1&psc=1">View Product</a></div><div class="product"><a href="https://www.amazon.com/dp/B004BP81KQ?tag=eloabder-20&linkCode=osi&th=1&psc=1"><img src="https://m.media-amazon.com/images/I/51SqfeZ12KL._SL500_.jpg" alt="Product Image"></a><p>We R Memory Keepers Cinch Book Binding Wire (1-Inch, Silver (2 Pack))</p><p>$5.99</p><a href="https://www.amazon.com/dp/B004BP81KQ?tag=eloabder-20&linkCode=osi&th=1&psc=1">View Product</a></div>

<div class="product"><a href="https://www.amazon.com/dp/B0007ZJ8TM?tag=eloabder-20&linkCode=osi&th=1&psc=1"><img src="https://m.media-amazon.com/images/I/41i49sz3UAL._SL500_.jpg" alt="Product Image"></a><p>Speedball Super Black India Ink, 2-Ounce</p><p>$9.99 ($9.99 / Count)</p><a href="https://www.amazon.com/dp/B0007ZJ8TM?tag=eloabder-20&linkCode=osi&th=1&psc=1">View Product</a></div><div class="product"><a href="https://www.amazon.com/dp/B0026I10AI?tag=eloabder-20&linkCode=osi&th=1&psc=1"><img src="https://m.media-amazon.com/images/I/31vklP4uBsL._SL500_.jpg" alt="Product Image"></a><p>Dr. Ph. Martin's Bombay India (7BY) Ink Bottle, 1.0 oz, Black</p><p>$6.99</p><a href="https://www.amazon.com/dp/B0026I10AI?tag=eloabder-20&linkCode=osi&th=1&psc=1">View Product</a></div><div class="product"><a href="https://www.amazon.com/dp/B000KNP96C?tag=eloabder-20&linkCode=osi&th=1&psc=1"><img src="https://m.media-amazon.com/images/I/51e9srYtG0L._SL500_.jpg" alt="Product Image"></a><p>Winsor & Newton Drawing Ink, 14ml Bottle, Black Indian</p><p>$10.99</p><a href="https://www.amazon.com/dp/B000KNP96C?tag=eloabder-20&linkCode=osi&th=1&psc=1">View Product</a></div><div class="product"><a href="https://www.amazon.com/dp/B07BQG5QF4?tag=eloabder-20&linkCode=osi&th=1&psc=1"><img src="https://m.media-amazon.com/images/I/41nEMDYZaiL._SL500_.jpg" alt="Product Image"></a><p>Speedball Super Black India Ink, 16-Ounce</p><p>$19.99</p><a href="https://www.amazon.com/dp/B07BQG5QF4?tag=eloabder-20&linkCode=osi&th=1&psc=1">View Product</a></div><div class="product"><a href="https://www.amazon.com/dp/B001038NLY?tag=eloabder-20&linkCode=osi&th=1&psc=1"><img src="https://m.media-amazon.com/images/I/418i4sxJJ0L._SL500_.jpg" alt="Product Image"></a><p>Speedball Fabric Screen Printing Ink, 8-Ounce, Black for T-Shirt and Silkscreen Printmaking</p><p>$12.99 ($1.62 / Fl Oz)</p><a href="https://www.amazon.com/dp/B001038NLY?tag=eloabder-20&linkCode=osi&th=1&psc=1">View Product</a></div><div class="product"><a href="https://www.amazon.com/dp/B00161OPSA?tag=eloabder-20&linkCode=osi&th=1&psc=1"><img src="https://m.media-amazon.com/images/I/41C32y3CJAL._SL500_.jpg" alt="Product Image"></a><p>Tsukineko VersaFine inkpad, Full-Size, Onyx Black</p><p>$4.99 ($4.99 / Count)</p><a href="https://www.amazon.com/dp/B00161OPSA?tag=eloabder-20&linkCode=osi&th=1&psc=1">View Product</a></div>
<div class="product"><a href="https://www.amazon.com/dp/B07Q4TJCDJ?tag=eloabder-20&linkCode=osi&th=1&psc=1"><img src="https://m.media-amazon.com/images/I/315HYvYg-BL._SL500_.jpg" alt="Product Image"></a><p>Primbeeks 300pcs Blank Business Cards, Premium Blank White Cards, 3.5" x 2.2" Small Blank Cards, Blank Cardstock Cards, Small Note Cards, white blank cards, white business cards, kraft paper cards</p><p>$7.99</p><a href="https://www.amazon.com/dp/B07Q4TJCDJ?tag=eloabder-20&linkCode=osi&th=1&psc=1">View Product</a></div><div class="product"><a href="https://www.amazon.com/dp/B0CRGHFLT8?tag=eloabder-20&linkCode=osi&th=1&psc=1"><img src="https://m.media-amazon.com/images/I/41S1NLpb8hL._SL500_.jpg" alt="Product Image"></a><p>Watercolor Cards and Envelopes Set - 50 Folded 5x7 Inch Blank Heavyweight Paper Cards (140lb/300gsm) with Matching Envelopes for DIY Greeting Cards, Festivals, and Events</p><p>$17.99 ($0.36 / Count)</p><a href="https://www.amazon.com/dp/B0CRGHFLT8?tag=eloabder-20&linkCode=osi&th=1&psc=1">View Product</a></div><div class="product"><a href="https://www.amazon.com/dp/B08MX4TZ3H?tag=eloabder-20&linkCode=osi&th=1&psc=1"><img src="https://m.media-amazon.com/images/I/41D2u4vdLQL._SL500_.jpg" alt="Product Image"></a><p>50 Pack Blank Kraft Cards Cardstock Thick Paper Brown Greeting Cards for DIY Gift Card Menus, Baby Shower and Wedding Invitations (Multicolored, 5x7IN)</p><p>$8.99</p><a href="https://www.amazon.com/dp/B08MX4TZ3H?tag=eloabder-20&linkCode=osi&th=1&psc=1">View Product</a></div><div class="product"><a href="https://www.amazon.com/dp/B08BDGGVMK?tag=eloabder-20&linkCode=osi&th=1&psc=1"><img src="https://m.media-amazon.com/images/I/41W-dTUoBqL._SL500_.jpg" alt="Product Image"></a><p>100pcs 3.54"x2" Blank Kraft Paper Business Card, Words Message Notes paper Tags, Mini Craft Cardboard Festival gifts - 6 colors</p><p>$5.98</p><a href="https://www.amazon.com/dp/B08BDGGVMK?tag=eloabder-20&linkCode=osi&th=1&psc=1">View Product</a></div><div class="product"><a href="https://www.amazon.com/dp/B08BFDJJ78?tag=eloabder-20&linkCode=osi&th=1&psc=1"><img src="https://m.media-amazon.com/images/I/61LZ1Csb+dL._SL500_.jpg" alt="Product Image"></a><p>Nettbe 100pcs 3.54"x2" Blank Kraft Paper Business Card, Words Message Notes paper Tags, Mini Craft Cardboard Festival gifts</p><p>$5.99</p><a href="https://www.amazon.com/dp/B08BFDJJ78?tag=eloabder-20&linkCode=osi&th=1&psc=1">View Product</a></div><div class="product"><a href="https://www.amazon.com/dp/B07Q8YBJM3?tag=eloabder-20&linkCode=osi&th=1&psc=1"><img src="https://m.media-amazon.com/images/I/31w6U4cCqEL._SL500_.jpg" alt="Product Image"></a><p>Primbeeks 228pcs Blank Business Cards, Premium Blank White Cards, 3.5" x 2.2" Small Blank Cards, Blank Cardstock Cards, Small Note Cards, white blank cards, white business cards, kraft paper cards</p><p>$5.99</p><a href="https://www.amazon.com/dp/B07Q8YBJM3?tag=eloabder-20&linkCode=osi&th=1&psc=1">View Product</a></div><div class="product"><a href="https://www.amazon.com/dp/B08X4Z9TGN?tag=eloabder-20&linkCode=osi&th=1&psc=1"><img src="https://m.media-amazon.com/images/I/41Jqhe35tDL._SL500_.jpg" alt="Product Image"></a><p>321Done Blank Rustic Cards, Made in USA - 4x6 Thick, Heavy Cardstock - Make Invites, Greeting, Note, Thank You Cards - Plain Kraft for Writing, Stamping, Printing, Art - No Envelopes - Set of 50</p><p>$14.99</p><a href="https://www.amazon.com/dp/B08X4Z9TGN?tag=eloabder-20&linkCode=osi&th=1&psc=1">View Product</a></div><div class="product"><a href="https://www.amazon.com/dp/B0D2KDWBNM?tag=eloabder-20&linkCode=osi&th=1&psc=1"><img src="https://m.media-amazon.com/images/I/31dAhnBJ7aL._SL500_.jpg" alt="Product Image"></a><p>4x6 Blank White Cardstock (Set of 100) - Card Stock for Printer Postcards, Photo Paper Invitations, Greeting, Note, Thank You, DIY Making, Index Cards - Plain for Writing, Stamping, Printing, Art</p><p>$8.99</p><a href="https://www.amazon.com/dp/B0D2KDWBNM?tag=eloabder-20&linkCode=osi&th=1&psc=1">View Product</a></div><div class="product"><a href="https://www.amazon.com/dp/B0BB858RYN?tag=eloabder-20&linkCode=osi&th=1&psc=1"><img src="https://m.media-amazon.com/images/I/317zmriPKNL._SL500_.jpg" alt="Product Image"></a><p>WANDERINGS Handmade White Deckle Edge Blank Greeting Cards- Folded to 5x7” - Pack of 25 - Writers, Artists, Crafters - Thank Yous, Invitations, Menus, Greeting Cards, Notes - Thick 150 GSM</p><p>$21.99 ($0.88 / Count)</p><a href="https://www.amazon.com/dp/B0BB858RYN?tag=eloabder-20&linkCode=osi&th=1&psc=1">View Product</a></div><div class="product"><a href="https://www.amazon.com/dp/B0BZPPXRZW?tag=eloabder-20&linkCode=osi&th=1&psc=1"><img src="https://m.media-amazon.com/images/I/21Da-WQhrpL._SL500_.jpg" alt="Product Image"></a><p>100 Pack Thick Paper Cardstock Blank Heavy Cards Stock for Invitations, Greeting Cards Making, Postcards, Photos, 250GSM Thick Paper (White, 2x3.5 inches)</p><p>$5.99</p><a href="https://www.amazon.com/dp/B0BZPPXRZW?tag=eloabder-20&linkCode=osi&th=1&psc=1">View Product</a></div>
<div class="product"><a href="https://www.amazon.com/dp/B0BZRDQKH6?tag=eloabder-20&linkCode=osi&th=1&psc=1"><img src="https://m.media-amazon.com/images/I/41GYYRiusgL._SL500_.jpg" alt="Product Image"></a><p>feela 8 Pack Unlined Kraft Paper Notebooks, Blank Journal Note Pad for Drawing Writing, Small Sketchbook Travel Journal Bulk for Women Kids Students Office School Supplies, A5, 60 Pages, 8.3” X 5.5”</p><p>$9.99</p><a href="https://www.amazon.com/dp/B0BZRDQKH6?tag=eloabder-20&linkCode=osi&th=1&psc=1">View Product</a></div><div class="product"><a href="https://www.amazon.com/dp/B0BXLB74KK?tag=eloabder-20&linkCode=osi&th=1&psc=1"><img src="https://m.media-amazon.com/images/I/313vYzg7HpL._SL500_.jpg" alt="Product Image"></a><p>ZZTX 4 Pack Blank Kraft Notebooks, Blank Paper Sketchbooks for Drawing Doodling Writing,Travel Journal Set, A5, 36 Pages, 8.3” X 5.5”</p><p>$5.99</p><a href="https://www.amazon.com/dp/B0BXLB74KK?tag=eloabder-20&linkCode=osi&th=1&psc=1">View Product</a></div><div class="product"><a href="https://www.amazon.com/dp/B0BW5TNPXJ?tag=eloabder-20&linkCode=osi&th=1&psc=1"><img src="https://m.media-amazon.com/images/I/31Wu8UP78iL._SL500_.jpg" alt="Product Image"></a><p>EOOUT Kraft Notebooks, Blank Page Journals in Bulk, 16pcs A5, 8.3 X 5.5 Inches, 60 Pages, 80gsm, Travel Journal Set, for Art Camp, Travelers, Students and Office Supplies Sketchbooks Bulk for Kids</p><p>$15.99</p><a href="https://www.amazon.com/dp/B0BW5TNPXJ?tag=eloabder-20&linkCode=osi&th=1&psc=1">View Product</a></div><div class="product"><a href="https://www.amazon.com/dp/B08P3F46SD?tag=eloabder-20&linkCode=osi&th=1&psc=1"><img src="https://m.media-amazon.com/images/I/41jeBDcZJ1L._SL500_.jpg" alt="Product Image"></a><p>Krafty Soft Cover Blank Notebook Journal, Spiral Sketchbook Pad, Drawing Book, 60 Sheets/140gsm (A4)/120 Pages</p><p>$7.99</p><a href="https://www.amazon.com/dp/B08P3F46SD?tag=eloabder-20&linkCode=osi&th=1&psc=1">View Product</a></div><div class="product"><a href="https://www.amazon.com/dp/B0CWNPMC4T?tag=eloabder-20&linkCode=osi&th=1&psc=1"><img src="https://m.media-amazon.com/images/I/31BZeVGe6TL._SL500_.jpg" alt="Product Image"></a><p>zmybcpack 5 Pack Blank Journal Notebooks, Blank Paper Sketchbook for Drawing Writing, Travel Journal Notebook Kraft Paper Notebook for Travelers, Students, Office, A5, 8.26” x 5.5”, 60 Pages/30 Sheets</p><p>$8.99</p><a href="https://www.amazon.com/dp/B0CWNPMC4T?tag=eloabder-20&linkCode=osi&th=1&psc=1">View Product</a></div><div class="product"><a href="https://www.amazon.com/dp/B07WHYP9WN?tag=eloabder-20&linkCode=osi&th=1&psc=1"><img src="https://m.media-amazon.com/images/I/41ZhyCux1yL._SL500_.jpg" alt="Product Image"></a><p>Thick Blank Journal Notebook with Unlined / Unruled / Plain Pages | Deluxe 120gsm Ink Resistant Paper for Writing, Sketch Book, 160 Pages | Hardcover Sketchbook with Pen Holder, Pocket, Ribbon (Black)</p><p>$14.99</p><a href="https://www.amazon.com/dp/B07WHYP9WN?tag=eloabder-20&linkCode=osi&th=1&psc=1">View Product</a></div>
<div class="product"><a href="https://www.amazon.com/dp/B07MT7HKZW?tag=eloabder-20&linkCode=osi&th=1&psc=1"><img src="https://m.media-amazon.com/images/I/413JwH5JREL._SL500_.jpg" alt="Product Image"></a><p>Spiral Sketch Book Large Notebook（Built-in Drawing Board） Kraft Cover Blank Sketch Pad Wirebound Sketching for Drawing Painting 8.5x11-Inch (2 Pack) 200 Sheets, 100 Sheets, 200Pages Each</p><p>$17.99 ($9.00 / Count)</p><a href="https://www.amazon.com/dp/B07MT7HKZW?tag=eloabder-20&linkCode=osi&th=1&psc=1">View Product</a></div><div class="product"><a href="https://www.amazon.com/dp/B0BDQ82WB9?tag=eloabder-20&linkCode=osi&th=1&psc=1"><img src="https://m.media-amazon.com/images/I/51FoWr3GPwL._SL500_.jpg" alt="Product Image"></a><p>feela 170 Pack Blank Kraft Notebooks, Unlined Sketchbook Mini Cute Note Pad for Drawing Writing, Journal Bulk For Kids Students Office School Supplies, A6, 48 Pages, 4.25” X 5.5”, Black and Brown</p><p>$51.99</p><a href="https://www.amazon.com/dp/B0BDQ82WB9?tag=eloabder-20&linkCode=osi&th=1&psc=1">View Product</a></div><div class="product"><a href="https://www.amazon.com/dp/B0B3WWHWT2?tag=eloabder-20&linkCode=osi&th=1&psc=1"><img src="https://m.media-amazon.com/images/I/31m0FzXtPxL._SL500_.jpg" alt="Product Image"></a><p>Tamaki 6 Pack Colorful Blank Books for kids to Write, Drawing, Cute Sketchbook for Kid, 6 Colors (4.25 x 5.5 Inches)</p><p>$6.99</p><a href="https://www.amazon.com/dp/B0B3WWHWT2?tag=eloabder-20&linkCode=osi&th=1&psc=1">View Product</a></div>
<div class="product"><a href="https://www.amazon.com/dp/B0BGH2P9M6?tag=eloabder-20&linkCode=osi&th=1&psc=1"><img src="https://m.media-amazon.com/images/I/41ozOaYoHEL._SL500_.jpg" alt="Product Image"></a><p>EOOUT 100pcs A5 Kraft Notebooks, Blank Page Journals in Bulk, Sketchbooks Bulk for Kids, 60 Pages, 80GSM, 8.3 X 5.5 Inch, Travel Journal Set, for Art Camp, Travelers, Students and Office Supplies</p><p>$51.99</p><a href="https://www.amazon.com/dp/B0BGH2P9M6?tag=eloabder-20&linkCode=osi&th=1&psc=1">View Product</a></div><div class="product"><a href="https://www.amazon.com/dp/B07MT99F94?tag=eloabder-20&linkCode=osi&th=1&psc=1"><img src="https://m.media-amazon.com/images/I/41Ug7gpSWDL._SL500_.jpg" alt="Product Image"></a><p>Spiral Sketch Book Large Notebook（Built-in Drawing Board） Kraft Cover Blank Sketch Pad Wirebound Sketching for Drawing Painting 8.5x11-Inch (1 Pack) 200 Pages, 100 Sheets</p><p>$9.99</p><a href="https://www.amazon.com/dp/B07MT99F94?tag=eloabder-20&linkCode=osi&th=1&psc=1">View Product</a></div><div class="product"><a href="https://www.amazon.com/dp/B07CM32KLM?tag=eloabder-20&linkCode=osi&th=1&psc=1"><img src="https://m.media-amazon.com/images/I/41ENhBLE9DL._SL500_.jpg" alt="Product Image"></a><p>Kraft Cover Drawing Notebook & Sketchbook – Set of 2 Blank Plain Sketch Books – 125g Thick Paper A5 Size, 150x210mm Paper Ideal for Drawing & Sketching- 128 sheets/256 pages – 180 Degree Opening, 2pcs</p><p>$20.99 ($0.08 / Count)</p><a href="https://www.amazon.com/dp/B07CM32KLM?tag=eloabder-20&linkCode=osi&th=1&psc=1">View Product</a></div><div class="product"><a href="https://www.amazon.com/dp/B08ZLMLF7C?tag=eloabder-20&linkCode=osi&th=1&psc=1"><img src="https://m.media-amazon.com/images/I/41X-5yj83vL._SL500_.jpg" alt="Product Image"></a><p>BEECHMORE BOOKS Sketch Book, A4 8.5 x 11.5 inch Blank Sketchbook for Drawing, Paint and Draw, 156 Pages Thick Paper 160gsm, Hardcover Leather Art Notebook, Boxed for Gifts (Chestnut Brown)</p><p>$21.20</p><a href="https://www.amazon.com/dp/B08ZLMLF7C?tag=eloabder-20&linkCode=osi&th=1&psc=1">View Product</a></div>
<div class="product"><a href="https://www.amazon.com/dp/B075M9MSFH?tag=eloabder-20&linkCode=osi&th=1&psc=1"><img src="https://m.media-amazon.com/images/I/51x+szTX6TL._SL500_.jpg" alt="Product Image"></a><p>Bianyo Bleedproof Marker Paper Pad, A4(8.27"X11.69"), 50 Sheets, 18 LB / 70 GSM, Glue-Bound, 100% Cotton, White, Ideal for Use with Markers and Ink Mediums</p><p>$9.99</p><a href="https://www.amazon.com/dp/B075M9MSFH?tag=eloabder-20&linkCode=osi&th=1&psc=1">View Product</a></div><div class="product"><a href="https://www.amazon.com/dp/B08FX5S2NL?tag=eloabder-20&linkCode=osi&th=1&psc=1"><img src="https://m.media-amazon.com/images/I/41CA0ZfazKL._SL500_.jpg" alt="Product Image"></a><p>Marker Paper Sketchbook, Bleedproof Art Marker Pad, (8.27 X 11.69) Inch, White, 40 Sheets</p><p>$6.99</p><a href="https://www.amazon.com/dp/B08FX5S2NL?tag=eloabder-20&linkCode=osi&th=1&psc=1">View Product</a></div><div class="product"><a href="https://www.amazon.com/dp/B0CJRBFSJ8?tag=eloabder-20&linkCode=osi&th=1&psc=1"><img src="https://m.media-amazon.com/images/I/51DLA8TpwEL._SL500_.jpg" alt="Product Image"></a><p>Shuttle Art Marker Pad, 8.3”x8.9” Portable Square Sketchbook, 80 Sheets Marker Drawing Paper, 120LB/200GSM Bleedproof Art Paper, Spiral-Bound, Great for Professional Artist to Draw, Paint & Sketch</p><p>$16.99</p><a href="https://www.amazon.com/dp/B0CJRBFSJ8?tag=eloabder-20&linkCode=osi&th=1&psc=1">View Product</a></div><div class="product"><a href="https://www.amazon.com/dp/B09N7VX5Z5?tag=eloabder-20&linkCode=osi&th=1&psc=1"><img src="https://m.media-amazon.com/images/I/51xCPs9HZyL._SL500_.jpg" alt="Product Image"></a><p>Marker Paper Sketchbook - Marker Sketchbook with Bleedproof Smooth Coated Art Paper, 120 GSM 80 LBS - Marker Pad for Alcohol Markers, Sketching, Drawing - 8.11 x 8.5 Inch | 50 Sheets, 2 Pack</p><p>$15.99 ($8.00 / Count)</p><a href="https://www.amazon.com/dp/B09N7VX5Z5?tag=eloabder-20&linkCode=osi&th=1&psc=1">View Product</a></div><div class="product"><a href="https://www.amazon.com/dp/B07CK94W9T?tag=eloabder-20&linkCode=osi&th=1&psc=1"><img src="https://m.media-amazon.com/images/I/41ocoSNDjdL._SL500_.jpg" alt="Product Image"></a><p>BOXUN Premium 50 Sheets Sketch Marker Paper Pad, Bleedproof Artist Drawing Paper, 8.27 x 11.69 Inch</p><p>$8.29 ($0.17 / Count)</p><a href="https://www.amazon.com/dp/B07CK94W9T?tag=eloabder-20&linkCode=osi&th=1&psc=1">View Product</a></div><div class="product"><a href="https://www.amazon.com/dp/B0CPXWD11W?tag=eloabder-20&linkCode=osi&th=1&psc=1"><img src="https://m.media-amazon.com/images/I/51ApKzpDVNL._SL500_.jpg" alt="Product Image"></a><p>FEITAKE Marker Paper Pad Sketchbook Bleedproof for Alcohol Markers 120lb/200gsm Double Sided Thick Art Drawing Papers 60pages (30Sheets) / A4(8.3"x11.7") Gift for Artists Students Kids</p><p>$13.99 ($0.47 / Count)</p><a href="https://www.amazon.com/dp/B0CPXWD11W?tag=eloabder-20&linkCode=osi&th=1&psc=1">View Product</a></div><div class="product"><a href="https://www.amazon.com/dp/B0025TWYW6?tag=eloabder-20&linkCode=osi&th=1&psc=1"><img src="https://m.media-amazon.com/images/I/51t6UkUHCvL._SL500_.jpg" alt="Product Image"></a><p>Bee Paper Bleedproof Marker Pack, 8-1/2-Inch by 11-Inch, 50 Sheets per Pack</p><p>$17.09 ($0.34 / Count)</p><a href="https://www.amazon.com/dp/B0025TWYW6?tag=eloabder-20&linkCode=osi&th=1&psc=1">View Product</a></div><div class="product"><a href="https://www.amazon.com/dp/B0CJRBYYQB?tag=eloabder-20&linkCode=osi&th=1&psc=1"><img src="https://m.media-amazon.com/images/I/41knBnjZ25L._SL500_.jpg" alt="Product Image"></a><p>Shuttle Art Marker Pad, 8.3”x7.67” Portable Square Sketchbook, 50 Sheets Marker Drawing Paper, 60LB/90GSM Smooth Surface Bleedproof Art Paper, Glue-Bound, Great for Beginners to Draw, Paint & Sketch</p><p>$8.99 ($0.18 / Count)</p><a href="https://www.amazon.com/dp/B0CJRBYYQB?tag=eloabder-20&linkCode=osi&th=1&psc=1">View Product</a></div>
<div class="product"><a href="https://www.amazon.com/dp/B00881IU8M?tag=eloabder-20&linkCode=osi&th=1&psc=1"><img src="https://m.media-amazon.com/images/I/41hbSgdLBtL._SL500_.jpg" alt="Product Image"></a><p>Speedball Fabric & Paper Block Printing Ink 6-Color Set, 1.25-Ounce x 6</p><p>$28.99 ($28.99 / Count)</p><a href="https://www.amazon.com/dp/B00881IU8M?tag=eloabder-20&linkCode=osi&th=1&psc=1">View Product</a></div><div class="product"><a href="https://www.amazon.com/dp/B000J09PFM?tag=eloabder-20&linkCode=osi&th=1&psc=1"><img src="https://m.media-amazon.com/images/I/51yPRc4nvoL._SL500_.jpg" alt="Product Image"></a><p>Speedball Water-Soluble Block Printing Ink Starter Set, 6 Bold Colors with Satin Finish, 1.25-Ounce Tubes</p><p>$29.99 ($4.00 / Fl Oz)</p><a href="https://www.amazon.com/dp/B000J09PFM?tag=eloabder-20&linkCode=osi&th=1&psc=1">View Product</a></div><div class="product"><a href="https://www.amazon.com/dp/B000BYT24U?tag=eloabder-20&linkCode=osi&th=1&psc=1"><img src="https://m.media-amazon.com/images/I/51pDlo+LlKL._SL500_.jpg" alt="Product Image"></a><p>Speedball Water-Soluble Block Printing Ink, 8-Ounce Jar, Black</p><p>$14.49</p><a href="https://www.amazon.com/dp/B000BYT24U?tag=eloabder-20&linkCode=osi&th=1&psc=1">View Product</a></div><div class="product"><a href="https://www.amazon.com/dp/B00C1JUJWW?tag=eloabder-20&linkCode=osi&th=1&psc=1"><img src="https://m.media-amazon.com/images/I/41zDtJ6f5hL._SL500_.jpg" alt="Product Image"></a><p>Speedball Fabric Block Printing Ink, 2.5-Ounce, Black</p><p>$9.99 ($4.00 / Fl Oz)</p><a href="https://www.amazon.com/dp/B00C1JUJWW?tag=eloabder-20&linkCode=osi&th=1&psc=1">View Product</a></div><div class="product"><a href="https://www.amazon.com/dp/B004PZ1ZJG?tag=eloabder-20&linkCode=osi&th=1&psc=1"><img src="https://m.media-amazon.com/images/I/41+GkhhpR5L._SL500_.jpg" alt="Product Image"></a><p>Speedball Water-Soluble Block Printing Ink Starter Set, 4-Color Set, 1.25-Ounce Tubes</p><p>$20.99</p><a href="https://www.amazon.com/dp/B004PZ1ZJG?tag=eloabder-20&linkCode=osi&th=1&psc=1">View Product</a></div><div class="product"><a href="https://www.amazon.com/dp/B0017CZF3C?tag=eloabder-20&linkCode=osi&th=1&psc=1"><img src="https://m.media-amazon.com/images/I/41S17SYPAZL._SL500_.jpg" alt="Product Image"></a><p>Speedball Water Soluble Block Printing Ink, Black, 2-1/2 Ounces - 380663</p><p>$9.99</p><a href="https://www.amazon.com/dp/B0017CZF3C?tag=eloabder-20&linkCode=osi&th=1&psc=1">View Product</a></div><div class="product"><a href="https://www.amazon.com/dp/B0BXNX8FSH?tag=eloabder-20&linkCode=osi&th=1&psc=1"><img src="https://m.media-amazon.com/images/I/51JGm1VxVOL._SL500_.jpg" alt="Product Image"></a><p>Falling in Art Water-Soluble Block Printing Ink, 6-Color Printmaking Ink Set for Linoleum Block, 3.5 floz</p><p>$28.99</p><a href="https://www.amazon.com/dp/B0BXNX8FSH?tag=eloabder-20&linkCode=osi&th=1&psc=1">View Product</a></div><div class="product"><a href="https://www.amazon.com/dp/B0027ACJBO?tag=eloabder-20&linkCode=osi&th=1&psc=1"><img src="https://m.media-amazon.com/images/I/41OzayB9ojL._SL500_.jpg" alt="Product Image"></a><p>Speedball 3476 Oil-Based Block Printing Ink Starter Set for Professional, Permanent Prints AP Certified – 1.25 FL OZ Tubes</p><p>$33.99</p><a href="https://www.amazon.com/dp/B0027ACJBO?tag=eloabder-20&linkCode=osi&th=1&psc=1">View Product</a></div>
<div class="product"><a href="https://www.amazon.com/dp/B0027AGDWK?tag=eloabder-20&linkCode=osi&th=1&psc=1"><img src="https://m.media-amazon.com/images/I/515LDer6GPL._SL500_.jpg" alt="Product Image"></a><p>Speedball Deluxe Block Printing Kit - Includes Inks, Brayer, Bench Hook, Lino Handle and Cutters, Speedy-Carve Block, Mounted Linoleum Block</p><p>$59.99</p><a href="https://www.amazon.com/dp/B0027AGDWK?tag=eloabder-20&linkCode=osi&th=1&psc=1">View Product</a></div><div class="product"><a href="https://www.amazon.com/dp/B07ZJBZN5S?tag=eloabder-20&linkCode=osi&th=1&psc=1"><img src="https://m.media-amazon.com/images/I/41UbN58y9uS._SL500_.jpg" alt="Product Image"></a><p>SGHUO 12pcs 4"x6" Pink Rubber Carving Blocks Linoleum Block Stamp Making Kit</p><p>$22.99 ($1.92 / Count)</p><a href="https://www.amazon.com/dp/B07ZJBZN5S?tag=eloabder-20&linkCode=osi&th=1&psc=1">View Product</a></div>
<div class="product"><a href="https://www.amazon.com/dp/B00L2DYUM8?tag=eloabder-20&linkCode=osi&th=1&psc=1"><img src="https://m.media-amazon.com/images/I/51l5FZ0+5AL._SL500_.jpg" alt="Product Image"></a><p>Strathmore 300 Series Printmaking Paper Pad, Glue Bound, 5x7 inches, 40 Sheets (120g) - Artist Paper for Adults and Students - Block Printing, Linocut, Screen Printing, White</p><p>$7.26</p><a href="https://www.amazon.com/dp/B00L2DYUM8?tag=eloabder-20&linkCode=osi&th=1&psc=1">View Product</a></div><div class="product"><a href="https://www.amazon.com/dp/B07BSYS5XC?tag=eloabder-20&linkCode=osi&th=1&psc=1"><img src="https://m.media-amazon.com/images/I/51Uwfq0jv+L._SL500_.jpg" alt="Product Image"></a><p>Ucreate Printmaking Paper, 9"x12", White, 100 Sheet, P9001</p><p>$9.79</p><a href="https://www.amazon.com/dp/B07BSYS5XC?tag=eloabder-20&linkCode=osi&th=1&psc=1">View Product</a></div><div class="product"><a href="https://www.amazon.com/dp/B00K5562WA?tag=eloabder-20&linkCode=osi&th=1&psc=1"><img src="https://m.media-amazon.com/images/I/51Dm+TeJGdL._SL500_.jpg" alt="Product Image"></a><p>Strathmore Printmaking Paper Pad 8"X10"-20 Sheets -62433800, White</p><p>$10.19</p><a href="https://www.amazon.com/dp/B00K5562WA?tag=eloabder-20&linkCode=osi&th=1&psc=1">View Product</a></div><div class="product"><a href="https://www.amazon.com/dp/B001DNH8I0?tag=eloabder-20&linkCode=osi&th=1&psc=1"><img src="https://m.media-amazon.com/images/I/51UzoKdUojL._SL500_.jpg" alt="Product Image"></a><p>Black Ink 9-Inch by 12-Inch Bleached Mulberry Block Printing Paper, 25-Pack</p><p>$19.35 ($0.77 / Count)</p><a href="https://www.amazon.com/dp/B001DNH8I0?tag=eloabder-20&linkCode=osi&th=1&psc=1">View Product</a></div><div class="product"><a href="https://www.amazon.com/dp/B00C6G6L5Y?tag=eloabder-20&linkCode=osi&th=1&psc=1"><img src="https://m.media-amazon.com/images/I/5103h0Rm8sL._SL500_.jpg" alt="Product Image"></a><p>Black Ink Thai Mulberry Block Printing Paper Packs small assorted colors</p><p>$21.99</p><a href="https://www.amazon.com/dp/B00C6G6L5Y?tag=eloabder-20&linkCode=osi&th=1&psc=1">View Product</a></div>
<div class="product"><a href="https://www.amazon.com/dp/B003IG27OK?tag=eloabder-20&linkCode=osi&th=1&psc=1"><img src="https://m.media-amazon.com/images/I/416NUaYo1DL._SL500_.jpg" alt="Product Image"></a><p>Speedball Block Printing Baren - Comfortable Wooden Handle, Made in the USA - 4 Inches</p><p>$29.49</p><a href="https://www.amazon.com/dp/B003IG27OK?tag=eloabder-20&linkCode=osi&th=1&psc=1">View Product</a></div>
<div class="product"><a href="https://www.amazon.com/dp/B0CMZYY8CJ?tag=eloabder-20&linkCode=osi&th=1&psc=1"><img src="https://m.media-amazon.com/images/I/41TifSIP7SL._SL500_.jpg" alt="Product Image"></a><p>Ecoofor Blotting Paper for Flower Press, 20 Sheets Highly Absorbent and Reusable Blotter Paper for Flower Press Paper Craft 9 x 9 inch</p><p>$9.99</p><a href="https://www.amazon.com/dp/B0CMZYY8CJ?tag=eloabder-20&linkCode=osi&th=1&psc=1">View Product</a></div><div class="product"><a href="https://www.amazon.com/dp/B0CYRT3RM4?tag=eloabder-20&linkCode=osi&th=1&psc=1"><img src="https://m.media-amazon.com/images/I/31+qvVq3giL._SL500_.jpg" alt="Product Image"></a><p>Hygge & Sage Premium Natural Fiber Blotting Paper for Flower Press Art; 20 Large Sheets for a Press up to 8x11 Inches; Absorbent, Versatile, and Acid-Free Reusable Blotter Paper for Flower Pressing</p><p>$9.50 ($0.48 / Count)</p><a href="https://www.amazon.com/dp/B0CYRT3RM4?tag=eloabder-20&linkCode=osi&th=1&psc=1">View Product</a></div><div class="product"><a href="https://www.amazon.com/dp/B0D41GDLHM?tag=eloabder-20&linkCode=osi&th=1&psc=1"><img src="https://m.media-amazon.com/images/I/41LIF5dHXaL._SL500_.jpg" alt="Product Image"></a><p>Aboofx 20 Sheets Blotting Paper for Flower Press, 15" x 10" Extra Large Highly Absorbent Blotter Paper for Flower Press Reusable Herbarium Paper Craft Blotter Paper Sheets</p><p>$19.99</p><a href="https://www.amazon.com/dp/B0D41GDLHM?tag=eloabder-20&linkCode=osi&th=1&psc=1">View Product</a></div><div class="product"><a href="https://www.amazon.com/dp/B0CQMMYSBR?tag=eloabder-20&linkCode=osi&th=1&psc=1"><img src="https://m.media-amazon.com/images/I/413SlUi6IDL._SL500_.jpg" alt="Product Image"></a><p>Wisreach Blotting Paper for Flower Press, 20 Sheets Flower Press Paper Highly Absorbent and Reusable Blotter Paper for Flower Art A4 Size 8.26 x 11.4 inch</p><p>$9.99</p><a href="https://www.amazon.com/dp/B0CQMMYSBR?tag=eloabder-20&linkCode=osi&th=1&psc=1">View Product</a></div><div class="product"><a href="https://www.amazon.com/dp/B093FQ22PG?tag=eloabder-20&linkCode=osi&th=1&psc=1"><img src="https://m.media-amazon.com/images/I/41B2jXhe+QL._SL500_.jpg" alt="Product Image"></a><p>Blotting Paper for Flower Press by Berstuk® • Large A4 Flower Press Paper • Highly Absorbent and Reusable Herbarium Paper • Pack of 10 Blotter Paper Sheets</p><p>$6.99 ($69.90 / 100 Sheets)</p><a href="https://www.amazon.com/dp/B093FQ22PG?tag=eloabder-20&linkCode=osi&th=1&psc=1">View Product</a></div><div class="product"><a href="https://www.amazon.com/dp/B0C6PW4VGB?tag=eloabder-20&linkCode=osi&th=1&psc=1"><img src="https://m.media-amazon.com/images/I/21C64VB3iVL._SL500_.jpg" alt="Product Image"></a><p>PATIKIL 16"x12" Flower Press Paper, 1 Set/30 Sheet Refill Lining Blotter Paper Absorbent Reusable Blotting Paper for DIY Art Handicraft Scrapbook</p><p>$11.19</p><a href="https://www.amazon.com/dp/B0C6PW4VGB?tag=eloabder-20&linkCode=osi&th=1&psc=1">View Product</a></div><div class="product"><a href="https://www.amazon.com/dp/B0C6PTK915?tag=eloabder-20&linkCode=osi&th=1&psc=1"><img src="https://m.media-amazon.com/images/I/21UviFCGjtL._SL500_.jpg" alt="Product Image"></a><p>PATIKIL 12"x8" Flower Press Paper, 2 Set/60 Sheet Refill Lining Blotter Paper Absorbent Reusable Blotting Paper for DIY Art Handicraft Scrapbook</p><p>$13.69</p><a href="https://www.amazon.com/dp/B0C6PTK915?tag=eloabder-20&linkCode=osi&th=1&psc=1">View Product</a></div><div class="product"><a href="https://www.amazon.com/dp/B0CDJZ4MD7?tag=eloabder-20&linkCode=osi&th=1&psc=1"><img src="https://m.media-amazon.com/images/I/41iwkW+QQOL._SL500_.jpg" alt="Product Image"></a><p>30 PCS Blotting Paper for Flower Press Large A4 Flower Press Paper Highly Absorbent and Reusable Blotter Paper Refill Lining Paper for Flower Press Art Craft Scrapbook Making, 11.8 x 7.9 Inches Blue</p><p>$9.99</p><a href="https://www.amazon.com/dp/B0CDJZ4MD7?tag=eloabder-20&linkCode=osi&th=1&psc=1">View Product</a></div>

<div class="product"><a href="https://www.amazon.com/dp/B0D2T4F1DZ?tag=eloabder-20&linkCode=osi&th=1&psc=1"><img src="https://m.media-amazon.com/images/I/41KNcatyBWL._SL500_.jpg" alt="Product Image"></a><p>10pcs Book Cloth,14”x10”,Fabric Surface and Paper Backed, book cloth for book binding,book binding fabric,5 Colors Bookbinding Cloth for DIY fabric book cover,bookbinding paper (Style B)</p><p>$9.99</p><a href="https://www.amazon.com/dp/B0D2T4F1DZ?tag=eloabder-20&linkCode=osi&th=1&psc=1">View Product</a></div><div class="product"><a href="https://www.amazon.com/dp/B0CMD2LWR8?tag=eloabder-20&linkCode=osi&th=1&psc=1"><img src="https://m.media-amazon.com/images/I/31QVUZVSB+L._SL500_.jpg" alt="Product Image"></a><p>Mozeat Lens 33 ft Bookbinding Tape Book Tape Repair Book Binding Tape Cloth Book Repair Kit 2 Inch Wide Book Spine Tape Cloth Bookbinding Repair Tape White Book Tape for Reinforcing Book Spine Tape</p><p>$7.99</p><a href="https://www.amazon.com/dp/B0CMD2LWR8?tag=eloabder-20&linkCode=osi&th=1&psc=1">View Product</a></div><div class="product"><a href="https://www.amazon.com/dp/B0D1KC168C?tag=eloabder-20&linkCode=osi&th=1&psc=1"><img src="https://m.media-amazon.com/images/I/31wWgk-1V4L._SL500_.jpg" alt="Product Image"></a><p>AKONEGE Book Cloth for Book Binding 35 x 16 Inch Fabric Surface and Paper Backed, Strong, Easy to Use, Fabric Materials Bookbinding Supplies Bookcloth for Scrapbooking Album DIY Crafts, Black</p><p>$9.99</p><a href="https://www.amazon.com/dp/B0D1KC168C?tag=eloabder-20&linkCode=osi&th=1&psc=1">View Product</a></div><div class="product"><a href="https://www.amazon.com/dp/B0BC48CCWW?tag=eloabder-20&linkCode=osi&th=1&psc=1"><img src="https://m.media-amazon.com/images/I/41vTc+L-XyL._SL500_.jpg" alt="Product Image"></a><p>Wooqu Book Cloth, Fabric Surface and Paper Backed, Easy to Use, Strong, 17x29”, for Book Binding, Dark Green</p><p>$13.99</p><a href="https://www.amazon.com/dp/B0BC48CCWW?tag=eloabder-20&linkCode=osi&th=1&psc=1">View Product</a></div><div class="product"><a href="https://www.amazon.com/dp/B00W3S7LU4?tag=eloabder-20&linkCode=osi&th=1&psc=1"><img src="https://m.media-amazon.com/images/I/41mUL1LmSHS._SL500_.jpg" alt="Product Image"></a><p>BookGuard 2 inch Premium Bookbinding Repair Cloth Tape, 15 Yard Roll Burgundy</p><p>$14.95</p><a href="https://www.amazon.com/dp/B00W3S7LU4?tag=eloabder-20&linkCode=osi&th=1&psc=1">View Product</a></div>

<div class="product"><a href="https://www.amazon.com/dp/B08217DGL7?tag=eloabder-20&linkCode=osi&th=1&psc=1"><img src="https://m.media-amazon.com/images/I/51Gy-qfph7L._SL500_.jpg" alt="Product Image"></a><p>24 Colors Waxed Thread, Leather Sewing Thread,Hand Stitching Thread for Hand Sewing Leather and Bookbinding, 13Yards Per Color</p><p>$11.99 ($0.01 / Foot)</p><a href="https://www.amazon.com/dp/B08217DGL7?tag=eloabder-20&linkCode=osi&th=1&psc=1">View Product</a></div><div class="product"><a href="https://www.amazon.com/dp/B08GCHJ3FP?tag=eloabder-20&linkCode=osi&th=1&psc=1"><img src="https://m.media-amazon.com/images/I/41TK-XNxTFL._SL500_.jpg" alt="Product Image"></a><p>FANDOL 100% Natural Linen Thread Waxed thread for Bookbingding, Leather Sewing, Beading or Macrame (Natural)</p><p>$14.98</p><a href="https://www.amazon.com/dp/B08GCHJ3FP?tag=eloabder-20&linkCode=osi&th=1&psc=1">View Product</a></div><div class="product"><a href="https://www.amazon.com/dp/B0025U108E?tag=eloabder-20&linkCode=osi&th=1&psc=1"><img src="https://m.media-amazon.com/images/I/4172yrURiVL._SL500_.jpg" alt="Product Image"></a><p>Books by Hand Linen Thread, Archival Quality Natural Unbleached and Unwaxed, 50 Yards 35/3 Gauge, Ideal for Bookbinding and Sewing Signatures</p><p>$9.47</p><a href="https://www.amazon.com/dp/B0025U108E?tag=eloabder-20&linkCode=osi&th=1&psc=1">View Product</a></div><div class="product"><a href="https://www.amazon.com/dp/B08S78KLRN?tag=eloabder-20&linkCode=osi&th=1&psc=1"><img src="https://m.media-amazon.com/images/I/413NGMtJdrL._SL500_.jpg" alt="Product Image"></a><p>Jupean Waxed Thread, 150m /164Yards Beige Leather Waxed Thread, Leather Sewing Thread, Hand Stitching Thread for Hand Sewing Leather, Bookbinding, and Beginners Leather Craft DIY</p><p>$6.49 ($0.01 / Foot)</p><a href="https://www.amazon.com/dp/B08S78KLRN?tag=eloabder-20&linkCode=osi&th=1&psc=1">View Product</a></div><div class="product"><a href="https://www.amazon.com/dp/B015D9E6UM?tag=eloabder-20&linkCode=osi&th=1&psc=1"><img src="https://m.media-amazon.com/images/I/51VnWPI+Q5L._SL500_.jpg" alt="Product Image"></a><p>Lineco, Natural Waxed Linen Thread 20 Yards, Books by Hand Natural, Black, Brown Color for Sewing, Bookbinding (3/Pkg)</p><p>$13.77</p><a href="https://www.amazon.com/dp/B015D9E6UM?tag=eloabder-20&linkCode=osi&th=1&psc=1">View Product</a></div>
<div class="product"><a href="https://www.amazon.com/dp/B0CMD53C1C?tag=eloabder-20&linkCode=osi&th=1&psc=1"><img src="https://m.media-amazon.com/images/I/31dU4wqS0rL._SL500_.jpg" alt="Product Image"></a><p>5-in-1 Bookbinding Kit,Book Cover Guide, Bookbinding Cover Tool, Stainless Steel Book Binding Kit, Bookbinding Ruler, Scrapbooking Tools for Making Book Cover Chipboard Covers Album Planner</p><p>$7.88</p><a href="https://www.amazon.com/dp/B0CMD53C1C?tag=eloabder-20&linkCode=osi&th=1&psc=1">View Product</a></div>
<div class="product"><a href="https://www.amazon.com/dp/B007TIEG6U?tag=eloabder-20&linkCode=osi&th=1&psc=1"><img src="https://m.media-amazon.com/images/I/31d6r6R5lGL._SL500_.jpg" alt="Product Image"></a><p>Handy Art Empty 2 ounce Marker Bottle, Dauber Tip and Cap, 12-Each (900-003) , White</p><p>$23.12 ($1.93 / Count)</p><a href="https://www.amazon.com/dp/B007TIEG6U?tag=eloabder-20&linkCode=osi&th=1&psc=1">View Product</a></div>
<div class="product"><a href="https://www.amazon.com/dp/B07YDNKSH6?tag=eloabder-20&linkCode=osi&th=1&psc=1"><img src="https://m.media-amazon.com/images/I/41JGrHa7mSL._SL500_.jpg" alt="Product Image"></a><p>4-Inch Rubber Brayer Roller for Printmaking, Great for Gluing Application Also. (Original Version)</p><p>$6.99</p><a href="https://www.amazon.com/dp/B07YDNKSH6?tag=eloabder-20&linkCode=osi&th=1&psc=1">View Product</a></div>
<div class="product"><a href="https://www.amazon.com/dp/B005U7BNPE?tag=eloabder-20&linkCode=osi&th=1&psc=1"><img src="https://m.media-amazon.com/images/I/418YfTClSxL._SL500_.jpg" alt="Product Image"></a><p>Apple Barrel Acrylic Paint in Assorted Colors (2 oz), 20513, Bright Yellow</p><p>$0.58 ($0.29 / Fl Oz)</p><a href="https://www.amazon.com/dp/B005U7BNPE?tag=eloabder-20&linkCode=osi&th=1&psc=1">View Product</a></div><div class="product"><a href="https://www.amazon.com/dp/B099DWCRZ5?tag=eloabder-20&linkCode=osi&th=1&psc=1"><img src="https://m.media-amazon.com/images/I/41rr5hT-8TL._SL500_.jpg" alt="Product Image"></a><p>milo Fluorescent Acrylic Paint Set of 6 Colors | 4 oz Bottles | Student Neon Colors Acrylics Painting Pack | Made in the USA | Non-Toxic Art & Craft Paints for Artists, Kids, & Hobby Painters</p><p>$22.90 ($0.95 / Fl Oz)</p><a href="https://www.amazon.com/dp/B099DWCRZ5?tag=eloabder-20&linkCode=osi&th=1&psc=1">View Product</a></div><div class="product"><a href="https://www.amazon.com/dp/B07ZPPPWPL?tag=eloabder-20&linkCode=osi&th=1&psc=1"><img src="https://m.media-amazon.com/images/I/51Vqk2rrZwL._SL500_.jpg" alt="Product Image"></a><p>Apple Barrel, Pastel Dreams & Vivid Wonders Collection Acrylic Craft Paint, PROMOTCK, 2 fl oz each, 18 assorted matte colors, 18 count</p><p>$22.66 ($0.63 / Fl Oz)</p><a href="https://www.amazon.com/dp/B07ZPPPWPL?tag=eloabder-20&linkCode=osi&th=1&psc=1">View Product</a></div><div class="product"><a href="https://www.amazon.com/dp/B0CKQR52XC?tag=eloabder-20&linkCode=osi&th=1&psc=1"><img src="https://m.media-amazon.com/images/I/51WTPlhN2WL._SL500_.jpg" alt="Product Image"></a><p>ARTME Glow in The Dark Paint, 10 Bright Colors 60ml/2oz Blacklight Paint Set, Neon Craft Paint, Acrylic Glow Fluorescent Paint Perfect for Art Painting, DIY projects, Halloween and Christmas</p><p>$23.99 ($1.20 / Fl Oz)</p><a href="https://www.amazon.com/dp/B0CKQR52XC?tag=eloabder-20&linkCode=osi&th=1&psc=1">View Product</a></div><div class="product"><a href="https://www.amazon.com/dp/B09XXHBL3Y?tag=eloabder-20&linkCode=osi&th=1&psc=1"><img src="https://m.media-amazon.com/images/I/51taBeDdeIL._SL500_.jpg" alt="Product Image"></a><p>Fantastory Glow in the Dark Acrylic Paint, 10 Extra Bright Colors, 30ml/1oz Waterproof Glow in Dark Paint,Indoor Outdoor Blacklight Paint for Kids,Adults, Rocks,Walls,Halloween,Craft &Fabric</p><p>$9.99 ($1.00 / Fl Oz)</p><a href="https://www.amazon.com/dp/B09XXHBL3Y?tag=eloabder-20&linkCode=osi&th=1&psc=1">View Product</a></div><div class="product"><a href="https://www.amazon.com/dp/B0BS3JM8ZR?tag=eloabder-20&linkCode=osi&th=1&psc=1"><img src="https://m.media-amazon.com/images/I/51S8FteGgPL._SL500_.jpg" alt="Product Image"></a><p>Acrylic Paint, Shuttle Art 24 Colors Acrylic Paint Bottle Set, 250ml/8.45oz Each, Rich Pigments, High Viscosity, Bulk Paint for Artists, Beginners and Kids Painting on Rocks Crafts Canvas Wood Ceramic</p><p>$49.99 ($0.25 / Fl Oz)</p><a href="https://www.amazon.com/dp/B0BS3JM8ZR?tag=eloabder-20&linkCode=osi&th=1&psc=1">View Product</a></div><div class="product"><a href="https://www.amazon.com/dp/B00CIW3EDI?tag=eloabder-20&linkCode=osi&th=1&psc=1"><img src="https://m.media-amazon.com/images/I/41PMnxyBo5L._SL500_.jpg" alt="Product Image"></a><p>FolkArt Multi-Surface Acrylic Paint in Assorted Colors (2 oz), 2896, Bright Pink</p><p>$1.47 ($0.74 / Fl Oz)</p><a href="https://www.amazon.com/dp/B00CIW3EDI?tag=eloabder-20&linkCode=osi&th=1&psc=1">View Product</a></div><div class="product"><a href="https://www.amazon.com/dp/B085ZB5ZK9?tag=eloabder-20&linkCode=osi&th=1&psc=1"><img src="https://m.media-amazon.com/images/I/51nmRq1eicL._SL500_.jpg" alt="Product Image"></a><p>FolkArt 4 Bottle Multi-Surface Acrylic Paint Set, 2oz, Neon Blacklight Colors</p><p>$8.12 ($1.02 / Fl Oz)</p><a href="https://www.amazon.com/dp/B085ZB5ZK9?tag=eloabder-20&linkCode=osi&th=1&psc=1">View Product</a></div><div class="product"><a href="https://www.amazon.com/dp/B08N585VN5?tag=eloabder-20&linkCode=osi&th=1&psc=1"><img src="https://m.media-amazon.com/images/I/51nwFBdxwVL._SL500_.jpg" alt="Product Image"></a><p>Acrylic Paint Set Value Pack of 12 Colors | Craft Painting Kit with 2 oz Squeeze Bottles for Beginners, Artists, Professionals | Non-Toxic Water Based Paints for Canvas, Paper, Wood | Bright Hues</p><p>$11.99 ($0.50 / Fl Oz)</p><a href="https://www.amazon.com/dp/B08N585VN5?tag=eloabder-20&linkCode=osi&th=1&psc=1">View Product</a></div>

<div class="product"><a href="https://www.amazon.com/dp/B0D3HPD7WP?tag=eloabder-20&linkCode=osi&th=1&psc=1"><img src="https://m.media-amazon.com/images/I/31KSmmAWUWL._SL500_.jpg" alt="Product Image"></a><p>50 Sheets Grey Cardstock Paper, Colored Printer Paper 8.5 x 11, Thick Construction Paper for Cards Making, Scrapbook，Office Printing, Invitations, Certificates，DIY Crafting 92 lb/250gsm</p><p>$9.99</p><a href="https://www.amazon.com/dp/B0D3HPD7WP?tag=eloabder-20&linkCode=osi&th=1&psc=1">View Product</a></div>
<div class="product"><a href="https://www.amazon.com/dp/B076CP6F36?tag=eloabder-20&linkCode=osi&th=1&psc=1"><img src="https://m.media-amazon.com/images/I/51rfEIvgI+L._SL500_.jpg" alt="Product Image"></a><p>Apple Barrel, Vibrant Spectrum Collection Acrylic Craft Paint, PROMOABIII, 2 fl oz each, 16 assorted matte colors, 16 count</p><p>$15.97 ($0.50 / Fl Oz)</p><a href="https://www.amazon.com/dp/B076CP6F36?tag=eloabder-20&linkCode=osi&th=1&psc=1">View Product</a></div><div class="product"><a href="https://www.amazon.com/dp/B0BKFLSYQF?tag=eloabder-20&linkCode=osi&th=1&psc=1"><img src="https://m.media-amazon.com/images/I/51a0PmPRknL._SL500_.jpg" alt="Product Image"></a><p>72 Pack Acrylic Paint Set, Shuttle Art 60 Colors Acrylic Paint Including Extra White Black & 12 Brushes, 2oz/60ml, Rich Pigmented, Water Proof, Ideal for Artists, Beginners on Canvas Rock Wood Ceramic</p><p>$45.99 ($23.00 / Fl Oz)</p><a href="https://www.amazon.com/dp/B0BKFLSYQF?tag=eloabder-20&linkCode=osi&th=1&psc=1">View Product</a></div><div class="product"><a href="https://www.amazon.com/dp/B08CB3JH79?tag=eloabder-20&linkCode=osi&th=1&psc=1"><img src="https://m.media-amazon.com/images/I/51OUZsFdnTL._SL500_.jpg" alt="Product Image"></a><p>Acrylic Paint Set of 36 Colors 2fl oz 60ml Bottles,Non Toxic 36 Colors Acrylic Paint No Fading Rich Pigment for Kids Adults Artists Canvas Crafts Wood Painting</p><p>$32.99 ($0.46 / Fl Oz)</p><a href="https://www.amazon.com/dp/B08CB3JH79?tag=eloabder-20&linkCode=osi&th=1&psc=1">View Product</a></div><div class="product"><a href="https://www.amazon.com/dp/B0018NBVKQ?tag=eloabder-20&linkCode=osi&th=1&psc=1"><img src="https://m.media-amazon.com/images/I/31YlSvZMTCL._SL500_.jpg" alt="Product Image"></a><p>Apple Barrel Acrylic Paint in Assorted Colors (8 Ounce), 20403 White</p><p>$2.67 ($0.33 / Fl Oz)</p><a href="https://www.amazon.com/dp/B0018NBVKQ?tag=eloabder-20&linkCode=osi&th=1&psc=1">View Product</a></div><div class="product"><a href="https://www.amazon.com/dp/B077WSBLZ1?tag=eloabder-20&linkCode=osi&th=1&psc=1"><img src="https://m.media-amazon.com/images/I/51KPkXpLn1L._SL500_.jpg" alt="Product Image"></a><p>Shuttle Art Acrylic Paint Set, 30 x12ml Tubes Artist Quality Non Toxic Rich Pigments Colors Great for Kids Adults Professional Painting on Rocks Canvas Wood Clay Fabric Ceramic Crafts</p><p>$12.99 ($1.08 / Fl Oz)</p><a href="https://www.amazon.com/dp/B077WSBLZ1?tag=eloabder-20&linkCode=osi&th=1&psc=1">View Product</a></div><div class="product"><a href="https://www.amazon.com/dp/B00889Z5Y6?tag=eloabder-20&linkCode=osi&th=1&psc=1"><img src="https://m.media-amazon.com/images/I/41MQjsyDbSL._SL500_.jpg" alt="Product Image"></a><p>Apple Barrel Acrylic Paint in Assorted Colors (2 oz), 20764, Apricot</p><p>$0.58 ($0.29 / Fl Oz)</p><a href="https://www.amazon.com/dp/B00889Z5Y6?tag=eloabder-20&linkCode=osi&th=1&psc=1">View Product</a></div><div class="product"><a href="https://www.amazon.com/dp/B09TWQD5ZL?tag=eloabder-20&linkCode=osi&th=1&psc=1"><img src="https://m.media-amazon.com/images/I/41B0L003QXL._SL500_.jpg" alt="Product Image"></a><p>Artkey Acrylic Paint Set - 24 colors 2 oz/59 ml Acrylic Paints Professional Artists Painting Kit for Canvases Fabric Rock Leather Easter Egg Wood Ceramic Glass Art Craft Painting</p><p>$19.99 ($0.42 / Fl Oz)</p><a href="https://www.amazon.com/dp/B09TWQD5ZL?tag=eloabder-20&linkCode=osi&th=1&psc=1">View Product</a></div><div class="product"><a href="https://www.amazon.com/dp/B07Z93LQDB?tag=eloabder-20&linkCode=osi&th=1&psc=1"><img src="https://m.media-amazon.com/images/I/51veoN6zK0L._SL500_.jpg" alt="Product Image"></a><p>Shuttle Art Acrylic Paint Set, 36 Colors Acrylic Paint with Brushes & Palette, 2oz Bottles, Rich Pigments Non-toxic Paint for Artists Kids & Adults, Art Supplies for Canvas Rock Ceramic Wood Painting</p><p>$27.99</p><a href="https://www.amazon.com/dp/B07Z93LQDB?tag=eloabder-20&linkCode=osi&th=1&psc=1">View Product</a></div><div class="product"><a href="https://www.amazon.com/dp/B002665SYY?tag=eloabder-20&linkCode=osi&th=1&psc=1"><img src="https://m.media-amazon.com/images/I/31sJJeWK6OS._SL500_.jpg" alt="Product Image"></a><p>Liquitex BASICS Acrylic Paint, 250ml (8.5-oz) Tube, Titanium White</p><p>$9.99 ($1.18 / Fl Oz)</p><a href="https://www.amazon.com/dp/B002665SYY?tag=eloabder-20&linkCode=osi&th=1&psc=1">View Product</a></div>
<div class="product"><a href="https://www.amazon.com/dp/B0CC98XLGL?tag=eloabder-20&linkCode=osi&th=1&psc=1"><img src="https://m.media-amazon.com/images/I/51ZLw+nThiL._SL500_.jpg" alt="Product Image"></a><p>HUIRUSO 4 Pack Double Sided Tape Roller, Scrapbook Supplies, Glue Tape Roller for Crafts, Double-Sided Adhesive Tape Runner for Scrapbooking, School Office Journaling Supplies (0.31 in X 26.25 ft)</p><p>$6.99 ($1.75 / Count)</p><a href="https://www.amazon.com/dp/B0CC98XLGL?tag=eloabder-20&linkCode=osi&th=1&psc=1">View Product</a></div><div class="product"><a href="https://www.amazon.com/dp/B007XAAE6K?tag=eloabder-20&linkCode=osi&th=1&psc=1"><img src="https://m.media-amazon.com/images/I/414qxYVR0wL._SL500_.jpg" alt="Product Image"></a><p>Scotch Double Sided Tape Runner, 1-Pack, 0.27 in x 26 ft., Perfect for Holiday Crafts, Gifts, and More</p><p>$4.47</p><a href="https://www.amazon.com/dp/B007XAAE6K?tag=eloabder-20&linkCode=osi&th=1&psc=1">View Product</a></div><div class="product"><a href="https://www.amazon.com/dp/B0BZVGPFSK?tag=eloabder-20&linkCode=osi&th=1&psc=1"><img src="https://m.media-amazon.com/images/I/51-ue9+7JkL._SL500_.jpg" alt="Product Image"></a><p>Birllaid Double Sided Tape for Walls, Picture Hanging Strips Removable Mounting Dots Adhesive Heavy Duty, Removable for Art Craft, Decoration, Party Supplies, Multipurpose</p><p>$11.99</p><a href="https://www.amazon.com/dp/B0BZVGPFSK?tag=eloabder-20&linkCode=osi&th=1&psc=1">View Product</a></div><div class="product"><a href="https://www.amazon.com/dp/B0CGVN9SL1?tag=eloabder-20&linkCode=osi&th=1&psc=1"><img src="https://m.media-amazon.com/images/I/41Hy+i4CnoL._SL500_.jpg" alt="Product Image"></a><p>30Ft x 1 Inch Hook and Loop Strips with Adhesive,Double Rolls of Heavy Duty Self Adhesive Tape with Backing, Nylon Self Adhesive Tape for Home Office School and Crafting,White</p><p>$9.99</p><a href="https://www.amazon.com/dp/B0CGVN9SL1?tag=eloabder-20&linkCode=osi&th=1&psc=1">View Product</a></div><div class="product"><a href="https://www.amazon.com/dp/B07Y3VDPLF?tag=eloabder-20&linkCode=osi&th=1&psc=1"><img src="https://m.media-amazon.com/images/I/41cyKQ2OMuL._SL500_.jpg" alt="Product Image"></a><p>Melsan 1x4 inch Hook and Loop Strips with Adhesive - 15 Sets, Strong Back Adhesive Fasten Mounting Tape for Home or Office Use - Instead of Holes and Screws, Black</p><p>$7.82</p><a href="https://www.amazon.com/dp/B07Y3VDPLF?tag=eloabder-20&linkCode=osi&th=1&psc=1">View Product</a></div><div class="product"><a href="https://www.amazon.com/dp/B07V57VJT5?tag=eloabder-20&linkCode=osi&th=1&psc=1"><img src="https://m.media-amazon.com/images/I/514JO3bvl3L._SL500_.jpg" alt="Product Image"></a><p>XFasten Adhesive Roller for Scrapbooking, 8mm x 30ft 4-Pack Double Sided Glue Tape Roller, Scrapbook Supplies for Adults, Photo Tape for Scrapbooking</p><p>$9.99 ($2.50 / Count)</p><a href="https://www.amazon.com/dp/B07V57VJT5?tag=eloabder-20&linkCode=osi&th=1&psc=1">View Product</a></div><div class="product"><a href="https://www.amazon.com/dp/B07JLTGQHX?tag=eloabder-20&linkCode=osi&th=1&psc=1"><img src="https://m.media-amazon.com/images/I/51Eqfo7kUZL._SL500_.jpg" alt="Product Image"></a><p>UPINS 120 Pack Double Sided Foam Tape Square Self-Adhesive Foam Tape Black Strong Tape Pads for DIY Art Crafts Supplies</p><p>$9.99 ($0.08 / Count)</p><a href="https://www.amazon.com/dp/B07JLTGQHX?tag=eloabder-20&linkCode=osi&th=1&psc=1">View Product</a></div><div class="product"><a href="https://www.amazon.com/dp/B005FM6XF4?tag=eloabder-20&linkCode=osi&th=1&psc=1"><img src="https://m.media-amazon.com/images/I/51-vp1WJ89L._SL500_.jpg" alt="Product Image"></a><p>AdTech 5603 Permanent Crafter's Tape, 0.31" x 315", Pack of 4</p><p>$7.84 ($0.07 / Foot)</p><a href="https://www.amazon.com/dp/B005FM6XF4?tag=eloabder-20&linkCode=osi&th=1&psc=1">View Product</a></div><div class="product"><a href="https://www.amazon.com/dp/B0CJF1FLFJ?tag=eloabder-20&linkCode=osi&th=1&psc=1"><img src="https://m.media-amazon.com/images/I/51dig1RqzdL._SL500_.jpg" alt="Product Image"></a><p>UPINS 150Pack Double Sided Foam Tape Strong Sticky Double Sided Foam Pads for Crafts Self-Adhesive Mounting Foam Tape Heavy Duty for Home Wall Decor 40 * 40 * 2mm</p><p>$8.99 ($0.06 / Count)</p><a href="https://www.amazon.com/dp/B0CJF1FLFJ?tag=eloabder-20&linkCode=osi&th=1&psc=1">View Product</a></div><div class="product"><a href="https://www.amazon.com/dp/B0D4YWRGCL?tag=eloabder-20&linkCode=osi&th=1&psc=1"><img src="https://m.media-amazon.com/images/I/41EqJ553-KL._SL500_.jpg" alt="Product Image"></a><p>Amanbo Glue Tape for Scrapbooking, 6 Pack Scrapbook Tape, Double Sided Tape Roller for Crafts, Total 120 Ft x 0.24 in Tape Runner, Craft Supplies for Scrapbooking, Gift Wrapping and Photo Tape</p><p>$6.99</p><a href="https://www.amazon.com/dp/B0D4YWRGCL?tag=eloabder-20&linkCode=osi&th=1&psc=1">View Product</a></div>
<div class="product"><a href="https://www.amazon.com/dp/B0CC5HPPTN?tag=eloabder-20&linkCode=osi&th=1&psc=1"><img src="https://m.media-amazon.com/images/I/519M81S201L._SL500_.jpg" alt="Product Image"></a><p>Airbrush Paint - 30 Colors with 3 Thinner, Ready to Spray Airbrush Paint Set, Water-Based Acrylic Air brush Paints for Metal, Plastic Models, Canvas, Wood, 20ml/Bottle</p><p>$32.99 ($1.48 / Fl Oz)</p><a href="https://www.amazon.com/dp/B0CC5HPPTN?tag=eloabder-20&linkCode=osi&th=1&psc=1">View Product</a></div>
<div class="product"><a href="https://www.amazon.com/dp/B0CXPSGK36?tag=eloabder-20&linkCode=osi&th=1&psc=1"><img src="https://m.media-amazon.com/images/I/51dd2dYOtrL._SL500_.jpg" alt="Product Image"></a><p>Letter Stickers 30 Sheets 1500 PCS Large Alphabet Sticker 2 Inch Vinyl Self Adhesive Stick on Stickers for Water Bottles Cup Mailbox Number Address Craft Scrapbooking Bulletin Board Decor Multicolor</p><p>$9.99</p><a href="https://www.amazon.com/dp/B0CXPSGK36?tag=eloabder-20&linkCode=osi&th=1&psc=1">View Product</a></div><div class="product"><a href="https://www.amazon.com/dp/B07NNYFMGY?tag=eloabder-20&linkCode=osi&th=1&psc=1"><img src="https://m.media-amazon.com/images/I/51yDnU+gEXL._SL500_.jpg" alt="Product Image"></a><p>20 Sheets Alphabet Letter Stickers 10 Colors Self Adhesive Sticker Colorful PU Material Convex Feeling (Colored Letter Stickers 1)</p><p>$6.99 ($0.35 / Count)</p><a href="https://www.amazon.com/dp/B07NNYFMGY?tag=eloabder-20&linkCode=osi&th=1&psc=1">View Product</a></div>

<div class="product"><a href="https://www.amazon.com/dp/B01DDN8854?tag=eloabder-20&linkCode=osi&th=1&psc=1"><img src="https://m.media-amazon.com/images/I/61dPubDZBSL._SL500_.jpg" alt="Product Image"></a><p>Hugs 'n Kisses HNKHABY13 Applique Paper (20 Pack)</p><p>$19.72 ($0.99 / Count)</p><a href="https://www.amazon.com/dp/B01DDN8854?tag=eloabder-20&linkCode=osi&th=1&psc=1">View Product</a></div>
<div class="product"><a href="https://www.amazon.com/dp/B09KPNFJW1?tag=eloabder-20&linkCode=osi&th=1&psc=1"><img src="https://m.media-amazon.com/images/I/41abn5fELmL._SL500_.jpg" alt="Product Image"></a><p>UniPleased Disposable Aprons (50 Count), Plastic apron for Painting Party, Cooking, Housework, Picnic etc.</p><p>$5.69</p><a href="https://www.amazon.com/dp/B09KPNFJW1?tag=eloabder-20&linkCode=osi&th=1&psc=1">View Product</a></div>
<div class="product"><a href="https://www.amazon.com/dp/B087M21MM2?tag=eloabder-20&linkCode=osi&th=1&psc=1"><img src="https://m.media-amazon.com/images/I/41Xf-jehhLL._SL500_.jpg" alt="Product Image"></a><p>GOTIDEAL Stretched Canvas, Multi Pack 4x4, 5x7, 8x10,9x12, 11x14 Set of 10, Primed White - 100% Cotton Artist Canvas Boards for Painting, Acrylic Pouring, Oil Paint Dry & Wet Art Media</p><p>$24.99</p><a href="https://www.amazon.com/dp/B087M21MM2?tag=eloabder-20&linkCode=osi&th=1&psc=1">View Product</a></div><div class="product"><a href="https://www.amazon.com/dp/B00OQJYISG?tag=eloabder-20&linkCode=osi&th=1&psc=1"><img src="https://m.media-amazon.com/images/I/31fEDLPkkcL._SL500_.jpg" alt="Product Image"></a><p>6 Count 12” x 16” Super Value Canvas by Artist's Loft Necessities - Acid Free Cotton Canvas for Paint, Acrylic, & Oils - 1 Pack</p><p>$19.99</p><a href="https://www.amazon.com/dp/B00OQJYISG?tag=eloabder-20&linkCode=osi&th=1&psc=1">View Product</a></div><div class="product"><a href="https://www.amazon.com/dp/B09CDKB9HY?tag=eloabder-20&linkCode=osi&th=1&psc=1"><img src="https://m.media-amazon.com/images/I/51+p5xnClGL._SL500_.jpg" alt="Product Image"></a><p>DPDIAN Canvas Boards for Painting 40 Pack, 8 inch x 10 inch Super Value Pack, Artist Canvas Panels for Oil & Acrylic Painting</p><p>$29.99</p><a href="https://www.amazon.com/dp/B09CDKB9HY?tag=eloabder-20&linkCode=osi&th=1&psc=1">View Product</a></div><div class="product"><a href="https://www.amazon.com/dp/B0CFBGP29G?tag=eloabder-20&linkCode=osi&th=1&psc=1"><img src="https://m.media-amazon.com/images/I/3147Az5plbL._SL500_.jpg" alt="Product Image"></a><p>ArtSkills Stretched Canvases for Painting, 12x16 Canvas Painting Supplies for Artists, Blank Canvas Pack, 2-Pack</p><p>$16.99</p><a href="https://www.amazon.com/dp/B0CFBGP29G?tag=eloabder-20&linkCode=osi&th=1&psc=1">View Product</a></div><div class="product"><a href="https://www.amazon.com/dp/B07BNGQ1SS?tag=eloabder-20&linkCode=osi&th=1&psc=1"><img src="https://m.media-amazon.com/images/I/410ZVtygUwS._SL500_.jpg" alt="Product Image"></a><p>PHOENIX Stretched Canvas for Painting 8x10 Inch/10 Value Pack, 8 Oz Triple Primed 5/8 Inch Profile 100% Cotton White Blank Canvas, Artist Framed Canvas for Oil Acrylic & Pouring Art</p><p>$22.99</p><a href="https://www.amazon.com/dp/B07BNGQ1SS?tag=eloabder-20&linkCode=osi&th=1&psc=1">View Product</a></div><div class="product"><a href="https://www.amazon.com/dp/B0922JP1H4?tag=eloabder-20&linkCode=osi&th=1&psc=1"><img src="https://m.media-amazon.com/images/I/41BmiEND1KL._SL500_.jpg" alt="Product Image"></a><p>GOTIDEAL Canvases for Painting, 18 Pack Canvas Boards Multipack 4x4, 5x7, 8x10, 9x12,11x14,Primed White Blank Artist Canvas Variety Pack for Acrylic Paint, Oil Paint, Watercolor, Gouache</p><p>$19.99</p><a href="https://www.amazon.com/dp/B0922JP1H4?tag=eloabder-20&linkCode=osi&th=1&psc=1">View Product</a></div>


<div class="product"><a href="https://www.amazon.com/dp/B0872VFHBH?tag=eloabder-20&linkCode=osi&th=1&psc=1"><img src="https://m.media-amazon.com/images/I/51k3bekQheS._SL500_.jpg" alt="Product Image"></a><p>Bachmore Drawing Pad 9X12 Inch (110lb/180g), 60 Sheets, Top Spiral Bound Multi-Media for Artist Pro & Amateurs | Acrylic Art, Ink, Paint, Oil Pastels,Watercolor Mixed Media Sketch</p><p>$11.99</p><a href="https://www.amazon.com/dp/B0872VFHBH?tag=eloabder-20&linkCode=osi&th=1&psc=1">View Product</a></div><div class="product"><a href="https://www.amazon.com/dp/B0027A75A4?tag=eloabder-20&linkCode=osi&th=1&psc=1"><img src="https://m.media-amazon.com/images/I/51dyOxxcgYL._SL500_.jpg" alt="Product Image"></a><p>Strathmore 200 Series Sketch Pad, 9x12 inch, 100 Sheets, Tape Bound - Artist Sketchbook for Drawing, Illustration, Art Class Students</p><p>$6.99 ($0.07 / Count)</p><a href="https://www.amazon.com/dp/B0027A75A4?tag=eloabder-20&linkCode=osi&th=1&psc=1">View Product</a></div><div class="product"><a href="https://www.amazon.com/dp/B0BV13YQKX?tag=eloabder-20&linkCode=osi&th=1&psc=1"><img src="https://m.media-amazon.com/images/I/41VYfMpvXUL._SL500_.jpg" alt="Product Image"></a><p>Canson Graduate Watercolor Pad, Foldover, 9x12 inch, 20 Sheets | Artist Paper for Adults and Students - Painting, Gouache, Mixed Media and Ink</p><p>$4.97 ($0.41 / Count)</p><a href="https://www.amazon.com/dp/B0BV13YQKX?tag=eloabder-20&linkCode=osi&th=1&psc=1">View Product</a></div><div class="product"><a href="https://www.amazon.com/dp/B0024KMQ6K?tag=eloabder-20&linkCode=osi&th=1&psc=1"><img src="https://m.media-amazon.com/images/I/51sYdvPPUCL._SL500_.jpg" alt="Product Image"></a><p>Strathmore 400 Series Pastel Pad, Assorted Colors, 9"x12" Glue Bound, 24 Sheets</p><p>$9.11</p><a href="https://www.amazon.com/dp/B0024KMQ6K?tag=eloabder-20&linkCode=osi&th=1&psc=1">View Product</a></div><div class="product"><a href="https://www.amazon.com/dp/B00246O6PI?tag=eloabder-20&linkCode=osi&th=1&psc=1"><img src="https://m.media-amazon.com/images/I/517TUmckOIL._SL500_.jpg" alt="Product Image"></a><p>Strathmore 300 Series Drawing Paper Pad, Top Wire Bound, 11x14 inches, 50 Sheets (70lb/114g) - Artist Paper for Adults and Students - Charcoal, Colored Pencil, Ink, Pastel, Marker</p><p>$13.33</p><a href="https://www.amazon.com/dp/B00246O6PI?tag=eloabder-20&linkCode=osi&th=1&psc=1">View Product</a></div>
<div class="product"><a href="https://www.amazon.com/dp/B08ZMH7LJY?tag=eloabder-20&linkCode=osi&th=1&psc=1"><img src="https://m.media-amazon.com/images/I/51mJIsLJA-S._SL500_.jpg" alt="Product Image"></a><p>PANDAFLY Professional Drawing Sketching Pencil Set - 12 Pieces Graphite Pencils(14B - 2H), Ideal for Drawing Art, Sketching, Shading, Artist Pencils for Beginners & Pro Artists</p><p>$5.11</p><a href="https://www.amazon.com/dp/B08ZMH7LJY?tag=eloabder-20&linkCode=osi&th=1&psc=1">View Product</a></div><div class="product"><a href="https://www.amazon.com/dp/B088K1G5NL?tag=eloabder-20&linkCode=osi&th=1&psc=1"><img src="https://m.media-amazon.com/images/I/51F2bOMZWnL._SL500_.jpg" alt="Product Image"></a><p>MARKART Professional Drawing Sketching Pencil Set - 14 Pieces,Graphite,(12B - 4H), Ideal for Drawing Art, Sketching, Shading, Artist Pencils for Beginners & Pro Artists</p><p>$5.24</p><a href="https://www.amazon.com/dp/B088K1G5NL?tag=eloabder-20&linkCode=osi&th=1&psc=1">View Product</a></div><div class="product"><a href="https://www.amazon.com/dp/B08FHMRW4L?tag=eloabder-20&linkCode=osi&th=1&psc=1"><img src="https://m.media-amazon.com/images/I/51Pmn5gjyzL._SL500_.jpg" alt="Product Image"></a><p>Mr. Pen- Sketch Pencils for Drawing, 14 Pack, Drawing Pencils, Art Pencils, Graphite Pencils, Graphite Pencils for Drawing, Art Pencils for Drawing and Shading</p><p>$5.95</p><a href="https://www.amazon.com/dp/B08FHMRW4L?tag=eloabder-20&linkCode=osi&th=1&psc=1">View Product</a></div><div class="product"><a href="https://www.amazon.com/dp/B0BNQ58DC4?tag=eloabder-20&linkCode=osi&th=1&psc=1"><img src="https://m.media-amazon.com/images/I/51e-gQtCcCL._SL500_.jpg" alt="Product Image"></a><p>MARTCOLOR Drawing Sketching Pencils Set, 12 Pack Graphite Pencils(14B - 2H), Ideal for Drawing Art, Sketching, Shading, Artist Pencils for Beginners & Pro Artists</p><p>$5.99</p><a href="https://www.amazon.com/dp/B0BNQ58DC4?tag=eloabder-20&linkCode=osi&th=1&psc=1">View Product</a></div>

<div class="product"><a href="https://www.amazon.com/dp/B0851M3749?tag=eloabder-20&linkCode=osi&th=1&psc=1"><img src="https://m.media-amazon.com/images/I/41KKSGSDl5L._SL500_.jpg" alt="Product Image"></a><p>N NOROCME 12 PCS Blending Stumps and Tortillions Paper Art Blenders with Sandpaper Pencil Sharpener Pointer for Student Artist Charcoal Sketch Drawing Tools</p><p>$4.99</p><a href="https://www.amazon.com/dp/B0851M3749?tag=eloabder-20&linkCode=osi&th=1&psc=1">View Product</a></div><div class="product"><a href="https://www.amazon.com/dp/B09J3HKN8F?tag=eloabder-20&linkCode=osi&th=1&psc=1"><img src="https://m.media-amazon.com/images/I/51Qvx81eQLL._SL500_.jpg" alt="Product Image"></a><p>Eraser Pencils Set for Artists, Wooden Sketch Eraser Pen for Charcoal Drawings, Professional Highlight Painting Eraser for Sketching, Revise Erasing Details for Students Limner</p><p>$6.99</p><a href="https://www.amazon.com/dp/B09J3HKN8F?tag=eloabder-20&linkCode=osi&th=1&psc=1">View Product</a></div>
<div class="product"><a href="https://www.amazon.com/dp/B09WCQ89T8?tag=eloabder-20&linkCode=osi&th=1&psc=1"><img src="https://m.media-amazon.com/images/I/41gZz0qgBFL._SL500_.jpg" alt="Product Image"></a><p>Bernat BABY BLANKET BB Blue Dreams Yarn - 1 Pack of 10.5oz/300g - Polyester - #6 Super Bulky - 220 Yards - Knitting/Crochet</p><p>$6.97</p><a href="https://www.amazon.com/dp/B09WCQ89T8?tag=eloabder-20&linkCode=osi&th=1&psc=1">View Product</a></div><div class="product"><a href="https://www.amazon.com/dp/B07V5JVNFD?tag=eloabder-20&linkCode=osi&th=1&psc=1"><img src="https://m.media-amazon.com/images/I/41IS+HdtiOL._SL500_.jpg" alt="Product Image"></a><p>Lion Brand Yarn Basic Stitch Anti-Pilling Knitting Yarn, Yarn for Crocheting, 1-Pack, Baby Blue</p><p>$8.40 ($0.02 / Foot)</p><a href="https://www.amazon.com/dp/B07V5JVNFD?tag=eloabder-20&linkCode=osi&th=1&psc=1">View Product</a></div><div class="product"><a href="https://www.amazon.com/dp/B01M0AJID2?tag=eloabder-20&linkCode=osi&th=1&psc=1"><img src="https://m.media-amazon.com/images/I/41yVau0AUpL._SL500_.jpg" alt="Product Image"></a><p>Lion Brand Yarn (1 Skein) Lion Brand Yarn Babysoft Baby Yarn Yarn, Little Boy Blue Multicolor</p><p>$7.19 ($0.01 / Foot)</p><a href="https://www.amazon.com/dp/B01M0AJID2?tag=eloabder-20&linkCode=osi&th=1&psc=1">View Product</a></div><div class="product"><a href="https://www.amazon.com/dp/B09W1KHF42?tag=eloabder-20&linkCode=osi&th=1&psc=1"><img src="https://m.media-amazon.com/images/I/41maDlrio5L._SL500_.jpg" alt="Product Image"></a><p>Red Heart Super Saver Light Blue Yarn - 3 Pack of 198g/7oz - Acrylic - 4 Medium (Worsted) - 364 Yards - Knitting/Crochet</p><p>$13.29 ($4.43 / Count)</p><a href="https://www.amazon.com/dp/B09W1KHF42?tag=eloabder-20&linkCode=osi&th=1&psc=1">View Product</a></div><div class="product"><a href="https://www.amazon.com/dp/B08LKVZ3CX?tag=eloabder-20&linkCode=osi&th=1&psc=1"><img src="https://m.media-amazon.com/images/I/41GLizNx8UL._SL500_.jpg" alt="Product Image"></a><p>Bernat Baby Blanket Baby Blue Yarn - 3 Pack of 100g/3.5oz - Polyester - 6 Super Bulky - 72 Yards - Knitting/Crochet</p><p>$21.81</p><a href="https://www.amazon.com/dp/B08LKVZ3CX?tag=eloabder-20&linkCode=osi&th=1&psc=1">View Product</a></div><div class="product"><a href="https://www.amazon.com/dp/B0CHJ95WHJ?tag=eloabder-20&linkCode=osi&th=1&psc=1"><img src="https://m.media-amazon.com/images/I/314E1EQdihL._SL500_.jpg" alt="Product Image"></a><p>NORCIA Soft Velvet Yarn Chenille Yarn for Crocheting Baby Blanket Yarn for Knitting Amigurumi Yarn Fancy Yarn for Crochet Weaving Craft (Baby Blue, 1 Skein)</p><p>$9.99</p><a href="https://www.amazon.com/dp/B0CHJ95WHJ?tag=eloabder-20&linkCode=osi&th=1&psc=1">View Product</a></div>
<div class="product"><a href="https://www.amazon.com/dp/B0779F2TXJ?tag=eloabder-20&linkCode=osi&th=1&psc=1"><img src="https://m.media-amazon.com/images/I/31kqZr8DJzL._SL500_.jpg" alt="Product Image"></a><p>OPENDGO Feather Ballpoint Pen ，Black Ink Vintage Feather Quill Refined Plated Rod Quill Ballpoint Pen For School Writing ▏Wedding Gift Signature Pen (Black)</p><p>$6.97</p><a href="https://www.amazon.com/dp/B0779F2TXJ?tag=eloabder-20&linkCode=osi&th=1&psc=1">View Product</a></div><div class="product"><a href="https://www.amazon.com/dp/B0CQF3BJ3S?tag=eloabder-20&linkCode=osi&th=1&psc=1"><img src="https://m.media-amazon.com/images/I/41gs6AOiP6L._SL500_.jpg" alt="Product Image"></a><p>3 in 1 Retractable Ballpoint Pen with Light and Stylus, Nice Pens for Journaling Writing in The Dark - White/Red Light Tip- 0.7mm Black Ink</p><p>$12.99</p><a href="https://www.amazon.com/dp/B0CQF3BJ3S?tag=eloabder-20&linkCode=osi&th=1&psc=1">View Product</a></div><div class="product"><a href="https://www.amazon.com/dp/B08BBZ3B8G?tag=eloabder-20&linkCode=osi&th=1&psc=1"><img src="https://m.media-amazon.com/images/I/41cMHyw60wL._SL500_.jpg" alt="Product Image"></a><p>Mr. Pen- Pens, Black Pens, 12 Pack, Fast Dry, No Smear Pens, Bible Pens, Pens for Journaling, Pens No Bleed Through, Pens Fine Point, Journal Pens, Fine Tip, Planner Pens, Ball Point Journal Pens</p><p>$9.99</p><a href="https://www.amazon.com/dp/B08BBZ3B8G?tag=eloabder-20&linkCode=osi&th=1&psc=1">View Product</a></div><div class="product"><a href="https://www.amazon.com/dp/B0D4YWWGX6?tag=eloabder-20&linkCode=osi&th=1&psc=1"><img src="https://m.media-amazon.com/images/I/31xHBCCzJqL._SL500_.jpg" alt="Product Image"></a><p>PATIKIL 21cm/8" Feather Ballpoint Pen, 1Pcs Ink Vintage Quill Pen Refined Plated Dip Pen for Calligraphy Writing Signature Wedding Gift, Yellow</p><p>$7.49</p><a href="https://www.amazon.com/dp/B0D4YWWGX6?tag=eloabder-20&linkCode=osi&th=1&psc=1">View Product</a></div>

<div class="product"><a href="https://www.amazon.com/dp/B001TLDEVQ?tag=eloabder-20&linkCode=osi&th=1&psc=1"><img src="https://m.media-amazon.com/images/I/41jYF39F6lL._SL500_.jpg" alt="Product Image"></a><p>Beadalon SuppleMax Illusion Beading Cord, 0.40 mm / 0.016 in, Clear Monofilament, 50 m / 164 ft</p><p>$4.74</p><a href="https://www.amazon.com/dp/B001TLDEVQ?tag=eloabder-20&linkCode=osi&th=1&psc=1">View Product</a></div><div class="product"><a href="https://www.amazon.com/dp/B0D2HVFZ7Q?tag=eloabder-20&linkCode=osi&th=1&psc=1"><img src="https://m.media-amazon.com/images/I/41R66LMYz7L._SL500_.jpg" alt="Product Image"></a><p>Zxiixz 116Yards 0.5mm Bracelet String, Waxed String Cord for Bracelet Making, Beading Thread for Bracelet Beads, Friendship Bracelet String for Bracelet Making, Waxed Polyester Cord for Jewelry Making</p><p>$6.99</p><a href="https://www.amazon.com/dp/B0D2HVFZ7Q?tag=eloabder-20&linkCode=osi&th=1&psc=1">View Product</a></div><div class="product"><a href="https://www.amazon.com/dp/B07BNF8KH5?tag=eloabder-20&linkCode=osi&th=1&psc=1"><img src="https://m.media-amazon.com/images/I/51jVByheyVL._SL500_.jpg" alt="Product Image"></a><p>PH PandaHall 100 Yards 1mm Waxed Cotton Cord Thread Beading String for Bracelet Necklace Making Crafting Beading Macrame Vase Decor, Burlywood</p><p>$7.19 ($0.02 / Foot)</p><a href="https://www.amazon.com/dp/B07BNF8KH5?tag=eloabder-20&linkCode=osi&th=1&psc=1">View Product</a></div><div class="product"><a href="https://www.amazon.com/dp/B07HBPGXJG?tag=eloabder-20&linkCode=osi&th=1&psc=1"><img src="https://m.media-amazon.com/images/I/41xi8gO6kDL._SL500_.jpg" alt="Product Image"></a><p>Paxcoo 0.8mm Elastic String, Stretchy Bracelet String Crystal String Bead Cord for Bracelet, Beading and Jewelry Making (120m)</p><p>$6.99 ($0.02 / Foot)</p><a href="https://www.amazon.com/dp/B07HBPGXJG?tag=eloabder-20&linkCode=osi&th=1&psc=1">View Product</a></div><div class="product"><a href="https://www.amazon.com/dp/B0CNPST7D9?tag=eloabder-20&linkCode=osi&th=1&psc=1"><img src="https://m.media-amazon.com/images/I/41A9VISFC4L._SL500_.jpg" alt="Product Image"></a><p>Kblick Black Nylon String Cord - 1MM 100 Yards Black Twine, Bracelet String for Bracelet Making, Braided Ornament Lanyard Sting, Jewelry Thread Clay Bead String for Crafts, Macrame Satin Cord</p><p>$5.99 ($0.02 / Foot)</p><a href="https://www.amazon.com/dp/B0CNPST7D9?tag=eloabder-20&linkCode=osi&th=1&psc=1">View Product</a></div><div class="product"><a href="https://www.amazon.com/dp/B08GC3JF9X?tag=eloabder-20&linkCode=osi&th=1&psc=1"><img src="https://m.media-amazon.com/images/I/41FQZYhvQpL._SL500_.jpg" alt="Product Image"></a><p>Cheriswelry 100M 0.8mm Nylon Beading Cord Black Chinese Knotting Rattail Macrame Thread String Roll for Jewelry Making Kumihimo Wrapping Supplies DIY Crafts</p><p>$6.99 ($0.02 / Fl Oz)</p><a href="https://www.amazon.com/dp/B08GC3JF9X?tag=eloabder-20&linkCode=osi&th=1&psc=1">View Product</a></div><div class="product"><a href="https://www.amazon.com/dp/B0B3V9RWQC?tag=eloabder-20&linkCode=osi&th=1&psc=1"><img src="https://m.media-amazon.com/images/I/41F-OP+yCxL._SL500_.jpg" alt="Product Image"></a><p>Griffin Silk Bead Cord Perlseide – Black Color – Size 3 (0.50mm) – 2 Meters per Card – Stainless Steel Needle Attached – for Knotting Pearls, Gemstones, Crystals and Beads</p><p>$4.99 ($0.76 / Foot)</p><a href="https://www.amazon.com/dp/B0B3V9RWQC?tag=eloabder-20&linkCode=osi&th=1&psc=1">View Product</a></div><div class="product"><a href="https://www.amazon.com/dp/B08F49YVQP?tag=eloabder-20&linkCode=osi&th=1&psc=1"><img src="https://m.media-amazon.com/images/I/41yCMIpj0rS._SL500_.jpg" alt="Product Image"></a><p>1mm Stretchy Bracelet String, Sturdy Rainbow Elastic String Elastic Cord for Jewelry Making, Necklaces, Beading and Crafts</p><p>$6.99 ($0.04 / Foot)</p><a href="https://www.amazon.com/dp/B08F49YVQP?tag=eloabder-20&linkCode=osi&th=1&psc=1">View Product</a></div>

<div class="product"><a href="https://www.amazon.com/dp/B001GMUBJ6?tag=eloabder-20&linkCode=osi&th=1&psc=1"><img src="https://m.media-amazon.com/images/I/41V5qzn3H5L._SL500_.jpg" alt="Product Image"></a><p>The Beadsmith Fireline by Berkley – Micro-Fused Braided Thread – 6lb. Test, 006”/.15mm Diameter, 50 Yard Spool, Crystal Color – Super Strong Stringing Material for Jewelry Making and Bead Weaving</p><p>$12.59</p><a href="https://www.amazon.com/dp/B001GMUBJ6?tag=eloabder-20&linkCode=osi&th=1&psc=1">View Product</a></div><div class="product"><a href="https://www.amazon.com/dp/B001UAKK0Y?tag=eloabder-20&linkCode=osi&th=1&psc=1"><img src="https://m.media-amazon.com/images/I/41rY1D0wfuL._SL500_.jpg" alt="Product Image"></a><p>Beadalon Wildfire, 0.006 in, 0.15 mm, Break Strength 10 lb / 4.5 kg, Frost, 50 yd / 45 m</p><p>$8.85 ($0.06 / Foot)</p><a href="https://www.amazon.com/dp/B001UAKK0Y?tag=eloabder-20&linkCode=osi&th=1&psc=1">View Product</a></div><div class="product"><a href="https://www.amazon.com/dp/B095WY58F4?tag=eloabder-20&linkCode=osi&th=1&psc=1"><img src="https://m.media-amazon.com/images/I/41mXRfJqcjL._SL500_.jpg" alt="Product Image"></a><p>PH PandaHall 0.1mm Nylon Seed Bead Thread 100 Yards Black White Bracelet Cord Beading Thread Invisible Sewing Thread Nylon Braided Thread String for Leather Stitching Beading Jewelry Bracelets Making</p><p>$9.99 ($0.03 / Foot)</p><a href="https://www.amazon.com/dp/B095WY58F4?tag=eloabder-20&linkCode=osi&th=1&psc=1">View Product</a></div><div class="product"><a href="https://www.amazon.com/dp/B08RN2R2SZ?tag=eloabder-20&linkCode=osi&th=1&psc=1"><img src="https://m.media-amazon.com/images/I/41Tg2MMC++L._SL500_.jpg" alt="Product Image"></a><p>KO Nylon Beading Thread, White Color, Japanese Pre-Waxed 100% Nylon, 330TEX, Tangle Resistant Knotting Cords, 50m /55 yds Spool, Use for Seed Bead Projects, Loom Work & Bead Weaving</p><p>$7.06 ($0.04 / Foot)</p><a href="https://www.amazon.com/dp/B08RN2R2SZ?tag=eloabder-20&linkCode=osi&th=1&psc=1">View Product</a></div><div class="product"><a href="https://www.amazon.com/dp/B09J89ST79?tag=eloabder-20&linkCode=osi&th=1&psc=1"><img src="https://m.media-amazon.com/images/I/41hLuuOZeXL._SL500_.jpg" alt="Product Image"></a><p>2 Roll Polyester Thread, Heavy Duty Thread, 1500Yard/Reel 210D/3 nylon thread for sewing, Sewing Thread for Upholstery, Outdoor Market, Drapery, Leather, Beading, Crafts</p><p>$7.99 ($0.00 / Foot)</p><a href="https://www.amazon.com/dp/B09J89ST79?tag=eloabder-20&linkCode=osi&th=1&psc=1">View Product</a></div><div class="product"><a href="https://www.amazon.com/dp/B0C6MSY7QQ?tag=eloabder-20&linkCode=osi&th=1&psc=1"><img src="https://m.media-amazon.com/images/I/31Bn-MyA62L._SL500_.jpg" alt="Product Image"></a><p>PH PandaHall 0.1mm Nylon String 100 Yards Beading Thread White Nylon Seed Bead Thread Bracelet Beading Thread Sewing String for Leather Stitching Beading Jewelry Bracelets Making</p><p>$7.99 ($0.03 / Foot)</p><a href="https://www.amazon.com/dp/B0C6MSY7QQ?tag=eloabder-20&linkCode=osi&th=1&psc=1">View Product</a></div>

<div class="product"><a href="https://www.amazon.com/dp/B07NMNDT1W?tag=eloabder-20&linkCode=osi&th=1&psc=1"><img src="https://m.media-amazon.com/images/I/41-zwQIcVcL._SL500_.jpg" alt="Product Image"></a><p>Howemon White Beeswax Pellets 2LB 100% Pure and Natural Triple Filtered for Skin, Face, Body and Hair Care DIY Creams, Lotions, Lip Balm and Soap Making Supplies</p><p>$13.99 ($0.44 / Fl Oz)</p><a href="https://www.amazon.com/dp/B07NMNDT1W?tag=eloabder-20&linkCode=osi&th=1&psc=1">View Product</a></div><div class="product"><a href="https://www.amazon.com/dp/B00B3U0FW4?tag=eloabder-20&linkCode=osi&th=1&psc=1"><img src="https://m.media-amazon.com/images/I/51rWFCST+TL._SL500_.jpg" alt="Product Image"></a><p>Beesworks Yellow Beeswax Pellets (1 lb) | 100% Pure, Cosmetic Grade, Triple-Filtered Beeswax for DIY Skin care, Lip Balm, Lotion, and Candle Making</p><p>$13.99 ($0.87 / Ounce)</p><a href="https://www.amazon.com/dp/B00B3U0FW4?tag=eloabder-20&linkCode=osi&th=1&psc=1">View Product</a></div><div class="product"><a href="https://www.amazon.com/dp/B01LWX2IO1?tag=eloabder-20&linkCode=osi&th=1&psc=1"><img src="https://m.media-amazon.com/images/I/41MlNqhDyCL._SL500_.jpg" alt="Product Image"></a><p>Beesworks Yellow Beeswax Bars (6 oz) | 100% Pure, Cosmetic Grade, Triple-Filtered Beeswax for DIY Skin Care, Lip Balm, Lotion and Candle Making (1 oz Bars - Pack of 6)</p><p>$6.99</p><a href="https://www.amazon.com/dp/B01LWX2IO1?tag=eloabder-20&linkCode=osi&th=1&psc=1">View Product</a></div><div class="product"><a href="https://www.amazon.com/dp/B0BV77F19N?tag=eloabder-20&linkCode=osi&th=1&psc=1"><img src="https://m.media-amazon.com/images/I/41xzHaO1-EL._SL500_.jpg" alt="Product Image"></a><p>Beeswax Pellets 10LB Cosmetic Beeswax Triple Filtered Beeswax Pastilles for Candle Making Great for DIY Projects Creams Lotions Lip Balm and Soap Making Supplies(10LB)</p><p>$32.99</p><a href="https://www.amazon.com/dp/B0BV77F19N?tag=eloabder-20&linkCode=osi&th=1&psc=1">View Product</a></div><div class="product"><a href="https://www.amazon.com/dp/B0C9QSG3CY?tag=eloabder-20&linkCode=osi&th=1&psc=1"><img src="https://m.media-amazon.com/images/I/414XQcU6SRL._SL500_.jpg" alt="Product Image"></a><p>YASNAY White Beeswax Pellets 2LB, 100% Organic Beeswax, Beeswax for Candle Making, Body, Skin Care DIY, Lip Balm and Soap Making Supplies</p><p>$11.99</p><a href="https://www.amazon.com/dp/B0C9QSG3CY?tag=eloabder-20&linkCode=osi&th=1&psc=1">View Product</a></div><div class="product"><a href="https://www.amazon.com/dp/B097HTC4WN?tag=eloabder-20&linkCode=osi&th=1&psc=1"><img src="https://m.media-amazon.com/images/I/51pwMM7C6-L._SL500_.jpg" alt="Product Image"></a><p>Eco Lux 8 Yellow Beeswax Blocks 100% Pure Natural Organic Bees Wax 6.5oz</p><p>$8.49 ($1.35 / Ounce)</p><a href="https://www.amazon.com/dp/B097HTC4WN?tag=eloabder-20&linkCode=osi&th=1&psc=1">View Product</a></div><div class="product"><a href="https://www.amazon.com/dp/B00HDHQQCE?tag=eloabder-20&linkCode=osi&th=1&psc=1"><img src="https://m.media-amazon.com/images/I/41vF-7MwNhL._SL500_.jpg" alt="Product Image"></a><p>Murray's 100% Pure Beeswax 4 oz</p><p>$5.98 ($1.50 / Ounce)</p><a href="https://www.amazon.com/dp/B00HDHQQCE?tag=eloabder-20&linkCode=osi&th=1&psc=1">View Product</a></div><div class="product"><a href="https://www.amazon.com/dp/B09YM8JTLM?tag=eloabder-20&linkCode=osi&th=1&psc=1"><img src="https://m.media-amazon.com/images/I/41cjNuBnFEL._SL500_.jpg" alt="Product Image"></a><p>TRINIDa Beeswax Pellets 2LB(32 oz), 100% Organic Yellow Bees Wax for DIY Candles, Beeswax for Candle Making, Skin, Body, Face, and Hair Care, Lotions, DIY Creams, Lip Balm and Soap Making Supplies</p><p>$11.99</p><a href="https://www.amazon.com/dp/B09YM8JTLM?tag=eloabder-20&linkCode=osi&th=1&psc=1">View Product</a></div><div class="product"><a href="https://www.amazon.com/dp/B00F3CNMV4?tag=eloabder-20&linkCode=osi&th=1&psc=1"><img src="https://m.media-amazon.com/images/I/31pjrRAEa4L._SL500_.jpg" alt="Product Image"></a><p>Stakich Yellow Beeswax Block - Natural, Triple Filtered - 1 Pound, Honey Scent</p><p>$13.95 ($0.87 / Ounce)</p><a href="https://www.amazon.com/dp/B00F3CNMV4?tag=eloabder-20&linkCode=osi&th=1&psc=1">View Product</a></div><div class="product"><a href="https://www.amazon.com/dp/B0BXFZBZS9?tag=eloabder-20&linkCode=osi&th=1&psc=1"><img src="https://m.media-amazon.com/images/I/4178i9IB9KL._SL500_.jpg" alt="Product Image"></a><p>5LB Beeswax Pellets Beeswax for Candle Making Organic Beeswax Pellets for Skin Beeswax Beads Beeswax Bulk Beeswax for Lotion Making Organic for DIY and Craft Project</p><p>$22.99</p><a href="https://www.amazon.com/dp/B0BXFZBZS9?tag=eloabder-20&linkCode=osi&th=1&psc=1">View Product</a></div>
<div class="product"><a href="https://www.amazon.com/dp/B0052F1BVK?tag=eloabder-20&linkCode=osi&th=1&psc=1"><img src="https://m.media-amazon.com/images/I/41zE9eiGoLL._SL500_.jpg" alt="Product Image"></a><p>ACC Staples Large Binder Clips, 2" Width, 1" Capacity, Black, 12/Pk</p><p>$6.30</p><a href="https://www.amazon.com/dp/B0052F1BVK?tag=eloabder-20&linkCode=osi&th=1&psc=1">View Product</a></div><div class="product"><a href="https://www.amazon.com/dp/B07MLFR771?tag=eloabder-20&linkCode=osi&th=1&psc=1"><img src="https://m.media-amazon.com/images/I/51N2wxA7N0L._SL500_.jpg" alt="Product Image"></a><p>CooBigo 50 Pack Binder Ring, Metal Book Ring Paper Ring Holder 5/8-Inch Loose Leaf Binder Ring Clip for Index Card, Flash Card Ring, Card Calendar, Keychain Key Ring - Bronze</p><p>$6.99</p><a href="https://www.amazon.com/dp/B07MLFR771?tag=eloabder-20&linkCode=osi&th=1&psc=1">View Product</a></div><div class="product"><a href="https://www.amazon.com/dp/B01563NHGY?tag=eloabder-20&linkCode=osi&th=1&psc=1"><img src="https://m.media-amazon.com/images/I/41gj+0ZftqL._SL500_.jpg" alt="Product Image"></a><p>vanki Pack of 40 Cute Lovely Smiling Face Spring-Loaded File Organizer Paper Holder Metal Binder Clips, Assorted Color</p><p>$8.99</p><a href="https://www.amazon.com/dp/B01563NHGY?tag=eloabder-20&linkCode=osi&th=1&psc=1">View Product</a></div><div class="product"><a href="https://www.amazon.com/dp/B000GOUDSO?tag=eloabder-20&linkCode=osi&th=1&psc=1"><img src="https://m.media-amazon.com/images/I/41ZANISHgML._SL500_.jpg" alt="Product Image"></a><p>Small Binder Clips .75" 8/Pkg-Assorted Colors</p><p>$4.46</p><a href="https://www.amazon.com/dp/B000GOUDSO?tag=eloabder-20&linkCode=osi&th=1&psc=1">View Product</a></div>
<div class="product"><a href="https://www.amazon.com/dp/B07PRPX4VR?tag=eloabder-20&linkCode=osi&th=1&psc=1"><img src="https://m.media-amazon.com/images/I/41IMH12fdPL._SL500_.jpg" alt="Product Image"></a><p>Durable Sheet Lifters, Durable Easy Flow, 11" x 3", Lifts Sheets Over Rings and Protects Sheets from Tearing, Fit Standard 3-Ring Binders, Black (20 Pack)</p><p>$14.99</p><a href="https://www.amazon.com/dp/B07PRPX4VR?tag=eloabder-20&linkCode=osi&th=1&psc=1">View Product</a></div><div class="product"><a href="https://www.amazon.com/dp/B0CM8QJHFW?tag=eloabder-20&linkCode=osi&th=1&psc=1"><img src="https://m.media-amazon.com/images/I/31cJGS74oCL._SL500_.jpg" alt="Product Image"></a><p>Wantane D-Shaped Tape Storage Ring Tape Storage Ring 4" D-Shaped Washi Tape Storage Ring for DIY Decoration and Storage（Nickel）-2PCS</p><p>$7.99</p><a href="https://www.amazon.com/dp/B0CM8QJHFW?tag=eloabder-20&linkCode=osi&th=1&psc=1">View Product</a></div>
<div class="product"><a href="https://www.amazon.com/dp/B00006IAS3?tag=eloabder-20&linkCode=osi&th=1&psc=1"><img src="https://m.media-amazon.com/images/I/317DvSXhT1L._SL500_.jpg" alt="Product Image"></a><p>GBC Binding System, Manual, Desktop Binding Punch, 6 Sheet Punch Capacity, ProClick P50 (2515650)</p><p>$123.89</p><a href="https://www.amazon.com/dp/B00006IAS3?tag=eloabder-20&linkCode=osi&th=1&psc=1">View Product</a></div><div class="product"><a href="https://www.amazon.com/dp/B004BP81KQ?tag=eloabder-20&linkCode=osi&th=1&psc=1"><img src="https://m.media-amazon.com/images/I/51SqfeZ12KL._SL500_.jpg" alt="Product Image"></a><p>We R Memory Keepers Cinch Book Binding Wire (1-Inch, Silver (2 Pack))</p><p>$5.99</p><a href="https://www.amazon.com/dp/B004BP81KQ?tag=eloabder-20&linkCode=osi&th=1&psc=1">View Product</a></div>

<div class="product"><a href="https://www.amazon.com/dp/B0007ZJ8TM?tag=eloabder-20&linkCode=osi&th=1&psc=1"><img src="https://m.media-amazon.com/images/I/41i49sz3UAL._SL500_.jpg" alt="Product Image"></a><p>Speedball Super Black India Ink, 2-Ounce</p><p>$9.99 ($9.99 / Count)</p><a href="https://www.amazon.com/dp/B0007ZJ8TM?tag=eloabder-20&linkCode=osi&th=1&psc=1">View Product</a></div><div class="product"><a href="https://www.amazon.com/dp/B0026I10AI?tag=eloabder-20&linkCode=osi&th=1&psc=1"><img src="https://m.media-amazon.com/images/I/31vklP4uBsL._SL500_.jpg" alt="Product Image"></a><p>Dr. Ph. Martin's Bombay India (7BY) Ink Bottle, 1.0 oz, Black</p><p>$6.99</p><a href="https://www.amazon.com/dp/B0026I10AI?tag=eloabder-20&linkCode=osi&th=1&psc=1">View Product</a></div><div class="product"><a href="https://www.amazon.com/dp/B000KNP96C?tag=eloabder-20&linkCode=osi&th=1&psc=1"><img src="https://m.media-amazon.com/images/I/51e9srYtG0L._SL500_.jpg" alt="Product Image"></a><p>Winsor & Newton Drawing Ink, 14ml Bottle, Black Indian</p><p>$10.99</p><a href="https://www.amazon.com/dp/B000KNP96C?tag=eloabder-20&linkCode=osi&th=1&psc=1">View Product</a></div><div class="product"><a href="https://www.amazon.com/dp/B07BQG5QF4?tag=eloabder-20&linkCode=osi&th=1&psc=1"><img src="https://m.media-amazon.com/images/I/41nEMDYZaiL._SL500_.jpg" alt="Product Image"></a><p>Speedball Super Black India Ink, 16-Ounce</p><p>$19.99</p><a href="https://www.amazon.com/dp/B07BQG5QF4?tag=eloabder-20&linkCode=osi&th=1&psc=1">View Product</a></div><div class="product"><a href="https://www.amazon.com/dp/B001038NLY?tag=eloabder-20&linkCode=osi&th=1&psc=1"><img src="https://m.media-amazon.com/images/I/418i4sxJJ0L._SL500_.jpg" alt="Product Image"></a><p>Speedball Fabric Screen Printing Ink, 8-Ounce, Black for T-Shirt and Silkscreen Printmaking</p><p>$12.99 ($1.62 / Fl Oz)</p><a href="https://www.amazon.com/dp/B001038NLY?tag=eloabder-20&linkCode=osi&th=1&psc=1">View Product</a></div><div class="product"><a href="https://www.amazon.com/dp/B00161OPSA?tag=eloabder-20&linkCode=osi&th=1&psc=1"><img src="https://m.media-amazon.com/images/I/41C32y3CJAL._SL500_.jpg" alt="Product Image"></a><p>Tsukineko VersaFine inkpad, Full-Size, Onyx Black</p><p>$4.99 ($4.99 / Count)</p><a href="https://www.amazon.com/dp/B00161OPSA?tag=eloabder-20&linkCode=osi&th=1&psc=1">View Product</a></div>
<div class="product"><a href="https://www.amazon.com/dp/B07Q4TJCDJ?tag=eloabder-20&linkCode=osi&th=1&psc=1"><img src="https://m.media-amazon.com/images/I/315HYvYg-BL._SL500_.jpg" alt="Product Image"></a><p>Primbeeks 300pcs Blank Business Cards, Premium Blank White Cards, 3.5" x 2.2" Small Blank Cards, Blank Cardstock Cards, Small Note Cards, white blank cards, white business cards, kraft paper cards</p><p>$7.99</p><a href="https://www.amazon.com/dp/B07Q4TJCDJ?tag=eloabder-20&linkCode=osi&th=1&psc=1">View Product</a></div><div class="product"><a href="https://www.amazon.com/dp/B0CRGHFLT8?tag=eloabder-20&linkCode=osi&th=1&psc=1"><img src="https://m.media-amazon.com/images/I/41S1NLpb8hL._SL500_.jpg" alt="Product Image"></a><p>Watercolor Cards and Envelopes Set - 50 Folded 5x7 Inch Blank Heavyweight Paper Cards (140lb/300gsm) with Matching Envelopes for DIY Greeting Cards, Festivals, and Events</p><p>$17.99 ($0.36 / Count)</p><a href="https://www.amazon.com/dp/B0CRGHFLT8?tag=eloabder-20&linkCode=osi&th=1&psc=1">View Product</a></div><div class="product"><a href="https://www.amazon.com/dp/B08MX4TZ3H?tag=eloabder-20&linkCode=osi&th=1&psc=1"><img src="https://m.media-amazon.com/images/I/41D2u4vdLQL._SL500_.jpg" alt="Product Image"></a><p>50 Pack Blank Kraft Cards Cardstock Thick Paper Brown Greeting Cards for DIY Gift Card Menus, Baby Shower and Wedding Invitations (Multicolored, 5x7IN)</p><p>$8.99</p><a href="https://www.amazon.com/dp/B08MX4TZ3H?tag=eloabder-20&linkCode=osi&th=1&psc=1">View Product</a></div><div class="product"><a href="https://www.amazon.com/dp/B08BDGGVMK?tag=eloabder-20&linkCode=osi&th=1&psc=1"><img src="https://m.media-amazon.com/images/I/41W-dTUoBqL._SL500_.jpg" alt="Product Image"></a><p>100pcs 3.54"x2" Blank Kraft Paper Business Card, Words Message Notes paper Tags, Mini Craft Cardboard Festival gifts - 6 colors</p><p>$5.98</p><a href="https://www.amazon.com/dp/B08BDGGVMK?tag=eloabder-20&linkCode=osi&th=1&psc=1">View Product</a></div><div class="product"><a href="https://www.amazon.com/dp/B08BFDJJ78?tag=eloabder-20&linkCode=osi&th=1&psc=1"><img src="https://m.media-amazon.com/images/I/61LZ1Csb+dL._SL500_.jpg" alt="Product Image"></a><p>Nettbe 100pcs 3.54"x2" Blank Kraft Paper Business Card, Words Message Notes paper Tags, Mini Craft Cardboard Festival gifts</p><p>$5.99</p><a href="https://www.amazon.com/dp/B08BFDJJ78?tag=eloabder-20&linkCode=osi&th=1&psc=1">View Product</a></div><div class="product"><a href="https://www.amazon.com/dp/B07Q8YBJM3?tag=eloabder-20&linkCode=osi&th=1&psc=1"><img src="https://m.media-amazon.com/images/I/31w6U4cCqEL._SL500_.jpg" alt="Product Image"></a><p>Primbeeks 228pcs Blank Business Cards, Premium Blank White Cards, 3.5" x 2.2" Small Blank Cards, Blank Cardstock Cards, Small Note Cards, white blank cards, white business cards, kraft paper cards</p><p>$5.99</p><a href="https://www.amazon.com/dp/B07Q8YBJM3?tag=eloabder-20&linkCode=osi&th=1&psc=1">View Product</a></div><div class="product"><a href="https://www.amazon.com/dp/B08X4Z9TGN?tag=eloabder-20&linkCode=osi&th=1&psc=1"><img src="https://m.media-amazon.com/images/I/41Jqhe35tDL._SL500_.jpg" alt="Product Image"></a><p>321Done Blank Rustic Cards, Made in USA - 4x6 Thick, Heavy Cardstock - Make Invites, Greeting, Note, Thank You Cards - Plain Kraft for Writing, Stamping, Printing, Art - No Envelopes - Set of 50</p><p>$14.99</p><a href="https://www.amazon.com/dp/B08X4Z9TGN?tag=eloabder-20&linkCode=osi&th=1&psc=1">View Product</a></div><div class="product"><a href="https://www.amazon.com/dp/B0D2KDWBNM?tag=eloabder-20&linkCode=osi&th=1&psc=1"><img src="https://m.media-amazon.com/images/I/31dAhnBJ7aL._SL500_.jpg" alt="Product Image"></a><p>4x6 Blank White Cardstock (Set of 100) - Card Stock for Printer Postcards, Photo Paper Invitations, Greeting, Note, Thank You, DIY Making, Index Cards - Plain for Writing, Stamping, Printing, Art</p><p>$8.99</p><a href="https://www.amazon.com/dp/B0D2KDWBNM?tag=eloabder-20&linkCode=osi&th=1&psc=1">View Product</a></div><div class="product"><a href="https://www.amazon.com/dp/B0BB858RYN?tag=eloabder-20&linkCode=osi&th=1&psc=1"><img src="https://m.media-amazon.com/images/I/317zmriPKNL._SL500_.jpg" alt="Product Image"></a><p>WANDERINGS Handmade White Deckle Edge Blank Greeting Cards- Folded to 5x7” - Pack of 25 - Writers, Artists, Crafters - Thank Yous, Invitations, Menus, Greeting Cards, Notes - Thick 150 GSM</p><p>$21.99 ($0.88 / Count)</p><a href="https://www.amazon.com/dp/B0BB858RYN?tag=eloabder-20&linkCode=osi&th=1&psc=1">View Product</a></div><div class="product"><a href="https://www.amazon.com/dp/B0BZPPXRZW?tag=eloabder-20&linkCode=osi&th=1&psc=1"><img src="https://m.media-amazon.com/images/I/21Da-WQhrpL._SL500_.jpg" alt="Product Image"></a><p>100 Pack Thick Paper Cardstock Blank Heavy Cards Stock for Invitations, Greeting Cards Making, Postcards, Photos, 250GSM Thick Paper (White, 2x3.5 inches)</p><p>$5.99</p><a href="https://www.amazon.com/dp/B0BZPPXRZW?tag=eloabder-20&linkCode=osi&th=1&psc=1">View Product</a></div>
<div class="product"><a href="https://www.amazon.com/dp/B0BZRDQKH6?tag=eloabder-20&linkCode=osi&th=1&psc=1"><img src="https://m.media-amazon.com/images/I/41GYYRiusgL._SL500_.jpg" alt="Product Image"></a><p>feela 8 Pack Unlined Kraft Paper Notebooks, Blank Journal Note Pad for Drawing Writing, Small Sketchbook Travel Journal Bulk for Women Kids Students Office School Supplies, A5, 60 Pages, 8.3” X 5.5”</p><p>$9.99</p><a href="https://www.amazon.com/dp/B0BZRDQKH6?tag=eloabder-20&linkCode=osi&th=1&psc=1">View Product</a></div><div class="product"><a href="https://www.amazon.com/dp/B0BXLB74KK?tag=eloabder-20&linkCode=osi&th=1&psc=1"><img src="https://m.media-amazon.com/images/I/313vYzg7HpL._SL500_.jpg" alt="Product Image"></a><p>ZZTX 4 Pack Blank Kraft Notebooks, Blank Paper Sketchbooks for Drawing Doodling Writing,Travel Journal Set, A5, 36 Pages, 8.3” X 5.5”</p><p>$5.99</p><a href="https://www.amazon.com/dp/B0BXLB74KK?tag=eloabder-20&linkCode=osi&th=1&psc=1">View Product</a></div><div class="product"><a href="https://www.amazon.com/dp/B0BW5TNPXJ?tag=eloabder-20&linkCode=osi&th=1&psc=1"><img src="https://m.media-amazon.com/images/I/31Wu8UP78iL._SL500_.jpg" alt="Product Image"></a><p>EOOUT Kraft Notebooks, Blank Page Journals in Bulk, 16pcs A5, 8.3 X 5.5 Inches, 60 Pages, 80gsm, Travel Journal Set, for Art Camp, Travelers, Students and Office Supplies Sketchbooks Bulk for Kids</p><p>$15.99</p><a href="https://www.amazon.com/dp/B0BW5TNPXJ?tag=eloabder-20&linkCode=osi&th=1&psc=1">View Product</a></div><div class="product"><a href="https://www.amazon.com/dp/B08P3F46SD?tag=eloabder-20&linkCode=osi&th=1&psc=1"><img src="https://m.media-amazon.com/images/I/41jeBDcZJ1L._SL500_.jpg" alt="Product Image"></a><p>Krafty Soft Cover Blank Notebook Journal, Spiral Sketchbook Pad, Drawing Book, 60 Sheets/140gsm (A4)/120 Pages</p><p>$7.99</p><a href="https://www.amazon.com/dp/B08P3F46SD?tag=eloabder-20&linkCode=osi&th=1&psc=1">View Product</a></div><div class="product"><a href="https://www.amazon.com/dp/B0CWNPMC4T?tag=eloabder-20&linkCode=osi&th=1&psc=1"><img src="https://m.media-amazon.com/images/I/31BZeVGe6TL._SL500_.jpg" alt="Product Image"></a><p>zmybcpack 5 Pack Blank Journal Notebooks, Blank Paper Sketchbook for Drawing Writing, Travel Journal Notebook Kraft Paper Notebook for Travelers, Students, Office, A5, 8.26” x 5.5”, 60 Pages/30 Sheets</p><p>$8.99</p><a href="https://www.amazon.com/dp/B0CWNPMC4T?tag=eloabder-20&linkCode=osi&th=1&psc=1">View Product</a></div><div class="product"><a href="https://www.amazon.com/dp/B07WHYP9WN?tag=eloabder-20&linkCode=osi&th=1&psc=1"><img src="https://m.media-amazon.com/images/I/41ZhyCux1yL._SL500_.jpg" alt="Product Image"></a><p>Thick Blank Journal Notebook with Unlined / Unruled / Plain Pages | Deluxe 120gsm Ink Resistant Paper for Writing, Sketch Book, 160 Pages | Hardcover Sketchbook with Pen Holder, Pocket, Ribbon (Black)</p><p>$14.99</p><a href="https://www.amazon.com/dp/B07WHYP9WN?tag=eloabder-20&linkCode=osi&th=1&psc=1">View Product</a></div>
<div class="product"><a href="https://www.amazon.com/dp/B07MT7HKZW?tag=eloabder-20&linkCode=osi&th=1&psc=1"><img src="https://m.media-amazon.com/images/I/413JwH5JREL._SL500_.jpg" alt="Product Image"></a><p>Spiral Sketch Book Large Notebook（Built-in Drawing Board） Kraft Cover Blank Sketch Pad Wirebound Sketching for Drawing Painting 8.5x11-Inch (2 Pack) 200 Sheets, 100 Sheets, 200Pages Each</p><p>$17.99 ($9.00 / Count)</p><a href="https://www.amazon.com/dp/B07MT7HKZW?tag=eloabder-20&linkCode=osi&th=1&psc=1">View Product</a></div><div class="product"><a href="https://www.amazon.com/dp/B0BDQ82WB9?tag=eloabder-20&linkCode=osi&th=1&psc=1"><img src="https://m.media-amazon.com/images/I/51FoWr3GPwL._SL500_.jpg" alt="Product Image"></a><p>feela 170 Pack Blank Kraft Notebooks, Unlined Sketchbook Mini Cute Note Pad for Drawing Writing, Journal Bulk For Kids Students Office School Supplies, A6, 48 Pages, 4.25” X 5.5”, Black and Brown</p><p>$51.99</p><a href="https://www.amazon.com/dp/B0BDQ82WB9?tag=eloabder-20&linkCode=osi&th=1&psc=1">View Product</a></div><div class="product"><a href="https://www.amazon.com/dp/B0B3WWHWT2?tag=eloabder-20&linkCode=osi&th=1&psc=1"><img src="https://m.media-amazon.com/images/I/31m0FzXtPxL._SL500_.jpg" alt="Product Image"></a><p>Tamaki 6 Pack Colorful Blank Books for kids to Write, Drawing, Cute Sketchbook for Kid, 6 Colors (4.25 x 5.5 Inches)</p><p>$6.99</p><a href="https://www.amazon.com/dp/B0B3WWHWT2?tag=eloabder-20&linkCode=osi&th=1&psc=1">View Product</a></div>
<div class="product"><a href="https://www.amazon.com/dp/B0BGH2P9M6?tag=eloabder-20&linkCode=osi&th=1&psc=1"><img src="https://m.media-amazon.com/images/I/41ozOaYoHEL._SL500_.jpg" alt="Product Image"></a><p>EOOUT 100pcs A5 Kraft Notebooks, Blank Page Journals in Bulk, Sketchbooks Bulk for Kids, 60 Pages, 80GSM, 8.3 X 5.5 Inch, Travel Journal Set, for Art Camp, Travelers, Students and Office Supplies</p><p>$51.99</p><a href="https://www.amazon.com/dp/B0BGH2P9M6?tag=eloabder-20&linkCode=osi&th=1&psc=1">View Product</a></div><div class="product"><a href="https://www.amazon.com/dp/B07MT99F94?tag=eloabder-20&linkCode=osi&th=1&psc=1"><img src="https://m.media-amazon.com/images/I/41Ug7gpSWDL._SL500_.jpg" alt="Product Image"></a><p>Spiral Sketch Book Large Notebook（Built-in Drawing Board） Kraft Cover Blank Sketch Pad Wirebound Sketching for Drawing Painting 8.5x11-Inch (1 Pack) 200 Pages, 100 Sheets</p><p>$9.99</p><a href="https://www.amazon.com/dp/B07MT99F94?tag=eloabder-20&linkCode=osi&th=1&psc=1">View Product</a></div><div class="product"><a href="https://www.amazon.com/dp/B07CM32KLM?tag=eloabder-20&linkCode=osi&th=1&psc=1"><img src="https://m.media-amazon.com/images/I/41ENhBLE9DL._SL500_.jpg" alt="Product Image"></a><p>Kraft Cover Drawing Notebook & Sketchbook – Set of 2 Blank Plain Sketch Books – 125g Thick Paper A5 Size, 150x210mm Paper Ideal for Drawing & Sketching- 128 sheets/256 pages – 180 Degree Opening, 2pcs</p><p>$20.99 ($0.08 / Count)</p><a href="https://www.amazon.com/dp/B07CM32KLM?tag=eloabder-20&linkCode=osi&th=1&psc=1">View Product</a></div><div class="product"><a href="https://www.amazon.com/dp/B08ZLMLF7C?tag=eloabder-20&linkCode=osi&th=1&psc=1"><img src="https://m.media-amazon.com/images/I/41X-5yj83vL._SL500_.jpg" alt="Product Image"></a><p>BEECHMORE BOOKS Sketch Book, A4 8.5 x 11.5 inch Blank Sketchbook for Drawing, Paint and Draw, 156 Pages Thick Paper 160gsm, Hardcover Leather Art Notebook, Boxed for Gifts (Chestnut Brown)</p><p>$21.20</p><a href="https://www.amazon.com/dp/B08ZLMLF7C?tag=eloabder-20&linkCode=osi&th=1&psc=1">View Product</a></div>
<div class="product"><a href="https://www.amazon.com/dp/B075M9MSFH?tag=eloabder-20&linkCode=osi&th=1&psc=1"><img src="https://m.media-amazon.com/images/I/51x+szTX6TL._SL500_.jpg" alt="Product Image"></a><p>Bianyo Bleedproof Marker Paper Pad, A4(8.27"X11.69"), 50 Sheets, 18 LB / 70 GSM, Glue-Bound, 100% Cotton, White, Ideal for Use with Markers and Ink Mediums</p><p>$9.99</p><a href="https://www.amazon.com/dp/B075M9MSFH?tag=eloabder-20&linkCode=osi&th=1&psc=1">View Product</a></div><div class="product"><a href="https://www.amazon.com/dp/B08FX5S2NL?tag=eloabder-20&linkCode=osi&th=1&psc=1"><img src="https://m.media-amazon.com/images/I/41CA0ZfazKL._SL500_.jpg" alt="Product Image"></a><p>Marker Paper Sketchbook, Bleedproof Art Marker Pad, (8.27 X 11.69) Inch, White, 40 Sheets</p><p>$6.99</p><a href="https://www.amazon.com/dp/B08FX5S2NL?tag=eloabder-20&linkCode=osi&th=1&psc=1">View Product</a></div><div class="product"><a href="https://www.amazon.com/dp/B0CJRBFSJ8?tag=eloabder-20&linkCode=osi&th=1&psc=1"><img src="https://m.media-amazon.com/images/I/51DLA8TpwEL._SL500_.jpg" alt="Product Image"></a><p>Shuttle Art Marker Pad, 8.3”x8.9” Portable Square Sketchbook, 80 Sheets Marker Drawing Paper, 120LB/200GSM Bleedproof Art Paper, Spiral-Bound, Great for Professional Artist to Draw, Paint & Sketch</p><p>$16.99</p><a href="https://www.amazon.com/dp/B0CJRBFSJ8?tag=eloabder-20&linkCode=osi&th=1&psc=1">View Product</a></div><div class="product"><a href="https://www.amazon.com/dp/B09N7VX5Z5?tag=eloabder-20&linkCode=osi&th=1&psc=1"><img src="https://m.media-amazon.com/images/I/51xCPs9HZyL._SL500_.jpg" alt="Product Image"></a><p>Marker Paper Sketchbook - Marker Sketchbook with Bleedproof Smooth Coated Art Paper, 120 GSM 80 LBS - Marker Pad for Alcohol Markers, Sketching, Drawing - 8.11 x 8.5 Inch | 50 Sheets, 2 Pack</p><p>$15.99 ($8.00 / Count)</p><a href="https://www.amazon.com/dp/B09N7VX5Z5?tag=eloabder-20&linkCode=osi&th=1&psc=1">View Product</a></div><div class="product"><a href="https://www.amazon.com/dp/B07CK94W9T?tag=eloabder-20&linkCode=osi&th=1&psc=1"><img src="https://m.media-amazon.com/images/I/41ocoSNDjdL._SL500_.jpg" alt="Product Image"></a><p>BOXUN Premium 50 Sheets Sketch Marker Paper Pad, Bleedproof Artist Drawing Paper, 8.27 x 11.69 Inch</p><p>$8.29 ($0.17 / Count)</p><a href="https://www.amazon.com/dp/B07CK94W9T?tag=eloabder-20&linkCode=osi&th=1&psc=1">View Product</a></div><div class="product"><a href="https://www.amazon.com/dp/B0CPXWD11W?tag=eloabder-20&linkCode=osi&th=1&psc=1"><img src="https://m.media-amazon.com/images/I/51ApKzpDVNL._SL500_.jpg" alt="Product Image"></a><p>FEITAKE Marker Paper Pad Sketchbook Bleedproof for Alcohol Markers 120lb/200gsm Double Sided Thick Art Drawing Papers 60pages (30Sheets) / A4(8.3"x11.7") Gift for Artists Students Kids</p><p>$13.99 ($0.47 / Count)</p><a href="https://www.amazon.com/dp/B0CPXWD11W?tag=eloabder-20&linkCode=osi&th=1&psc=1">View Product</a></div><div class="product"><a href="https://www.amazon.com/dp/B0025TWYW6?tag=eloabder-20&linkCode=osi&th=1&psc=1"><img src="https://m.media-amazon.com/images/I/51t6UkUHCvL._SL500_.jpg" alt="Product Image"></a><p>Bee Paper Bleedproof Marker Pack, 8-1/2-Inch by 11-Inch, 50 Sheets per Pack</p><p>$17.09 ($0.34 / Count)</p><a href="https://www.amazon.com/dp/B0025TWYW6?tag=eloabder-20&linkCode=osi&th=1&psc=1">View Product</a></div><div class="product"><a href="https://www.amazon.com/dp/B0CJRBYYQB?tag=eloabder-20&linkCode=osi&th=1&psc=1"><img src="https://m.media-amazon.com/images/I/41knBnjZ25L._SL500_.jpg" alt="Product Image"></a><p>Shuttle Art Marker Pad, 8.3”x7.67” Portable Square Sketchbook, 50 Sheets Marker Drawing Paper, 60LB/90GSM Smooth Surface Bleedproof Art Paper, Glue-Bound, Great for Beginners to Draw, Paint & Sketch</p><p>$8.99 ($0.18 / Count)</p><a href="https://www.amazon.com/dp/B0CJRBYYQB?tag=eloabder-20&linkCode=osi&th=1&psc=1">View Product</a></div>
<div class="product"><a href="https://www.amazon.com/dp/B00881IU8M?tag=eloabder-20&linkCode=osi&th=1&psc=1"><img src="https://m.media-amazon.com/images/I/41hbSgdLBtL._SL500_.jpg" alt="Product Image"></a><p>Speedball Fabric & Paper Block Printing Ink 6-Color Set, 1.25-Ounce x 6</p><p>$28.99 ($28.99 / Count)</p><a href="https://www.amazon.com/dp/B00881IU8M?tag=eloabder-20&linkCode=osi&th=1&psc=1">View Product</a></div><div class="product"><a href="https://www.amazon.com/dp/B000J09PFM?tag=eloabder-20&linkCode=osi&th=1&psc=1"><img src="https://m.media-amazon.com/images/I/51yPRc4nvoL._SL500_.jpg" alt="Product Image"></a><p>Speedball Water-Soluble Block Printing Ink Starter Set, 6 Bold Colors with Satin Finish, 1.25-Ounce Tubes</p><p>$29.99 ($4.00 / Fl Oz)</p><a href="https://www.amazon.com/dp/B000J09PFM?tag=eloabder-20&linkCode=osi&th=1&psc=1">View Product</a></div><div class="product"><a href="https://www.amazon.com/dp/B000BYT24U?tag=eloabder-20&linkCode=osi&th=1&psc=1"><img src="https://m.media-amazon.com/images/I/51pDlo+LlKL._SL500_.jpg" alt="Product Image"></a><p>Speedball Water-Soluble Block Printing Ink, 8-Ounce Jar, Black</p><p>$14.49</p><a href="https://www.amazon.com/dp/B000BYT24U?tag=eloabder-20&linkCode=osi&th=1&psc=1">View Product</a></div><div class="product"><a href="https://www.amazon.com/dp/B00C1JUJWW?tag=eloabder-20&linkCode=osi&th=1&psc=1"><img src="https://m.media-amazon.com/images/I/41zDtJ6f5hL._SL500_.jpg" alt="Product Image"></a><p>Speedball Fabric Block Printing Ink, 2.5-Ounce, Black</p><p>$9.99 ($4.00 / Fl Oz)</p><a href="https://www.amazon.com/dp/B00C1JUJWW?tag=eloabder-20&linkCode=osi&th=1&psc=1">View Product</a></div><div class="product"><a href="https://www.amazon.com/dp/B004PZ1ZJG?tag=eloabder-20&linkCode=osi&th=1&psc=1"><img src="https://m.media-amazon.com/images/I/41+GkhhpR5L._SL500_.jpg" alt="Product Image"></a><p>Speedball Water-Soluble Block Printing Ink Starter Set, 4-Color Set, 1.25-Ounce Tubes</p><p>$20.99</p><a href="https://www.amazon.com/dp/B004PZ1ZJG?tag=eloabder-20&linkCode=osi&th=1&psc=1">View Product</a></div><div class="product"><a href="https://www.amazon.com/dp/B0017CZF3C?tag=eloabder-20&linkCode=osi&th=1&psc=1"><img src="https://m.media-amazon.com/images/I/41S17SYPAZL._SL500_.jpg" alt="Product Image"></a><p>Speedball Water Soluble Block Printing Ink, Black, 2-1/2 Ounces - 380663</p><p>$9.99</p><a href="https://www.amazon.com/dp/B0017CZF3C?tag=eloabder-20&linkCode=osi&th=1&psc=1">View Product</a></div><div class="product"><a href="https://www.amazon.com/dp/B0BXNX8FSH?tag=eloabder-20&linkCode=osi&th=1&psc=1"><img src="https://m.media-amazon.com/images/I/51JGm1VxVOL._SL500_.jpg" alt="Product Image"></a><p>Falling in Art Water-Soluble Block Printing Ink, 6-Color Printmaking Ink Set for Linoleum Block, 3.5 floz</p><p>$28.99</p><a href="https://www.amazon.com/dp/B0BXNX8FSH?tag=eloabder-20&linkCode=osi&th=1&psc=1">View Product</a></div><div class="product"><a href="https://www.amazon.com/dp/B0027ACJBO?tag=eloabder-20&linkCode=osi&th=1&psc=1"><img src="https://m.media-amazon.com/images/I/41OzayB9ojL._SL500_.jpg" alt="Product Image"></a><p>Speedball 3476 Oil-Based Block Printing Ink Starter Set for Professional, Permanent Prints AP Certified – 1.25 FL OZ Tubes</p><p>$33.99</p><a href="https://www.amazon.com/dp/B0027ACJBO?tag=eloabder-20&linkCode=osi&th=1&psc=1">View Product</a></div>
<div class="product"><a href="https://www.amazon.com/dp/B0027AGDWK?tag=eloabder-20&linkCode=osi&th=1&psc=1"><img src="https://m.media-amazon.com/images/I/515LDer6GPL._SL500_.jpg" alt="Product Image"></a><p>Speedball Deluxe Block Printing Kit - Includes Inks, Brayer, Bench Hook, Lino Handle and Cutters, Speedy-Carve Block, Mounted Linoleum Block</p><p>$59.99</p><a href="https://www.amazon.com/dp/B0027AGDWK?tag=eloabder-20&linkCode=osi&th=1&psc=1">View Product</a></div><div class="product"><a href="https://www.amazon.com/dp/B07ZJBZN5S?tag=eloabder-20&linkCode=osi&th=1&psc=1"><img src="https://m.media-amazon.com/images/I/41UbN58y9uS._SL500_.jpg" alt="Product Image"></a><p>SGHUO 12pcs 4"x6" Pink Rubber Carving Blocks Linoleum Block Stamp Making Kit</p><p>$22.99 ($1.92 / Count)</p><a href="https://www.amazon.com/dp/B07ZJBZN5S?tag=eloabder-20&linkCode=osi&th=1&psc=1">View Product</a></div>
<div class="product"><a href="https://www.amazon.com/dp/B00L2DYUM8?tag=eloabder-20&linkCode=osi&th=1&psc=1"><img src="https://m.media-amazon.com/images/I/51l5FZ0+5AL._SL500_.jpg" alt="Product Image"></a><p>Strathmore 300 Series Printmaking Paper Pad, Glue Bound, 5x7 inches, 40 Sheets (120g) - Artist Paper for Adults and Students - Block Printing, Linocut, Screen Printing, White</p><p>$7.26</p><a href="https://www.amazon.com/dp/B00L2DYUM8?tag=eloabder-20&linkCode=osi&th=1&psc=1">View Product</a></div><div class="product"><a href="https://www.amazon.com/dp/B07BSYS5XC?tag=eloabder-20&linkCode=osi&th=1&psc=1"><img src="https://m.media-amazon.com/images/I/51Uwfq0jv+L._SL500_.jpg" alt="Product Image"></a><p>Ucreate Printmaking Paper, 9"x12", White, 100 Sheet, P9001</p><p>$9.79</p><a href="https://www.amazon.com/dp/B07BSYS5XC?tag=eloabder-20&linkCode=osi&th=1&psc=1">View Product</a></div><div class="product"><a href="https://www.amazon.com/dp/B00K5562WA?tag=eloabder-20&linkCode=osi&th=1&psc=1"><img src="https://m.media-amazon.com/images/I/51Dm+TeJGdL._SL500_.jpg" alt="Product Image"></a><p>Strathmore Printmaking Paper Pad 8"X10"-20 Sheets -62433800, White</p><p>$10.19</p><a href="https://www.amazon.com/dp/B00K5562WA?tag=eloabder-20&linkCode=osi&th=1&psc=1">View Product</a></div><div class="product"><a href="https://www.amazon.com/dp/B001DNH8I0?tag=eloabder-20&linkCode=osi&th=1&psc=1"><img src="https://m.media-amazon.com/images/I/51UzoKdUojL._SL500_.jpg" alt="Product Image"></a><p>Black Ink 9-Inch by 12-Inch Bleached Mulberry Block Printing Paper, 25-Pack</p><p>$19.35 ($0.77 / Count)</p><a href="https://www.amazon.com/dp/B001DNH8I0?tag=eloabder-20&linkCode=osi&th=1&psc=1">View Product</a></div><div class="product"><a href="https://www.amazon.com/dp/B00C6G6L5Y?tag=eloabder-20&linkCode=osi&th=1&psc=1"><img src="https://m.media-amazon.com/images/I/5103h0Rm8sL._SL500_.jpg" alt="Product Image"></a><p>Black Ink Thai Mulberry Block Printing Paper Packs small assorted colors</p><p>$21.99</p><a href="https://www.amazon.com/dp/B00C6G6L5Y?tag=eloabder-20&linkCode=osi&th=1&psc=1">View Product</a></div>
<div class="product"><a href="https://www.amazon.com/dp/B003IG27OK?tag=eloabder-20&linkCode=osi&th=1&psc=1"><img src="https://m.media-amazon.com/images/I/416NUaYo1DL._SL500_.jpg" alt="Product Image"></a><p>Speedball Block Printing Baren - Comfortable Wooden Handle, Made in the USA - 4 Inches</p><p>$29.49</p><a href="https://www.amazon.com/dp/B003IG27OK?tag=eloabder-20&linkCode=osi&th=1&psc=1">View Product</a></div>
<div class="product"><a href="https://www.amazon.com/dp/B0CMZYY8CJ?tag=eloabder-20&linkCode=osi&th=1&psc=1"><img src="https://m.media-amazon.com/images/I/41TifSIP7SL._SL500_.jpg" alt="Product Image"></a><p>Ecoofor Blotting Paper for Flower Press, 20 Sheets Highly Absorbent and Reusable Blotter Paper for Flower Press Paper Craft 9 x 9 inch</p><p>$9.99</p><a href="https://www.amazon.com/dp/B0CMZYY8CJ?tag=eloabder-20&linkCode=osi&th=1&psc=1">View Product</a></div><div class="product"><a href="https://www.amazon.com/dp/B0CYRT3RM4?tag=eloabder-20&linkCode=osi&th=1&psc=1"><img src="https://m.media-amazon.com/images/I/31+qvVq3giL._SL500_.jpg" alt="Product Image"></a><p>Hygge & Sage Premium Natural Fiber Blotting Paper for Flower Press Art; 20 Large Sheets for a Press up to 8x11 Inches; Absorbent, Versatile, and Acid-Free Reusable Blotter Paper for Flower Pressing</p><p>$9.50 ($0.48 / Count)</p><a href="https://www.amazon.com/dp/B0CYRT3RM4?tag=eloabder-20&linkCode=osi&th=1&psc=1">View Product</a></div><div class="product"><a href="https://www.amazon.com/dp/B0D41GDLHM?tag=eloabder-20&linkCode=osi&th=1&psc=1"><img src="https://m.media-amazon.com/images/I/41LIF5dHXaL._SL500_.jpg" alt="Product Image"></a><p>Aboofx 20 Sheets Blotting Paper for Flower Press, 15" x 10" Extra Large Highly Absorbent Blotter Paper for Flower Press Reusable Herbarium Paper Craft Blotter Paper Sheets</p><p>$19.99</p><a href="https://www.amazon.com/dp/B0D41GDLHM?tag=eloabder-20&linkCode=osi&th=1&psc=1">View Product</a></div><div class="product"><a href="https://www.amazon.com/dp/B0CQMMYSBR?tag=eloabder-20&linkCode=osi&th=1&psc=1"><img src="https://m.media-amazon.com/images/I/413SlUi6IDL._SL500_.jpg" alt="Product Image"></a><p>Wisreach Blotting Paper for Flower Press, 20 Sheets Flower Press Paper Highly Absorbent and Reusable Blotter Paper for Flower Art A4 Size 8.26 x 11.4 inch</p><p>$9.99</p><a href="https://www.amazon.com/dp/B0CQMMYSBR?tag=eloabder-20&linkCode=osi&th=1&psc=1">View Product</a></div><div class="product"><a href="https://www.amazon.com/dp/B093FQ22PG?tag=eloabder-20&linkCode=osi&th=1&psc=1"><img src="https://m.media-amazon.com/images/I/41B2jXhe+QL._SL500_.jpg" alt="Product Image"></a><p>Blotting Paper for Flower Press by Berstuk® • Large A4 Flower Press Paper • Highly Absorbent and Reusable Herbarium Paper • Pack of 10 Blotter Paper Sheets</p><p>$6.99 ($69.90 / 100 Sheets)</p><a href="https://www.amazon.com/dp/B093FQ22PG?tag=eloabder-20&linkCode=osi&th=1&psc=1">View Product</a></div><div class="product"><a href="https://www.amazon.com/dp/B0C6PW4VGB?tag=eloabder-20&linkCode=osi&th=1&psc=1"><img src="https://m.media-amazon.com/images/I/21C64VB3iVL._SL500_.jpg" alt="Product Image"></a><p>PATIKIL 16"x12" Flower Press Paper, 1 Set/30 Sheet Refill Lining Blotter Paper Absorbent Reusable Blotting Paper for DIY Art Handicraft Scrapbook</p><p>$11.19</p><a href="https://www.amazon.com/dp/B0C6PW4VGB?tag=eloabder-20&linkCode=osi&th=1&psc=1">View Product</a></div><div class="product"><a href="https://www.amazon.com/dp/B0C6PTK915?tag=eloabder-20&linkCode=osi&th=1&psc=1"><img src="https://m.media-amazon.com/images/I/21UviFCGjtL._SL500_.jpg" alt="Product Image"></a><p>PATIKIL 12"x8" Flower Press Paper, 2 Set/60 Sheet Refill Lining Blotter Paper Absorbent Reusable Blotting Paper for DIY Art Handicraft Scrapbook</p><p>$13.69</p><a href="https://www.amazon.com/dp/B0C6PTK915?tag=eloabder-20&linkCode=osi&th=1&psc=1">View Product</a></div><div class="product"><a href="https://www.amazon.com/dp/B0CDJZ4MD7?tag=eloabder-20&linkCode=osi&th=1&psc=1"><img src="https://m.media-amazon.com/images/I/41iwkW+QQOL._SL500_.jpg" alt="Product Image"></a><p>30 PCS Blotting Paper for Flower Press Large A4 Flower Press Paper Highly Absorbent and Reusable Blotter Paper Refill Lining Paper for Flower Press Art Craft Scrapbook Making, 11.8 x 7.9 Inches Blue</p><p>$9.99</p><a href="https://www.amazon.com/dp/B0CDJZ4MD7?tag=eloabder-20&linkCode=osi&th=1&psc=1">View Product</a></div>

<div class="product"><a href="https://www.amazon.com/dp/B0D2T4F1DZ?tag=eloabder-20&linkCode=osi&th=1&psc=1"><img src="https://m.media-amazon.com/images/I/41KNcatyBWL._SL500_.jpg" alt="Product Image"></a><p>10pcs Book Cloth,14”x10”,Fabric Surface and Paper Backed, book cloth for book binding,book binding fabric,5 Colors Bookbinding Cloth for DIY fabric book cover,bookbinding paper (Style B)</p><p>$9.99</p><a href="https://www.amazon.com/dp/B0D2T4F1DZ?tag=eloabder-20&linkCode=osi&th=1&psc=1">View Product</a></div><div class="product"><a href="https://www.amazon.com/dp/B0CMD2LWR8?tag=eloabder-20&linkCode=osi&th=1&psc=1"><img src="https://m.media-amazon.com/images/I/31QVUZVSB+L._SL500_.jpg" alt="Product Image"></a><p>Mozeat Lens 33 ft Bookbinding Tape Book Tape Repair Book Binding Tape Cloth Book Repair Kit 2 Inch Wide Book Spine Tape Cloth Bookbinding Repair Tape White Book Tape for Reinforcing Book Spine Tape</p><p>$7.99</p><a href="https://www.amazon.com/dp/B0CMD2LWR8?tag=eloabder-20&linkCode=osi&th=1&psc=1">View Product</a></div><div class="product"><a href="https://www.amazon.com/dp/B0D1KC168C?tag=eloabder-20&linkCode=osi&th=1&psc=1"><img src="https://m.media-amazon.com/images/I/31wWgk-1V4L._SL500_.jpg" alt="Product Image"></a><p>AKONEGE Book Cloth for Book Binding 35 x 16 Inch Fabric Surface and Paper Backed, Strong, Easy to Use, Fabric Materials Bookbinding Supplies Bookcloth for Scrapbooking Album DIY Crafts, Black</p><p>$9.99</p><a href="https://www.amazon.com/dp/B0D1KC168C?tag=eloabder-20&linkCode=osi&th=1&psc=1">View Product</a></div><div class="product"><a href="https://www.amazon.com/dp/B0BC48CCWW?tag=eloabder-20&linkCode=osi&th=1&psc=1"><img src="https://m.media-amazon.com/images/I/41vTc+L-XyL._SL500_.jpg" alt="Product Image"></a><p>Wooqu Book Cloth, Fabric Surface and Paper Backed, Easy to Use, Strong, 17x29”, for Book Binding, Dark Green</p><p>$13.99</p><a href="https://www.amazon.com/dp/B0BC48CCWW?tag=eloabder-20&linkCode=osi&th=1&psc=1">View Product</a></div><div class="product"><a href="https://www.amazon.com/dp/B00W3S7LU4?tag=eloabder-20&linkCode=osi&th=1&psc=1"><img src="https://m.media-amazon.com/images/I/41mUL1LmSHS._SL500_.jpg" alt="Product Image"></a><p>BookGuard 2 inch Premium Bookbinding Repair Cloth Tape, 15 Yard Roll Burgundy</p><p>$14.95</p><a href="https://www.amazon.com/dp/B00W3S7LU4?tag=eloabder-20&linkCode=osi&th=1&psc=1">View Product</a></div>

<div class="product"><a href="https://www.amazon.com/dp/B08217DGL7?tag=eloabder-20&linkCode=osi&th=1&psc=1"><img src="https://m.media-amazon.com/images/I/51Gy-qfph7L._SL500_.jpg" alt="Product Image"></a><p>24 Colors Waxed Thread, Leather Sewing Thread,Hand Stitching Thread for Hand Sewing Leather and Bookbinding, 13Yards Per Color</p><p>$11.99 ($0.01 / Foot)</p><a href="https://www.amazon.com/dp/B08217DGL7?tag=eloabder-20&linkCode=osi&th=1&psc=1">View Product</a></div><div class="product"><a href="https://www.amazon.com/dp/B08GCHJ3FP?tag=eloabder-20&linkCode=osi&th=1&psc=1"><img src="https://m.media-amazon.com/images/I/41TK-XNxTFL._SL500_.jpg" alt="Product Image"></a><p>FANDOL 100% Natural Linen Thread Waxed thread for Bookbingding, Leather Sewing, Beading or Macrame (Natural)</p><p>$14.98</p><a href="https://www.amazon.com/dp/B08GCHJ3FP?tag=eloabder-20&linkCode=osi&th=1&psc=1">View Product</a></div><div class="product"><a href="https://www.amazon.com/dp/B0025U108E?tag=eloabder-20&linkCode=osi&th=1&psc=1"><img src="https://m.media-amazon.com/images/I/4172yrURiVL._SL500_.jpg" alt="Product Image"></a><p>Books by Hand Linen Thread, Archival Quality Natural Unbleached and Unwaxed, 50 Yards 35/3 Gauge, Ideal for Bookbinding and Sewing Signatures</p><p>$9.47</p><a href="https://www.amazon.com/dp/B0025U108E?tag=eloabder-20&linkCode=osi&th=1&psc=1">View Product</a></div><div class="product"><a href="https://www.amazon.com/dp/B08S78KLRN?tag=eloabder-20&linkCode=osi&th=1&psc=1"><img src="https://m.media-amazon.com/images/I/413NGMtJdrL._SL500_.jpg" alt="Product Image"></a><p>Jupean Waxed Thread, 150m /164Yards Beige Leather Waxed Thread, Leather Sewing Thread, Hand Stitching Thread for Hand Sewing Leather, Bookbinding, and Beginners Leather Craft DIY</p><p>$6.49 ($0.01 / Foot)</p><a href="https://www.amazon.com/dp/B08S78KLRN?tag=eloabder-20&linkCode=osi&th=1&psc=1">View Product</a></div><div class="product"><a href="https://www.amazon.com/dp/B015D9E6UM?tag=eloabder-20&linkCode=osi&th=1&psc=1"><img src="https://m.media-amazon.com/images/I/51VnWPI+Q5L._SL500_.jpg" alt="Product Image"></a><p>Lineco, Natural Waxed Linen Thread 20 Yards, Books by Hand Natural, Black, Brown Color for Sewing, Bookbinding (3/Pkg)</p><p>$13.77</p><a href="https://www.amazon.com/dp/B015D9E6UM?tag=eloabder-20&linkCode=osi&th=1&psc=1">View Product</a></div>
<div class="product"><a href="https://www.amazon.com/dp/B0CMD53C1C?tag=eloabder-20&linkCode=osi&th=1&psc=1"><img src="https://m.media-amazon.com/images/I/31dU4wqS0rL._SL500_.jpg" alt="Product Image"></a><p>5-in-1 Bookbinding Kit,Book Cover Guide, Bookbinding Cover Tool, Stainless Steel Book Binding Kit, Bookbinding Ruler, Scrapbooking Tools for Making Book Cover Chipboard Covers Album Planner</p><p>$7.88</p><a href="https://www.amazon.com/dp/B0CMD53C1C?tag=eloabder-20&linkCode=osi&th=1&psc=1">View Product</a></div>
<div class="product"><a href="https://www.amazon.com/dp/B007TIEG6U?tag=eloabder-20&linkCode=osi&th=1&psc=1"><img src="https://m.media-amazon.com/images/I/31d6r6R5lGL._SL500_.jpg" alt="Product Image"></a><p>Handy Art Empty 2 ounce Marker Bottle, Dauber Tip and Cap, 12-Each (900-003) , White</p><p>$23.12 ($1.93 / Count)</p><a href="https://www.amazon.com/dp/B007TIEG6U?tag=eloabder-20&linkCode=osi&th=1&psc=1">View Product</a></div>
<div class="product"><a href="https://www.amazon.com/dp/B07YDNKSH6?tag=eloabder-20&linkCode=osi&th=1&psc=1"><img src="https://m.media-amazon.com/images/I/41JGrHa7mSL._SL500_.jpg" alt="Product Image"></a><p>4-Inch Rubber Brayer Roller for Printmaking, Great for Gluing Application Also. (Original Version)</p><p>$6.99</p><a href="https://www.amazon.com/dp/B07YDNKSH6?tag=eloabder-20&linkCode=osi&th=1&psc=1">View Product</a></div>
<div class="product"><a href="https://www.amazon.com/dp/B005U7BNPE?tag=eloabder-20&linkCode=osi&th=1&psc=1"><img src="https://m.media-amazon.com/images/I/418YfTClSxL._SL500_.jpg" alt="Product Image"></a><p>Apple Barrel Acrylic Paint in Assorted Colors (2 oz), 20513, Bright Yellow</p><p>$0.58 ($0.29 / Fl Oz)</p><a href="https://www.amazon.com/dp/B005U7BNPE?tag=eloabder-20&linkCode=osi&th=1&psc=1">View Product</a></div><div class="product"><a href="https://www.amazon.com/dp/B099DWCRZ5?tag=eloabder-20&linkCode=osi&th=1&psc=1"><img src="https://m.media-amazon.com/images/I/41rr5hT-8TL._SL500_.jpg" alt="Product Image"></a><p>milo Fluorescent Acrylic Paint Set of 6 Colors | 4 oz Bottles | Student Neon Colors Acrylics Painting Pack | Made in the USA | Non-Toxic Art & Craft Paints for Artists, Kids, & Hobby Painters</p><p>$22.90 ($0.95 / Fl Oz)</p><a href="https://www.amazon.com/dp/B099DWCRZ5?tag=eloabder-20&linkCode=osi&th=1&psc=1">View Product</a></div><div class="product"><a href="https://www.amazon.com/dp/B07ZPPPWPL?tag=eloabder-20&linkCode=osi&th=1&psc=1"><img src="https://m.media-amazon.com/images/I/51Vqk2rrZwL._SL500_.jpg" alt="Product Image"></a><p>Apple Barrel, Pastel Dreams & Vivid Wonders Collection Acrylic Craft Paint, PROMOTCK, 2 fl oz each, 18 assorted matte colors, 18 count</p><p>$22.66 ($0.63 / Fl Oz)</p><a href="https://www.amazon.com/dp/B07ZPPPWPL?tag=eloabder-20&linkCode=osi&th=1&psc=1">View Product</a></div><div class="product"><a href="https://www.amazon.com/dp/B0CKQR52XC?tag=eloabder-20&linkCode=osi&th=1&psc=1"><img src="https://m.media-amazon.com/images/I/51WTPlhN2WL._SL500_.jpg" alt="Product Image"></a><p>ARTME Glow in The Dark Paint, 10 Bright Colors 60ml/2oz Blacklight Paint Set, Neon Craft Paint, Acrylic Glow Fluorescent Paint Perfect for Art Painting, DIY projects, Halloween and Christmas</p><p>$23.99 ($1.20 / Fl Oz)</p><a href="https://www.amazon.com/dp/B0CKQR52XC?tag=eloabder-20&linkCode=osi&th=1&psc=1">View Product</a></div><div class="product"><a href="https://www.amazon.com/dp/B09XXHBL3Y?tag=eloabder-20&linkCode=osi&th=1&psc=1"><img src="https://m.media-amazon.com/images/I/51taBeDdeIL._SL500_.jpg" alt="Product Image"></a><p>Fantastory Glow in the Dark Acrylic Paint, 10 Extra Bright Colors, 30ml/1oz Waterproof Glow in Dark Paint,Indoor Outdoor Blacklight Paint for Kids,Adults, Rocks,Walls,Halloween,Craft &Fabric</p><p>$9.99 ($1.00 / Fl Oz)</p><a href="https://www.amazon.com/dp/B09XXHBL3Y?tag=eloabder-20&linkCode=osi&th=1&psc=1">View Product</a></div><div class="product"><a href="https://www.amazon.com/dp/B0BS3JM8ZR?tag=eloabder-20&linkCode=osi&th=1&psc=1"><img src="https://m.media-amazon.com/images/I/51S8FteGgPL._SL500_.jpg" alt="Product Image"></a><p>Acrylic Paint, Shuttle Art 24 Colors Acrylic Paint Bottle Set, 250ml/8.45oz Each, Rich Pigments, High Viscosity, Bulk Paint for Artists, Beginners and Kids Painting on Rocks Crafts Canvas Wood Ceramic</p><p>$49.99 ($0.25 / Fl Oz)</p><a href="https://www.amazon.com/dp/B0BS3JM8ZR?tag=eloabder-20&linkCode=osi&th=1&psc=1">View Product</a></div><div class="product"><a href="https://www.amazon.com/dp/B00CIW3EDI?tag=eloabder-20&linkCode=osi&th=1&psc=1"><img src="https://m.media-amazon.com/images/I/41PMnxyBo5L._SL500_.jpg" alt="Product Image"></a><p>FolkArt Multi-Surface Acrylic Paint in Assorted Colors (2 oz), 2896, Bright Pink</p><p>$1.47 ($0.74 / Fl Oz)</p><a href="https://www.amazon.com/dp/B00CIW3EDI?tag=eloabder-20&linkCode=osi&th=1&psc=1">View Product</a></div><div class="product"><a href="https://www.amazon.com/dp/B085ZB5ZK9?tag=eloabder-20&linkCode=osi&th=1&psc=1"><img src="https://m.media-amazon.com/images/I/51nmRq1eicL._SL500_.jpg" alt="Product Image"></a><p>FolkArt 4 Bottle Multi-Surface Acrylic Paint Set, 2oz, Neon Blacklight Colors</p><p>$8.12 ($1.02 / Fl Oz)</p><a href="https://www.amazon.com/dp/B085ZB5ZK9?tag=eloabder-20&linkCode=osi&th=1&psc=1">View Product</a></div><div class="product"><a href="https://www.amazon.com/dp/B08N585VN5?tag=eloabder-20&linkCode=osi&th=1&psc=1"><img src="https://m.media-amazon.com/images/I/51nwFBdxwVL._SL500_.jpg" alt="Product Image"></a><p>Acrylic Paint Set Value Pack of 12 Colors | Craft Painting Kit with 2 oz Squeeze Bottles for Beginners, Artists, Professionals | Non-Toxic Water Based Paints for Canvas, Paper, Wood | Bright Hues</p><p>$11.99 ($0.50 / Fl Oz)</p><a href="https://www.amazon.com/dp/B08N585VN5?tag=eloabder-20&linkCode=osi&th=1&psc=1">View Product</a></div>
<div class="product"><a href="https://www.amazon.com/dp/B0009RRT9Y?tag=eloabder-20&linkCode=osi&th=1&psc=1"><img src="https://m.media-amazon.com/images/I/51ZhyYPOB5L._SL500_.jpg" alt="Product Image"></a><p>General Pencil Company The Masters Brush Cleaner & Preserver 2.5 0z.</p><p>$12.00</p><a href="https://www.amazon.com/dp/B0009RRT9Y?tag=eloabder-20&linkCode=osi&th=1&psc=1">View Product</a></div><div class="product"><a href="https://www.amazon.com/dp/B00F38YVQS?tag=eloabder-20&linkCode=osi&th=1&psc=1"><img src="https://m.media-amazon.com/images/I/51yjmSTzzML._SL500_.jpg" alt="Product Image"></a><p>B & J Original Brush Cleaner - 2.5 Oz/12ct Display</p><p>$12.77</p><a href="https://www.amazon.com/dp/B00F38YVQS?tag=eloabder-20&linkCode=osi&th=1&psc=1">View Product</a></div><div class="product"><a href="https://www.amazon.com/dp/B004BN7QQ8?tag=eloabder-20&linkCode=osi&th=1&psc=1"><img src="https://m.media-amazon.com/images/I/31fEWB-h4VL._SL500_.jpg" alt="Product Image"></a><p>Winsor & Newton Brush Cleaner & Restorer, 16.0-oz Bottle</p><p>$21.87 ($1.37 / Fl Oz)</p><a href="https://www.amazon.com/dp/B004BN7QQ8?tag=eloabder-20&linkCode=osi&th=1&psc=1">View Product</a></div><div class="product"><a href="https://www.amazon.com/dp/B09NCHL2LM?tag=eloabder-20&linkCode=osi&th=1&psc=1"><img src="https://m.media-amazon.com/images/I/31UzwasdL6L._SL500_.jpg" alt="Product Image"></a><p>U.S. Art Supply Brush Cleaner and Restorer, 4 Ounce Bottle - Quickly Cleans Paint Brushes, Airbrushes, Art Tools - Cleaning Solution to Remove Dried On Acrylic, Oil and Water-Based Paint Colors</p><p>$8.99 ($2.25 / Fl Oz)</p><a href="https://www.amazon.com/dp/B09NCHL2LM?tag=eloabder-20&linkCode=osi&th=1&psc=1">View Product</a></div><div class="product"><a href="https://www.amazon.com/dp/B09J8L55SK?tag=eloabder-20&linkCode=osi&th=1&psc=1"><img src="https://m.media-amazon.com/images/I/41qgWS2nSsL._SL500_.jpg" alt="Product Image"></a><p>Green Piece® Paint Brush Cleaner and Restorer for Art Paint Brushes - 100% Natural - Non-Toxic - Wet or Dry Paint - No Chemicals - Oil or Acrylic Paints, Wood and Metal - Amazing Power - 18 Oz</p><p>$19.88</p><a href="https://www.amazon.com/dp/B09J8L55SK?tag=eloabder-20&linkCode=osi&th=1&psc=1">View Product</a></div><div class="product"><a href="https://www.amazon.com/dp/B0027A79I2?tag=eloabder-20&linkCode=osi&th=1&psc=1"><img src="https://m.media-amazon.com/images/I/31J6S+mCjuL._SL500_.jpg" alt="Product Image"></a><p>Pink Soap 12-Ounce Paint Brush Cleaner and Conditioner, Solution Cleans and Restores, Removes Dried Paint on Airbrushes and Other Artist Tools & Supplies</p><p>$15.49 ($1.29 / Fl Oz)</p><a href="https://www.amazon.com/dp/B0027A79I2?tag=eloabder-20&linkCode=osi&th=1&psc=1">View Product</a></div><div class="product"><a href="https://www.amazon.com/dp/B0027AEANE?tag=eloabder-20&linkCode=osi&th=1&psc=1"><img src="https://m.media-amazon.com/images/I/51bHOLU1pVL._SL500_.jpg" alt="Product Image"></a><p>General Pencil General 105-BP Pencil Masters Brush Cleaner & Preserver, 1 Pack, Clear</p><p>$9.99 ($4.00 / Ounce)</p><a href="https://www.amazon.com/dp/B0027AEANE?tag=eloabder-20&linkCode=osi&th=1&psc=1">View Product</a></div>

<div class="product"><a href="https://www.amazon.com/dp/B0D3HPD7WP?tag=eloabder-20&linkCode=osi&th=1&psc=1"><img src="https://m.media-amazon.com/images/I/31KSmmAWUWL._SL500_.jpg" alt="Product Image"></a><p>50 Sheets Grey Cardstock Paper, Colored Printer Paper 8.5 x 11, Thick Construction Paper for Cards Making, Scrapbook，Office Printing, Invitations, Certificates，DIY Crafting 92 lb/250gsm</p><p>$9.99</p><a href="https://www.amazon.com/dp/B0D3HPD7WP?tag=eloabder-20&linkCode=osi&th=1&psc=1">View Product</a></div>
<div class="product"><a href="https://www.amazon.com/dp/B076CP6F36?tag=eloabder-20&linkCode=osi&th=1&psc=1"><img src="https://m.media-amazon.com/images/I/51rfEIvgI+L._SL500_.jpg" alt="Product Image"></a><p>Apple Barrel, Vibrant Spectrum Collection Acrylic Craft Paint, PROMOABIII, 2 fl oz each, 16 assorted matte colors, 16 count</p><p>$15.97 ($0.50 / Fl Oz)</p><a href="https://www.amazon.com/dp/B076CP6F36?tag=eloabder-20&linkCode=osi&th=1&psc=1">View Product</a></div><div class="product"><a href="https://www.amazon.com/dp/B0BKFLSYQF?tag=eloabder-20&linkCode=osi&th=1&psc=1"><img src="https://m.media-amazon.com/images/I/51a0PmPRknL._SL500_.jpg" alt="Product Image"></a><p>72 Pack Acrylic Paint Set, Shuttle Art 60 Colors Acrylic Paint Including Extra White Black & 12 Brushes, 2oz/60ml, Rich Pigmented, Water Proof, Ideal for Artists, Beginners on Canvas Rock Wood Ceramic</p><p>$45.99 ($23.00 / Fl Oz)</p><a href="https://www.amazon.com/dp/B0BKFLSYQF?tag=eloabder-20&linkCode=osi&th=1&psc=1">View Product</a></div><div class="product"><a href="https://www.amazon.com/dp/B08CB3JH79?tag=eloabder-20&linkCode=osi&th=1&psc=1"><img src="https://m.media-amazon.com/images/I/51OUZsFdnTL._SL500_.jpg" alt="Product Image"></a><p>Acrylic Paint Set of 36 Colors 2fl oz 60ml Bottles,Non Toxic 36 Colors Acrylic Paint No Fading Rich Pigment for Kids Adults Artists Canvas Crafts Wood Painting</p><p>$32.99 ($0.46 / Fl Oz)</p><a href="https://www.amazon.com/dp/B08CB3JH79?tag=eloabder-20&linkCode=osi&th=1&psc=1">View Product</a></div><div class="product"><a href="https://www.amazon.com/dp/B0018NBVKQ?tag=eloabder-20&linkCode=osi&th=1&psc=1"><img src="https://m.media-amazon.com/images/I/31YlSvZMTCL._SL500_.jpg" alt="Product Image"></a><p>Apple Barrel Acrylic Paint in Assorted Colors (8 Ounce), 20403 White</p><p>$2.67 ($0.33 / Fl Oz)</p><a href="https://www.amazon.com/dp/B0018NBVKQ?tag=eloabder-20&linkCode=osi&th=1&psc=1">View Product</a></div><div class="product"><a href="https://www.amazon.com/dp/B077WSBLZ1?tag=eloabder-20&linkCode=osi&th=1&psc=1"><img src="https://m.media-amazon.com/images/I/51KPkXpLn1L._SL500_.jpg" alt="Product Image"></a><p>Shuttle Art Acrylic Paint Set, 30 x12ml Tubes Artist Quality Non Toxic Rich Pigments Colors Great for Kids Adults Professional Painting on Rocks Canvas Wood Clay Fabric Ceramic Crafts</p><p>$12.99 ($1.08 / Fl Oz)</p><a href="https://www.amazon.com/dp/B077WSBLZ1?tag=eloabder-20&linkCode=osi&th=1&psc=1">View Product</a></div><div class="product"><a href="https://www.amazon.com/dp/B00889Z5Y6?tag=eloabder-20&linkCode=osi&th=1&psc=1"><img src="https://m.media-amazon.com/images/I/41MQjsyDbSL._SL500_.jpg" alt="Product Image"></a><p>Apple Barrel Acrylic Paint in Assorted Colors (2 oz), 20764, Apricot</p><p>$0.58 ($0.29 / Fl Oz)</p><a href="https://www.amazon.com/dp/B00889Z5Y6?tag=eloabder-20&linkCode=osi&th=1&psc=1">View Product</a></div><div class="product"><a href="https://www.amazon.com/dp/B09TWQD5ZL?tag=eloabder-20&linkCode=osi&th=1&psc=1"><img src="https://m.media-amazon.com/images/I/41B0L003QXL._SL500_.jpg" alt="Product Image"></a><p>Artkey Acrylic Paint Set - 24 colors 2 oz/59 ml Acrylic Paints Professional Artists Painting Kit for Canvases Fabric Rock Leather Easter Egg Wood Ceramic Glass Art Craft Painting</p><p>$19.99 ($0.42 / Fl Oz)</p><a href="https://www.amazon.com/dp/B09TWQD5ZL?tag=eloabder-20&linkCode=osi&th=1&psc=1">View Product</a></div><div class="product"><a href="https://www.amazon.com/dp/B07Z93LQDB?tag=eloabder-20&linkCode=osi&th=1&psc=1"><img src="https://m.media-amazon.com/images/I/51veoN6zK0L._SL500_.jpg" alt="Product Image"></a><p>Shuttle Art Acrylic Paint Set, 36 Colors Acrylic Paint with Brushes & Palette, 2oz Bottles, Rich Pigments Non-toxic Paint for Artists Kids & Adults, Art Supplies for Canvas Rock Ceramic Wood Painting</p><p>$27.99</p><a href="https://www.amazon.com/dp/B07Z93LQDB?tag=eloabder-20&linkCode=osi&th=1&psc=1">View Product</a></div><div class="product"><a href="https://www.amazon.com/dp/B002665SYY?tag=eloabder-20&linkCode=osi&th=1&psc=1"><img src="https://m.media-amazon.com/images/I/31sJJeWK6OS._SL500_.jpg" alt="Product Image"></a><p>Liquitex BASICS Acrylic Paint, 250ml (8.5-oz) Tube, Titanium White</p><p>$9.99 ($1.18 / Fl Oz)</p><a href="https://www.amazon.com/dp/B002665SYY?tag=eloabder-20&linkCode=osi&th=1&psc=1">View Product</a></div>
<div class="product"><a href="https://www.amazon.com/dp/B0CC98XLGL?tag=eloabder-20&linkCode=osi&th=1&psc=1"><img src="https://m.media-amazon.com/images/I/51ZLw+nThiL._SL500_.jpg" alt="Product Image"></a><p>HUIRUSO 4 Pack Double Sided Tape Roller, Scrapbook Supplies, Glue Tape Roller for Crafts, Double-Sided Adhesive Tape Runner for Scrapbooking, School Office Journaling Supplies (0.31 in X 26.25 ft)</p><p>$6.99 ($1.75 / Count)</p><a href="https://www.amazon.com/dp/B0CC98XLGL?tag=eloabder-20&linkCode=osi&th=1&psc=1">View Product</a></div><div class="product"><a href="https://www.amazon.com/dp/B007XAAE6K?tag=eloabder-20&linkCode=osi&th=1&psc=1"><img src="https://m.media-amazon.com/images/I/414qxYVR0wL._SL500_.jpg" alt="Product Image"></a><p>Scotch Double Sided Tape Runner, 1-Pack, 0.27 in x 26 ft., Perfect for Holiday Crafts, Gifts, and More</p><p>$4.47</p><a href="https://www.amazon.com/dp/B007XAAE6K?tag=eloabder-20&linkCode=osi&th=1&psc=1">View Product</a></div><div class="product"><a href="https://www.amazon.com/dp/B0BZVGPFSK?tag=eloabder-20&linkCode=osi&th=1&psc=1"><img src="https://m.media-amazon.com/images/I/51-ue9+7JkL._SL500_.jpg" alt="Product Image"></a><p>Birllaid Double Sided Tape for Walls, Picture Hanging Strips Removable Mounting Dots Adhesive Heavy Duty, Removable for Art Craft, Decoration, Party Supplies, Multipurpose</p><p>$11.99</p><a href="https://www.amazon.com/dp/B0BZVGPFSK?tag=eloabder-20&linkCode=osi&th=1&psc=1">View Product</a></div><div class="product"><a href="https://www.amazon.com/dp/B0CGVN9SL1?tag=eloabder-20&linkCode=osi&th=1&psc=1"><img src="https://m.media-amazon.com/images/I/41Hy+i4CnoL._SL500_.jpg" alt="Product Image"></a><p>30Ft x 1 Inch Hook and Loop Strips with Adhesive,Double Rolls of Heavy Duty Self Adhesive Tape with Backing, Nylon Self Adhesive Tape for Home Office School and Crafting,White</p><p>$9.99</p><a href="https://www.amazon.com/dp/B0CGVN9SL1?tag=eloabder-20&linkCode=osi&th=1&psc=1">View Product</a></div><div class="product"><a href="https://www.amazon.com/dp/B07Y3VDPLF?tag=eloabder-20&linkCode=osi&th=1&psc=1"><img src="https://m.media-amazon.com/images/I/41cyKQ2OMuL._SL500_.jpg" alt="Product Image"></a><p>Melsan 1x4 inch Hook and Loop Strips with Adhesive - 15 Sets, Strong Back Adhesive Fasten Mounting Tape for Home or Office Use - Instead of Holes and Screws, Black</p><p>$7.82</p><a href="https://www.amazon.com/dp/B07Y3VDPLF?tag=eloabder-20&linkCode=osi&th=1&psc=1">View Product</a></div><div class="product"><a href="https://www.amazon.com/dp/B07V57VJT5?tag=eloabder-20&linkCode=osi&th=1&psc=1"><img src="https://m.media-amazon.com/images/I/514JO3bvl3L._SL500_.jpg" alt="Product Image"></a><p>XFasten Adhesive Roller for Scrapbooking, 8mm x 30ft 4-Pack Double Sided Glue Tape Roller, Scrapbook Supplies for Adults, Photo Tape for Scrapbooking</p><p>$9.99 ($2.50 / Count)</p><a href="https://www.amazon.com/dp/B07V57VJT5?tag=eloabder-20&linkCode=osi&th=1&psc=1">View Product</a></div><div class="product"><a href="https://www.amazon.com/dp/B07JLTGQHX?tag=eloabder-20&linkCode=osi&th=1&psc=1"><img src="https://m.media-amazon.com/images/I/51Eqfo7kUZL._SL500_.jpg" alt="Product Image"></a><p>UPINS 120 Pack Double Sided Foam Tape Square Self-Adhesive Foam Tape Black Strong Tape Pads for DIY Art Crafts Supplies</p><p>$9.99 ($0.08 / Count)</p><a href="https://www.amazon.com/dp/B07JLTGQHX?tag=eloabder-20&linkCode=osi&th=1&psc=1">View Product</a></div><div class="product"><a href="https://www.amazon.com/dp/B005FM6XF4?tag=eloabder-20&linkCode=osi&th=1&psc=1"><img src="https://m.media-amazon.com/images/I/51-vp1WJ89L._SL500_.jpg" alt="Product Image"></a><p>AdTech 5603 Permanent Crafter's Tape, 0.31" x 315", Pack of 4</p><p>$7.84 ($0.07 / Foot)</p><a href="https://www.amazon.com/dp/B005FM6XF4?tag=eloabder-20&linkCode=osi&th=1&psc=1">View Product</a></div><div class="product"><a href="https://www.amazon.com/dp/B0CJF1FLFJ?tag=eloabder-20&linkCode=osi&th=1&psc=1"><img src="https://m.media-amazon.com/images/I/51dig1RqzdL._SL500_.jpg" alt="Product Image"></a><p>UPINS 150Pack Double Sided Foam Tape Strong Sticky Double Sided Foam Pads for Crafts Self-Adhesive Mounting Foam Tape Heavy Duty for Home Wall Decor 40 * 40 * 2mm</p><p>$8.99 ($0.06 / Count)</p><a href="https://www.amazon.com/dp/B0CJF1FLFJ?tag=eloabder-20&linkCode=osi&th=1&psc=1">View Product</a></div><div class="product"><a href="https://www.amazon.com/dp/B0D4YWRGCL?tag=eloabder-20&linkCode=osi&th=1&psc=1"><img src="https://m.media-amazon.com/images/I/41EqJ553-KL._SL500_.jpg" alt="Product Image"></a><p>Amanbo Glue Tape for Scrapbooking, 6 Pack Scrapbook Tape, Double Sided Tape Roller for Crafts, Total 120 Ft x 0.24 in Tape Runner, Craft Supplies for Scrapbooking, Gift Wrapping and Photo Tape</p><p>$6.99</p><a href="https://www.amazon.com/dp/B0D4YWRGCL?tag=eloabder-20&linkCode=osi&th=1&psc=1">View Product</a></div>
<div class="product"><a href="https://www.amazon.com/dp/B0CC5HPPTN?tag=eloabder-20&linkCode=osi&th=1&psc=1"><img src="https://m.media-amazon.com/images/I/519M81S201L._SL500_.jpg" alt="Product Image"></a><p>Airbrush Paint - 30 Colors with 3 Thinner, Ready to Spray Airbrush Paint Set, Water-Based Acrylic Air brush Paints for Metal, Plastic Models, Canvas, Wood, 20ml/Bottle</p><p>$32.99 ($1.48 / Fl Oz)</p><a href="https://www.amazon.com/dp/B0CC5HPPTN?tag=eloabder-20&linkCode=osi&th=1&psc=1">View Product</a></div>
<div class="product"><a href="https://www.amazon.com/dp/B0CXPSGK36?tag=eloabder-20&linkCode=osi&th=1&psc=1"><img src="https://m.media-amazon.com/images/I/51dd2dYOtrL._SL500_.jpg" alt="Product Image"></a><p>Letter Stickers 30 Sheets 1500 PCS Large Alphabet Sticker 2 Inch Vinyl Self Adhesive Stick on Stickers for Water Bottles Cup Mailbox Number Address Craft Scrapbooking Bulletin Board Decor Multicolor</p><p>$9.99</p><a href="https://www.amazon.com/dp/B0CXPSGK36?tag=eloabder-20&linkCode=osi&th=1&psc=1">View Product</a></div><div class="product"><a href="https://www.amazon.com/dp/B07NNYFMGY?tag=eloabder-20&linkCode=osi&th=1&psc=1"><img src="https://m.media-amazon.com/images/I/51yDnU+gEXL._SL500_.jpg" alt="Product Image"></a><p>20 Sheets Alphabet Letter Stickers 10 Colors Self Adhesive Sticker Colorful PU Material Convex Feeling (Colored Letter Stickers 1)</p><p>$6.99 ($0.35 / Count)</p><a href="https://www.amazon.com/dp/B07NNYFMGY?tag=eloabder-20&linkCode=osi&th=1&psc=1">View Product</a></div>

<div class="product"><a href="https://www.amazon.com/dp/B01DDN8854?tag=eloabder-20&linkCode=osi&th=1&psc=1"><img src="https://m.media-amazon.com/images/I/61dPubDZBSL._SL500_.jpg" alt="Product Image"></a><p>Hugs 'n Kisses HNKHABY13 Applique Paper (20 Pack)</p><p>$19.72 ($0.99 / Count)</p><a href="https://www.amazon.com/dp/B01DDN8854?tag=eloabder-20&linkCode=osi&th=1&psc=1">View Product</a></div>
<div class="product"><a href="https://www.amazon.com/dp/B09KPNFJW1?tag=eloabder-20&linkCode=osi&th=1&psc=1"><img src="https://m.media-amazon.com/images/I/41abn5fELmL._SL500_.jpg" alt="Product Image"></a><p>UniPleased Disposable Aprons (50 Count), Plastic apron for Painting Party, Cooking, Housework, Picnic etc.</p><p>$5.69</p><a href="https://www.amazon.com/dp/B09KPNFJW1?tag=eloabder-20&linkCode=osi&th=1&psc=1">View Product</a></div>
<div class="product"><a href="https://www.amazon.com/dp/B087M21MM2?tag=eloabder-20&linkCode=osi&th=1&psc=1"><img src="https://m.media-amazon.com/images/I/41Xf-jehhLL._SL500_.jpg" alt="Product Image"></a><p>GOTIDEAL Stretched Canvas, Multi Pack 4x4, 5x7, 8x10,9x12, 11x14 Set of 10, Primed White - 100% Cotton Artist Canvas Boards for Painting, Acrylic Pouring, Oil Paint Dry & Wet Art Media</p><p>$24.99</p><a href="https://www.amazon.com/dp/B087M21MM2?tag=eloabder-20&linkCode=osi&th=1&psc=1">View Product</a></div><div class="product"><a href="https://www.amazon.com/dp/B00OQJYISG?tag=eloabder-20&linkCode=osi&th=1&psc=1"><img src="https://m.media-amazon.com/images/I/31fEDLPkkcL._SL500_.jpg" alt="Product Image"></a><p>6 Count 12” x 16” Super Value Canvas by Artist's Loft Necessities - Acid Free Cotton Canvas for Paint, Acrylic, & Oils - 1 Pack</p><p>$19.99</p><a href="https://www.amazon.com/dp/B00OQJYISG?tag=eloabder-20&linkCode=osi&th=1&psc=1">View Product</a></div><div class="product"><a href="https://www.amazon.com/dp/B09CDKB9HY?tag=eloabder-20&linkCode=osi&th=1&psc=1"><img src="https://m.media-amazon.com/images/I/51+p5xnClGL._SL500_.jpg" alt="Product Image"></a><p>DPDIAN Canvas Boards for Painting 40 Pack, 8 inch x 10 inch Super Value Pack, Artist Canvas Panels for Oil & Acrylic Painting</p><p>$29.99</p><a href="https://www.amazon.com/dp/B09CDKB9HY?tag=eloabder-20&linkCode=osi&th=1&psc=1">View Product</a></div><div class="product"><a href="https://www.amazon.com/dp/B0CFBGP29G?tag=eloabder-20&linkCode=osi&th=1&psc=1"><img src="https://m.media-amazon.com/images/I/3147Az5plbL._SL500_.jpg" alt="Product Image"></a><p>ArtSkills Stretched Canvases for Painting, 12x16 Canvas Painting Supplies for Artists, Blank Canvas Pack, 2-Pack</p><p>$16.99</p><a href="https://www.amazon.com/dp/B0CFBGP29G?tag=eloabder-20&linkCode=osi&th=1&psc=1">View Product</a></div><div class="product"><a href="https://www.amazon.com/dp/B07BNGQ1SS?tag=eloabder-20&linkCode=osi&th=1&psc=1"><img src="https://m.media-amazon.com/images/I/410ZVtygUwS._SL500_.jpg" alt="Product Image"></a><p>PHOENIX Stretched Canvas for Painting 8x10 Inch/10 Value Pack, 8 Oz Triple Primed 5/8 Inch Profile 100% Cotton White Blank Canvas, Artist Framed Canvas for Oil Acrylic & Pouring Art</p><p>$22.99</p><a href="https://www.amazon.com/dp/B07BNGQ1SS?tag=eloabder-20&linkCode=osi&th=1&psc=1">View Product</a></div><div class="product"><a href="https://www.amazon.com/dp/B0922JP1H4?tag=eloabder-20&linkCode=osi&th=1&psc=1"><img src="https://m.media-amazon.com/images/I/41BmiEND1KL._SL500_.jpg" alt="Product Image"></a><p>GOTIDEAL Canvases for Painting, 18 Pack Canvas Boards Multipack 4x4, 5x7, 8x10, 9x12,11x14,Primed White Blank Artist Canvas Variety Pack for Acrylic Paint, Oil Paint, Watercolor, Gouache</p><p>$19.99</p><a href="https://www.amazon.com/dp/B0922JP1H4?tag=eloabder-20&linkCode=osi&th=1&psc=1">View Product</a></div>


<div class="product"><a href="https://www.amazon.com/dp/B0872VFHBH?tag=eloabder-20&linkCode=osi&th=1&psc=1"><img src="https://m.media-amazon.com/images/I/51k3bekQheS._SL500_.jpg" alt="Product Image"></a><p>Bachmore Drawing Pad 9X12 Inch (110lb/180g), 60 Sheets, Top Spiral Bound Multi-Media for Artist Pro & Amateurs | Acrylic Art, Ink, Paint, Oil Pastels,Watercolor Mixed Media Sketch</p><p>$11.99</p><a href="https://www.amazon.com/dp/B0872VFHBH?tag=eloabder-20&linkCode=osi&th=1&psc=1">View Product</a></div><div class="product"><a href="https://www.amazon.com/dp/B0027A75A4?tag=eloabder-20&linkCode=osi&th=1&psc=1"><img src="https://m.media-amazon.com/images/I/51dyOxxcgYL._SL500_.jpg" alt="Product Image"></a><p>Strathmore 200 Series Sketch Pad, 9x12 inch, 100 Sheets, Tape Bound - Artist Sketchbook for Drawing, Illustration, Art Class Students</p><p>$6.99 ($0.07 / Count)</p><a href="https://www.amazon.com/dp/B0027A75A4?tag=eloabder-20&linkCode=osi&th=1&psc=1">View Product</a></div><div class="product"><a href="https://www.amazon.com/dp/B0BV13YQKX?tag=eloabder-20&linkCode=osi&th=1&psc=1"><img src="https://m.media-amazon.com/images/I/41VYfMpvXUL._SL500_.jpg" alt="Product Image"></a><p>Canson Graduate Watercolor Pad, Foldover, 9x12 inch, 20 Sheets | Artist Paper for Adults and Students - Painting, Gouache, Mixed Media and Ink</p><p>$4.97 ($0.41 / Count)</p><a href="https://www.amazon.com/dp/B0BV13YQKX?tag=eloabder-20&linkCode=osi&th=1&psc=1">View Product</a></div><div class="product"><a href="https://www.amazon.com/dp/B0024KMQ6K?tag=eloabder-20&linkCode=osi&th=1&psc=1"><img src="https://m.media-amazon.com/images/I/51sYdvPPUCL._SL500_.jpg" alt="Product Image"></a><p>Strathmore 400 Series Pastel Pad, Assorted Colors, 9"x12" Glue Bound, 24 Sheets</p><p>$9.11</p><a href="https://www.amazon.com/dp/B0024KMQ6K?tag=eloabder-20&linkCode=osi&th=1&psc=1">View Product</a></div><div class="product"><a href="https://www.amazon.com/dp/B00246O6PI?tag=eloabder-20&linkCode=osi&th=1&psc=1"><img src="https://m.media-amazon.com/images/I/517TUmckOIL._SL500_.jpg" alt="Product Image"></a><p>Strathmore 300 Series Drawing Paper Pad, Top Wire Bound, 11x14 inches, 50 Sheets (70lb/114g) - Artist Paper for Adults and Students - Charcoal, Colored Pencil, Ink, Pastel, Marker</p><p>$13.33</p><a href="https://www.amazon.com/dp/B00246O6PI?tag=eloabder-20&linkCode=osi&th=1&psc=1">View Product</a></div>
<div class="product"><a href="https://www.amazon.com/dp/B08ZMH7LJY?tag=eloabder-20&linkCode=osi&th=1&psc=1"><img src="https://m.media-amazon.com/images/I/51mJIsLJA-S._SL500_.jpg" alt="Product Image"></a><p>PANDAFLY Professional Drawing Sketching Pencil Set - 12 Pieces Graphite Pencils(14B - 2H), Ideal for Drawing Art, Sketching, Shading, Artist Pencils for Beginners & Pro Artists</p><p>$5.11</p><a href="https://www.amazon.com/dp/B08ZMH7LJY?tag=eloabder-20&linkCode=osi&th=1&psc=1">View Product</a></div><div class="product"><a href="https://www.amazon.com/dp/B088K1G5NL?tag=eloabder-20&linkCode=osi&th=1&psc=1"><img src="https://m.media-amazon.com/images/I/51F2bOMZWnL._SL500_.jpg" alt="Product Image"></a><p>MARKART Professional Drawing Sketching Pencil Set - 14 Pieces,Graphite,(12B - 4H), Ideal for Drawing Art, Sketching, Shading, Artist Pencils for Beginners & Pro Artists</p><p>$5.24</p><a href="https://www.amazon.com/dp/B088K1G5NL?tag=eloabder-20&linkCode=osi&th=1&psc=1">View Product</a></div><div class="product"><a href="https://www.amazon.com/dp/B08FHMRW4L?tag=eloabder-20&linkCode=osi&th=1&psc=1"><img src="https://m.media-amazon.com/images/I/51Pmn5gjyzL._SL500_.jpg" alt="Product Image"></a><p>Mr. Pen- Sketch Pencils for Drawing, 14 Pack, Drawing Pencils, Art Pencils, Graphite Pencils, Graphite Pencils for Drawing, Art Pencils for Drawing and Shading</p><p>$5.95</p><a href="https://www.amazon.com/dp/B08FHMRW4L?tag=eloabder-20&linkCode=osi&th=1&psc=1">View Product</a></div><div class="product"><a href="https://www.amazon.com/dp/B0BNQ58DC4?tag=eloabder-20&linkCode=osi&th=1&psc=1"><img src="https://m.media-amazon.com/images/I/51e-gQtCcCL._SL500_.jpg" alt="Product Image"></a><p>MARTCOLOR Drawing Sketching Pencils Set, 12 Pack Graphite Pencils(14B - 2H), Ideal for Drawing Art, Sketching, Shading, Artist Pencils for Beginners & Pro Artists</p><p>$5.99</p><a href="https://www.amazon.com/dp/B0BNQ58DC4?tag=eloabder-20&linkCode=osi&th=1&psc=1">View Product</a></div>

<div class="product"><a href="https://www.amazon.com/dp/B0851M3749?tag=eloabder-20&linkCode=osi&th=1&psc=1"><img src="https://m.media-amazon.com/images/I/41KKSGSDl5L._SL500_.jpg" alt="Product Image"></a><p>N NOROCME 12 PCS Blending Stumps and Tortillions Paper Art Blenders with Sandpaper Pencil Sharpener Pointer for Student Artist Charcoal Sketch Drawing Tools</p><p>$4.99</p><a href="https://www.amazon.com/dp/B0851M3749?tag=eloabder-20&linkCode=osi&th=1&psc=1">View Product</a></div><div class="product"><a href="https://www.amazon.com/dp/B09J3HKN8F?tag=eloabder-20&linkCode=osi&th=1&psc=1"><img src="https://m.media-amazon.com/images/I/51Qvx81eQLL._SL500_.jpg" alt="Product Image"></a><p>Eraser Pencils Set for Artists, Wooden Sketch Eraser Pen for Charcoal Drawings, Professional Highlight Painting Eraser for Sketching, Revise Erasing Details for Students Limner</p><p>$6.99</p><a href="https://www.amazon.com/dp/B09J3HKN8F?tag=eloabder-20&linkCode=osi&th=1&psc=1">View Product</a></div>
<div class="product"><a href="https://www.amazon.com/dp/B09WCQ89T8?tag=eloabder-20&linkCode=osi&th=1&psc=1"><img src="https://m.media-amazon.com/images/I/41gZz0qgBFL._SL500_.jpg" alt="Product Image"></a><p>Bernat BABY BLANKET BB Blue Dreams Yarn - 1 Pack of 10.5oz/300g - Polyester - #6 Super Bulky - 220 Yards - Knitting/Crochet</p><p>$6.97</p><a href="https://www.amazon.com/dp/B09WCQ89T8?tag=eloabder-20&linkCode=osi&th=1&psc=1">View Product</a></div><div class="product"><a href="https://www.amazon.com/dp/B07V5JVNFD?tag=eloabder-20&linkCode=osi&th=1&psc=1"><img src="https://m.media-amazon.com/images/I/41IS+HdtiOL._SL500_.jpg" alt="Product Image"></a><p>Lion Brand Yarn Basic Stitch Anti-Pilling Knitting Yarn, Yarn for Crocheting, 1-Pack, Baby Blue</p><p>$8.40 ($0.02 / Foot)</p><a href="https://www.amazon.com/dp/B07V5JVNFD?tag=eloabder-20&linkCode=osi&th=1&psc=1">View Product</a></div><div class="product"><a href="https://www.amazon.com/dp/B01M0AJID2?tag=eloabder-20&linkCode=osi&th=1&psc=1"><img src="https://m.media-amazon.com/images/I/41yVau0AUpL._SL500_.jpg" alt="Product Image"></a><p>Lion Brand Yarn (1 Skein) Lion Brand Yarn Babysoft Baby Yarn Yarn, Little Boy Blue Multicolor</p><p>$7.19 ($0.01 / Foot)</p><a href="https://www.amazon.com/dp/B01M0AJID2?tag=eloabder-20&linkCode=osi&th=1&psc=1">View Product</a></div><div class="product"><a href="https://www.amazon.com/dp/B09W1KHF42?tag=eloabder-20&linkCode=osi&th=1&psc=1"><img src="https://m.media-amazon.com/images/I/41maDlrio5L._SL500_.jpg" alt="Product Image"></a><p>Red Heart Super Saver Light Blue Yarn - 3 Pack of 198g/7oz - Acrylic - 4 Medium (Worsted) - 364 Yards - Knitting/Crochet</p><p>$13.29 ($4.43 / Count)</p><a href="https://www.amazon.com/dp/B09W1KHF42?tag=eloabder-20&linkCode=osi&th=1&psc=1">View Product</a></div><div class="product"><a href="https://www.amazon.com/dp/B08LKVZ3CX?tag=eloabder-20&linkCode=osi&th=1&psc=1"><img src="https://m.media-amazon.com/images/I/41GLizNx8UL._SL500_.jpg" alt="Product Image"></a><p>Bernat Baby Blanket Baby Blue Yarn - 3 Pack of 100g/3.5oz - Polyester - 6 Super Bulky - 72 Yards - Knitting/Crochet</p><p>$21.81</p><a href="https://www.amazon.com/dp/B08LKVZ3CX?tag=eloabder-20&linkCode=osi&th=1&psc=1">View Product</a></div><div class="product"><a href="https://www.amazon.com/dp/B0CHJ95WHJ?tag=eloabder-20&linkCode=osi&th=1&psc=1"><img src="https://m.media-amazon.com/images/I/314E1EQdihL._SL500_.jpg" alt="Product Image"></a><p>NORCIA Soft Velvet Yarn Chenille Yarn for Crocheting Baby Blanket Yarn for Knitting Amigurumi Yarn Fancy Yarn for Crochet Weaving Craft (Baby Blue, 1 Skein)</p><p>$9.99</p><a href="https://www.amazon.com/dp/B0CHJ95WHJ?tag=eloabder-20&linkCode=osi&th=1&psc=1">View Product</a></div>
<div class="product"><a href="https://www.amazon.com/dp/B0779F2TXJ?tag=eloabder-20&linkCode=osi&th=1&psc=1"><img src="https://m.media-amazon.com/images/I/31kqZr8DJzL._SL500_.jpg" alt="Product Image"></a><p>OPENDGO Feather Ballpoint Pen ，Black Ink Vintage Feather Quill Refined Plated Rod Quill Ballpoint Pen For School Writing ▏Wedding Gift Signature Pen (Black)</p><p>$6.97</p><a href="https://www.amazon.com/dp/B0779F2TXJ?tag=eloabder-20&linkCode=osi&th=1&psc=1">View Product</a></div><div class="product"><a href="https://www.amazon.com/dp/B0CQF3BJ3S?tag=eloabder-20&linkCode=osi&th=1&psc=1"><img src="https://m.media-amazon.com/images/I/41gs6AOiP6L._SL500_.jpg" alt="Product Image"></a><p>3 in 1 Retractable Ballpoint Pen with Light and Stylus, Nice Pens for Journaling Writing in The Dark - White/Red Light Tip- 0.7mm Black Ink</p><p>$12.99</p><a href="https://www.amazon.com/dp/B0CQF3BJ3S?tag=eloabder-20&linkCode=osi&th=1&psc=1">View Product</a></div><div class="product"><a href="https://www.amazon.com/dp/B08BBZ3B8G?tag=eloabder-20&linkCode=osi&th=1&psc=1"><img src="https://m.media-amazon.com/images/I/41cMHyw60wL._SL500_.jpg" alt="Product Image"></a><p>Mr. Pen- Pens, Black Pens, 12 Pack, Fast Dry, No Smear Pens, Bible Pens, Pens for Journaling, Pens No Bleed Through, Pens Fine Point, Journal Pens, Fine Tip, Planner Pens, Ball Point Journal Pens</p><p>$9.99</p><a href="https://www.amazon.com/dp/B08BBZ3B8G?tag=eloabder-20&linkCode=osi&th=1&psc=1">View Product</a></div><div class="product"><a href="https://www.amazon.com/dp/B0D4YWWGX6?tag=eloabder-20&linkCode=osi&th=1&psc=1"><img src="https://m.media-amazon.com/images/I/31xHBCCzJqL._SL500_.jpg" alt="Product Image"></a><p>PATIKIL 21cm/8" Feather Ballpoint Pen, 1Pcs Ink Vintage Quill Pen Refined Plated Dip Pen for Calligraphy Writing Signature Wedding Gift, Yellow</p><p>$7.49</p><a href="https://www.amazon.com/dp/B0D4YWWGX6?tag=eloabder-20&linkCode=osi&th=1&psc=1">View Product</a></div>

<div class="product"><a href="https://www.amazon.com/dp/B001TLDEVQ?tag=eloabder-20&linkCode=osi&th=1&psc=1"><img src="https://m.media-amazon.com/images/I/41jYF39F6lL._SL500_.jpg" alt="Product Image"></a><p>Beadalon SuppleMax Illusion Beading Cord, 0.40 mm / 0.016 in, Clear Monofilament, 50 m / 164 ft</p><p>$4.74</p><a href="https://www.amazon.com/dp/B001TLDEVQ?tag=eloabder-20&linkCode=osi&th=1&psc=1">View Product</a></div><div class="product"><a href="https://www.amazon.com/dp/B0D2HVFZ7Q?tag=eloabder-20&linkCode=osi&th=1&psc=1"><img src="https://m.media-amazon.com/images/I/41R66LMYz7L._SL500_.jpg" alt="Product Image"></a><p>Zxiixz 116Yards 0.5mm Bracelet String, Waxed String Cord for Bracelet Making, Beading Thread for Bracelet Beads, Friendship Bracelet String for Bracelet Making, Waxed Polyester Cord for Jewelry Making</p><p>$6.99</p><a href="https://www.amazon.com/dp/B0D2HVFZ7Q?tag=eloabder-20&linkCode=osi&th=1&psc=1">View Product</a></div><div class="product"><a href="https://www.amazon.com/dp/B07BNF8KH5?tag=eloabder-20&linkCode=osi&th=1&psc=1"><img src="https://m.media-amazon.com/images/I/51jVByheyVL._SL500_.jpg" alt="Product Image"></a><p>PH PandaHall 100 Yards 1mm Waxed Cotton Cord Thread Beading String for Bracelet Necklace Making Crafting Beading Macrame Vase Decor, Burlywood</p><p>$7.19 ($0.02 / Foot)</p><a href="https://www.amazon.com/dp/B07BNF8KH5?tag=eloabder-20&linkCode=osi&th=1&psc=1">View Product</a></div><div class="product"><a href="https://www.amazon.com/dp/B07HBPGXJG?tag=eloabder-20&linkCode=osi&th=1&psc=1"><img src="https://m.media-amazon.com/images/I/41xi8gO6kDL._SL500_.jpg" alt="Product Image"></a><p>Paxcoo 0.8mm Elastic String, Stretchy Bracelet String Crystal String Bead Cord for Bracelet, Beading and Jewelry Making (120m)</p><p>$6.99 ($0.02 / Foot)</p><a href="https://www.amazon.com/dp/B07HBPGXJG?tag=eloabder-20&linkCode=osi&th=1&psc=1">View Product</a></div><div class="product"><a href="https://www.amazon.com/dp/B0CNPST7D9?tag=eloabder-20&linkCode=osi&th=1&psc=1"><img src="https://m.media-amazon.com/images/I/41A9VISFC4L._SL500_.jpg" alt="Product Image"></a><p>Kblick Black Nylon String Cord - 1MM 100 Yards Black Twine, Bracelet String for Bracelet Making, Braided Ornament Lanyard Sting, Jewelry Thread Clay Bead String for Crafts, Macrame Satin Cord</p><p>$5.99 ($0.02 / Foot)</p><a href="https://www.amazon.com/dp/B0CNPST7D9?tag=eloabder-20&linkCode=osi&th=1&psc=1">View Product</a></div><div class="product"><a href="https://www.amazon.com/dp/B08GC3JF9X?tag=eloabder-20&linkCode=osi&th=1&psc=1"><img src="https://m.media-amazon.com/images/I/41FQZYhvQpL._SL500_.jpg" alt="Product Image"></a><p>Cheriswelry 100M 0.8mm Nylon Beading Cord Black Chinese Knotting Rattail Macrame Thread String Roll for Jewelry Making Kumihimo Wrapping Supplies DIY Crafts</p><p>$6.99 ($0.02 / Fl Oz)</p><a href="https://www.amazon.com/dp/B08GC3JF9X?tag=eloabder-20&linkCode=osi&th=1&psc=1">View Product</a></div><div class="product"><a href="https://www.amazon.com/dp/B0B3V9RWQC?tag=eloabder-20&linkCode=osi&th=1&psc=1"><img src="https://m.media-amazon.com/images/I/41F-OP+yCxL._SL500_.jpg" alt="Product Image"></a><p>Griffin Silk Bead Cord Perlseide – Black Color – Size 3 (0.50mm) – 2 Meters per Card – Stainless Steel Needle Attached – for Knotting Pearls, Gemstones, Crystals and Beads</p><p>$4.99 ($0.76 / Foot)</p><a href="https://www.amazon.com/dp/B0B3V9RWQC?tag=eloabder-20&linkCode=osi&th=1&psc=1">View Product</a></div><div class="product"><a href="https://www.amazon.com/dp/B08F49YVQP?tag=eloabder-20&linkCode=osi&th=1&psc=1"><img src="https://m.media-amazon.com/images/I/41yCMIpj0rS._SL500_.jpg" alt="Product Image"></a><p>1mm Stretchy Bracelet String, Sturdy Rainbow Elastic String Elastic Cord for Jewelry Making, Necklaces, Beading and Crafts</p><p>$6.99 ($0.04 / Foot)</p><a href="https://www.amazon.com/dp/B08F49YVQP?tag=eloabder-20&linkCode=osi&th=1&psc=1">View Product</a></div>

<div class="product"><a href="https://www.amazon.com/dp/B001GMUBJ6?tag=eloabder-20&linkCode=osi&th=1&psc=1"><img src="https://m.media-amazon.com/images/I/41V5qzn3H5L._SL500_.jpg" alt="Product Image"></a><p>The Beadsmith Fireline by Berkley – Micro-Fused Braided Thread – 6lb. Test, 006”/.15mm Diameter, 50 Yard Spool, Crystal Color – Super Strong Stringing Material for Jewelry Making and Bead Weaving</p><p>$12.59</p><a href="https://www.amazon.com/dp/B001GMUBJ6?tag=eloabder-20&linkCode=osi&th=1&psc=1">View Product</a></div><div class="product"><a href="https://www.amazon.com/dp/B001UAKK0Y?tag=eloabder-20&linkCode=osi&th=1&psc=1"><img src="https://m.media-amazon.com/images/I/41rY1D0wfuL._SL500_.jpg" alt="Product Image"></a><p>Beadalon Wildfire, 0.006 in, 0.15 mm, Break Strength 10 lb / 4.5 kg, Frost, 50 yd / 45 m</p><p>$8.85 ($0.06 / Foot)</p><a href="https://www.amazon.com/dp/B001UAKK0Y?tag=eloabder-20&linkCode=osi&th=1&psc=1">View Product</a></div><div class="product"><a href="https://www.amazon.com/dp/B095WY58F4?tag=eloabder-20&linkCode=osi&th=1&psc=1"><img src="https://m.media-amazon.com/images/I/41mXRfJqcjL._SL500_.jpg" alt="Product Image"></a><p>PH PandaHall 0.1mm Nylon Seed Bead Thread 100 Yards Black White Bracelet Cord Beading Thread Invisible Sewing Thread Nylon Braided Thread String for Leather Stitching Beading Jewelry Bracelets Making</p><p>$9.99 ($0.03 / Foot)</p><a href="https://www.amazon.com/dp/B095WY58F4?tag=eloabder-20&linkCode=osi&th=1&psc=1">View Product</a></div><div class="product"><a href="https://www.amazon.com/dp/B08RN2R2SZ?tag=eloabder-20&linkCode=osi&th=1&psc=1"><img src="https://m.media-amazon.com/images/I/41Tg2MMC++L._SL500_.jpg" alt="Product Image"></a><p>KO Nylon Beading Thread, White Color, Japanese Pre-Waxed 100% Nylon, 330TEX, Tangle Resistant Knotting Cords, 50m /55 yds Spool, Use for Seed Bead Projects, Loom Work & Bead Weaving</p><p>$7.06 ($0.04 / Foot)</p><a href="https://www.amazon.com/dp/B08RN2R2SZ?tag=eloabder-20&linkCode=osi&th=1&psc=1">View Product</a></div><div class="product"><a href="https://www.amazon.com/dp/B09J89ST79?tag=eloabder-20&linkCode=osi&th=1&psc=1"><img src="https://m.media-amazon.com/images/I/41hLuuOZeXL._SL500_.jpg" alt="Product Image"></a><p>2 Roll Polyester Thread, Heavy Duty Thread, 1500Yard/Reel 210D/3 nylon thread for sewing, Sewing Thread for Upholstery, Outdoor Market, Drapery, Leather, Beading, Crafts</p><p>$7.99 ($0.00 / Foot)</p><a href="https://www.amazon.com/dp/B09J89ST79?tag=eloabder-20&linkCode=osi&th=1&psc=1">View Product</a></div><div class="product"><a href="https://www.amazon.com/dp/B0C6MSY7QQ?tag=eloabder-20&linkCode=osi&th=1&psc=1"><img src="https://m.media-amazon.com/images/I/31Bn-MyA62L._SL500_.jpg" alt="Product Image"></a><p>PH PandaHall 0.1mm Nylon String 100 Yards Beading Thread White Nylon Seed Bead Thread Bracelet Beading Thread Sewing String for Leather Stitching Beading Jewelry Bracelets Making</p><p>$7.99 ($0.03 / Foot)</p><a href="https://www.amazon.com/dp/B0C6MSY7QQ?tag=eloabder-20&linkCode=osi&th=1&psc=1">View Product</a></div>

<div class="product"><a href="https://www.amazon.com/dp/B07NMNDT1W?tag=eloabder-20&linkCode=osi&th=1&psc=1"><img src="https://m.media-amazon.com/images/I/41-zwQIcVcL._SL500_.jpg" alt="Product Image"></a><p>Howemon White Beeswax Pellets 2LB 100% Pure and Natural Triple Filtered for Skin, Face, Body and Hair Care DIY Creams, Lotions, Lip Balm and Soap Making Supplies</p><p>$13.99 ($0.44 / Fl Oz)</p><a href="https://www.amazon.com/dp/B07NMNDT1W?tag=eloabder-20&linkCode=osi&th=1&psc=1">View Product</a></div><div class="product"><a href="https://www.amazon.com/dp/B00B3U0FW4?tag=eloabder-20&linkCode=osi&th=1&psc=1"><img src="https://m.media-amazon.com/images/I/51rWFCST+TL._SL500_.jpg" alt="Product Image"></a><p>Beesworks Yellow Beeswax Pellets (1 lb) | 100% Pure, Cosmetic Grade, Triple-Filtered Beeswax for DIY Skin care, Lip Balm, Lotion, and Candle Making</p><p>$13.99 ($0.87 / Ounce)</p><a href="https://www.amazon.com/dp/B00B3U0FW4?tag=eloabder-20&linkCode=osi&th=1&psc=1">View Product</a></div><div class="product"><a href="https://www.amazon.com/dp/B01LWX2IO1?tag=eloabder-20&linkCode=osi&th=1&psc=1"><img src="https://m.media-amazon.com/images/I/41MlNqhDyCL._SL500_.jpg" alt="Product Image"></a><p>Beesworks Yellow Beeswax Bars (6 oz) | 100% Pure, Cosmetic Grade, Triple-Filtered Beeswax for DIY Skin Care, Lip Balm, Lotion and Candle Making (1 oz Bars - Pack of 6)</p><p>$6.99</p><a href="https://www.amazon.com/dp/B01LWX2IO1?tag=eloabder-20&linkCode=osi&th=1&psc=1">View Product</a></div><div class="product"><a href="https://www.amazon.com/dp/B0BV77F19N?tag=eloabder-20&linkCode=osi&th=1&psc=1"><img src="https://m.media-amazon.com/images/I/41xzHaO1-EL._SL500_.jpg" alt="Product Image"></a><p>Beeswax Pellets 10LB Cosmetic Beeswax Triple Filtered Beeswax Pastilles for Candle Making Great for DIY Projects Creams Lotions Lip Balm and Soap Making Supplies(10LB)</p><p>$32.99</p><a href="https://www.amazon.com/dp/B0BV77F19N?tag=eloabder-20&linkCode=osi&th=1&psc=1">View Product</a></div><div class="product"><a href="https://www.amazon.com/dp/B0C9QSG3CY?tag=eloabder-20&linkCode=osi&th=1&psc=1"><img src="https://m.media-amazon.com/images/I/414XQcU6SRL._SL500_.jpg" alt="Product Image"></a><p>YASNAY White Beeswax Pellets 2LB, 100% Organic Beeswax, Beeswax for Candle Making, Body, Skin Care DIY, Lip Balm and Soap Making Supplies</p><p>$11.99</p><a href="https://www.amazon.com/dp/B0C9QSG3CY?tag=eloabder-20&linkCode=osi&th=1&psc=1">View Product</a></div><div class="product"><a href="https://www.amazon.com/dp/B097HTC4WN?tag=eloabder-20&linkCode=osi&th=1&psc=1"><img src="https://m.media-amazon.com/images/I/51pwMM7C6-L._SL500_.jpg" alt="Product Image"></a><p>Eco Lux 8 Yellow Beeswax Blocks 100% Pure Natural Organic Bees Wax 6.5oz</p><p>$8.49 ($1.35 / Ounce)</p><a href="https://www.amazon.com/dp/B097HTC4WN?tag=eloabder-20&linkCode=osi&th=1&psc=1">View Product</a></div><div class="product"><a href="https://www.amazon.com/dp/B00HDHQQCE?tag=eloabder-20&linkCode=osi&th=1&psc=1"><img src="https://m.media-amazon.com/images/I/41vF-7MwNhL._SL500_.jpg" alt="Product Image"></a><p>Murray's 100% Pure Beeswax 4 oz</p><p>$5.98 ($1.50 / Ounce)</p><a href="https://www.amazon.com/dp/B00HDHQQCE?tag=eloabder-20&linkCode=osi&th=1&psc=1">View Product</a></div><div class="product"><a href="https://www.amazon.com/dp/B09YM8JTLM?tag=eloabder-20&linkCode=osi&th=1&psc=1"><img src="https://m.media-amazon.com/images/I/41cjNuBnFEL._SL500_.jpg" alt="Product Image"></a><p>TRINIDa Beeswax Pellets 2LB(32 oz), 100% Organic Yellow Bees Wax for DIY Candles, Beeswax for Candle Making, Skin, Body, Face, and Hair Care, Lotions, DIY Creams, Lip Balm and Soap Making Supplies</p><p>$11.99</p><a href="https://www.amazon.com/dp/B09YM8JTLM?tag=eloabder-20&linkCode=osi&th=1&psc=1">View Product</a></div><div class="product"><a href="https://www.amazon.com/dp/B00F3CNMV4?tag=eloabder-20&linkCode=osi&th=1&psc=1"><img src="https://m.media-amazon.com/images/I/31pjrRAEa4L._SL500_.jpg" alt="Product Image"></a><p>Stakich Yellow Beeswax Block - Natural, Triple Filtered - 1 Pound, Honey Scent</p><p>$13.95 ($0.87 / Ounce)</p><a href="https://www.amazon.com/dp/B00F3CNMV4?tag=eloabder-20&linkCode=osi&th=1&psc=1">View Product</a></div><div class="product"><a href="https://www.amazon.com/dp/B0BXFZBZS9?tag=eloabder-20&linkCode=osi&th=1&psc=1"><img src="https://m.media-amazon.com/images/I/4178i9IB9KL._SL500_.jpg" alt="Product Image"></a><p>5LB Beeswax Pellets Beeswax for Candle Making Organic Beeswax Pellets for Skin Beeswax Beads Beeswax Bulk Beeswax for Lotion Making Organic for DIY and Craft Project</p><p>$22.99</p><a href="https://www.amazon.com/dp/B0BXFZBZS9?tag=eloabder-20&linkCode=osi&th=1&psc=1">View Product</a></div>
<div class="product"><a href="https://www.amazon.com/dp/B0052F1BVK?tag=eloabder-20&linkCode=osi&th=1&psc=1"><img src="https://m.media-amazon.com/images/I/41zE9eiGoLL._SL500_.jpg" alt="Product Image"></a><p>ACC Staples Large Binder Clips, 2" Width, 1" Capacity, Black, 12/Pk</p><p>$6.30</p><a href="https://www.amazon.com/dp/B0052F1BVK?tag=eloabder-20&linkCode=osi&th=1&psc=1">View Product</a></div><div class="product"><a href="https://www.amazon.com/dp/B07MLFR771?tag=eloabder-20&linkCode=osi&th=1&psc=1"><img src="https://m.media-amazon.com/images/I/51N2wxA7N0L._SL500_.jpg" alt="Product Image"></a><p>CooBigo 50 Pack Binder Ring, Metal Book Ring Paper Ring Holder 5/8-Inch Loose Leaf Binder Ring Clip for Index Card, Flash Card Ring, Card Calendar, Keychain Key Ring - Bronze</p><p>$6.99</p><a href="https://www.amazon.com/dp/B07MLFR771?tag=eloabder-20&linkCode=osi&th=1&psc=1">View Product</a></div><div class="product"><a href="https://www.amazon.com/dp/B01563NHGY?tag=eloabder-20&linkCode=osi&th=1&psc=1"><img src="https://m.media-amazon.com/images/I/41gj+0ZftqL._SL500_.jpg" alt="Product Image"></a><p>vanki Pack of 40 Cute Lovely Smiling Face Spring-Loaded File Organizer Paper Holder Metal Binder Clips, Assorted Color</p><p>$8.99</p><a href="https://www.amazon.com/dp/B01563NHGY?tag=eloabder-20&linkCode=osi&th=1&psc=1">View Product</a></div><div class="product"><a href="https://www.amazon.com/dp/B000GOUDSO?tag=eloabder-20&linkCode=osi&th=1&psc=1"><img src="https://m.media-amazon.com/images/I/41ZANISHgML._SL500_.jpg" alt="Product Image"></a><p>Small Binder Clips .75" 8/Pkg-Assorted Colors</p><p>$4.46</p><a href="https://www.amazon.com/dp/B000GOUDSO?tag=eloabder-20&linkCode=osi&th=1&psc=1">View Product</a></div>
<div class="product"><a href="https://www.amazon.com/dp/B07PRPX4VR?tag=eloabder-20&linkCode=osi&th=1&psc=1"><img src="https://m.media-amazon.com/images/I/41IMH12fdPL._SL500_.jpg" alt="Product Image"></a><p>Durable Sheet Lifters, Durable Easy Flow, 11" x 3", Lifts Sheets Over Rings and Protects Sheets from Tearing, Fit Standard 3-Ring Binders, Black (20 Pack)</p><p>$14.99</p><a href="https://www.amazon.com/dp/B07PRPX4VR?tag=eloabder-20&linkCode=osi&th=1&psc=1">View Product</a></div><div class="product"><a href="https://www.amazon.com/dp/B0CM8QJHFW?tag=eloabder-20&linkCode=osi&th=1&psc=1"><img src="https://m.media-amazon.com/images/I/31cJGS74oCL._SL500_.jpg" alt="Product Image"></a><p>Wantane D-Shaped Tape Storage Ring Tape Storage Ring 4" D-Shaped Washi Tape Storage Ring for DIY Decoration and Storage（Nickel）-2PCS</p><p>$7.99</p><a href="https://www.amazon.com/dp/B0CM8QJHFW?tag=eloabder-20&linkCode=osi&th=1&psc=1">View Product</a></div>
<div class="product"><a href="https://www.amazon.com/dp/B00006IAS3?tag=eloabder-20&linkCode=osi&th=1&psc=1"><img src="https://m.media-amazon.com/images/I/317DvSXhT1L._SL500_.jpg" alt="Product Image"></a><p>GBC Binding System, Manual, Desktop Binding Punch, 6 Sheet Punch Capacity, ProClick P50 (2515650)</p><p>$123.89</p><a href="https://www.amazon.com/dp/B00006IAS3?tag=eloabder-20&linkCode=osi&th=1&psc=1">View Product</a></div><div class="product"><a href="https://www.amazon.com/dp/B004BP81KQ?tag=eloabder-20&linkCode=osi&th=1&psc=1"><img src="https://m.media-amazon.com/images/I/51SqfeZ12KL._SL500_.jpg" alt="Product Image"></a><p>We R Memory Keepers Cinch Book Binding Wire (1-Inch, Silver (2 Pack))</p><p>$5.99</p><a href="https://www.amazon.com/dp/B004BP81KQ?tag=eloabder-20&linkCode=osi&th=1&psc=1">View Product</a></div>

<div class="product"><a href="https://www.amazon.com/dp/B0007ZJ8TM?tag=eloabder-20&linkCode=osi&th=1&psc=1"><img src="https://m.media-amazon.com/images/I/41i49sz3UAL._SL500_.jpg" alt="Product Image"></a><p>Speedball Super Black India Ink, 2-Ounce</p><p>$9.99 ($9.99 / Count)</p><a href="https://www.amazon.com/dp/B0007ZJ8TM?tag=eloabder-20&linkCode=osi&th=1&psc=1">View Product</a></div><div class="product"><a href="https://www.amazon.com/dp/B0026I10AI?tag=eloabder-20&linkCode=osi&th=1&psc=1"><img src="https://m.media-amazon.com/images/I/31vklP4uBsL._SL500_.jpg" alt="Product Image"></a><p>Dr. Ph. Martin's Bombay India (7BY) Ink Bottle, 1.0 oz, Black</p><p>$6.99</p><a href="https://www.amazon.com/dp/B0026I10AI?tag=eloabder-20&linkCode=osi&th=1&psc=1">View Product</a></div><div class="product"><a href="https://www.amazon.com/dp/B000KNP96C?tag=eloabder-20&linkCode=osi&th=1&psc=1"><img src="https://m.media-amazon.com/images/I/51e9srYtG0L._SL500_.jpg" alt="Product Image"></a><p>Winsor & Newton Drawing Ink, 14ml Bottle, Black Indian</p><p>$10.99</p><a href="https://www.amazon.com/dp/B000KNP96C?tag=eloabder-20&linkCode=osi&th=1&psc=1">View Product</a></div><div class="product"><a href="https://www.amazon.com/dp/B07BQG5QF4?tag=eloabder-20&linkCode=osi&th=1&psc=1"><img src="https://m.media-amazon.com/images/I/41nEMDYZaiL._SL500_.jpg" alt="Product Image"></a><p>Speedball Super Black India Ink, 16-Ounce</p><p>$19.99</p><a href="https://www.amazon.com/dp/B07BQG5QF4?tag=eloabder-20&linkCode=osi&th=1&psc=1">View Product</a></div><div class="product"><a href="https://www.amazon.com/dp/B001038NLY?tag=eloabder-20&linkCode=osi&th=1&psc=1"><img src="https://m.media-amazon.com/images/I/418i4sxJJ0L._SL500_.jpg" alt="Product Image"></a><p>Speedball Fabric Screen Printing Ink, 8-Ounce, Black for T-Shirt and Silkscreen Printmaking</p><p>$12.99 ($1.62 / Fl Oz)</p><a href="https://www.amazon.com/dp/B001038NLY?tag=eloabder-20&linkCode=osi&th=1&psc=1">View Product</a></div><div class="product"><a href="https://www.amazon.com/dp/B00161OPSA?tag=eloabder-20&linkCode=osi&th=1&psc=1"><img src="https://m.media-amazon.com/images/I/41C32y3CJAL._SL500_.jpg" alt="Product Image"></a><p>Tsukineko VersaFine inkpad, Full-Size, Onyx Black</p><p>$4.99 ($4.99 / Count)</p><a href="https://www.amazon.com/dp/B00161OPSA?tag=eloabder-20&linkCode=osi&th=1&psc=1">View Product</a></div>
<div class="product"><a href="https://www.amazon.com/dp/B07Q4TJCDJ?tag=eloabder-20&linkCode=osi&th=1&psc=1"><img src="https://m.media-amazon.com/images/I/315HYvYg-BL._SL500_.jpg" alt="Product Image"></a><p>Primbeeks 300pcs Blank Business Cards, Premium Blank White Cards, 3.5" x 2.2" Small Blank Cards, Blank Cardstock Cards, Small Note Cards, white blank cards, white business cards, kraft paper cards</p><p>$7.99</p><a href="https://www.amazon.com/dp/B07Q4TJCDJ?tag=eloabder-20&linkCode=osi&th=1&psc=1">View Product</a></div><div class="product"><a href="https://www.amazon.com/dp/B0CRGHFLT8?tag=eloabder-20&linkCode=osi&th=1&psc=1"><img src="https://m.media-amazon.com/images/I/41S1NLpb8hL._SL500_.jpg" alt="Product Image"></a><p>Watercolor Cards and Envelopes Set - 50 Folded 5x7 Inch Blank Heavyweight Paper Cards (140lb/300gsm) with Matching Envelopes for DIY Greeting Cards, Festivals, and Events</p><p>$17.99 ($0.36 / Count)</p><a href="https://www.amazon.com/dp/B0CRGHFLT8?tag=eloabder-20&linkCode=osi&th=1&psc=1">View Product</a></div><div class="product"><a href="https://www.amazon.com/dp/B08MX4TZ3H?tag=eloabder-20&linkCode=osi&th=1&psc=1"><img src="https://m.media-amazon.com/images/I/41D2u4vdLQL._SL500_.jpg" alt="Product Image"></a><p>50 Pack Blank Kraft Cards Cardstock Thick Paper Brown Greeting Cards for DIY Gift Card Menus, Baby Shower and Wedding Invitations (Multicolored, 5x7IN)</p><p>$8.99</p><a href="https://www.amazon.com/dp/B08MX4TZ3H?tag=eloabder-20&linkCode=osi&th=1&psc=1">View Product</a></div><div class="product"><a href="https://www.amazon.com/dp/B08BDGGVMK?tag=eloabder-20&linkCode=osi&th=1&psc=1"><img src="https://m.media-amazon.com/images/I/41W-dTUoBqL._SL500_.jpg" alt="Product Image"></a><p>100pcs 3.54"x2" Blank Kraft Paper Business Card, Words Message Notes paper Tags, Mini Craft Cardboard Festival gifts - 6 colors</p><p>$5.98</p><a href="https://www.amazon.com/dp/B08BDGGVMK?tag=eloabder-20&linkCode=osi&th=1&psc=1">View Product</a></div><div class="product"><a href="https://www.amazon.com/dp/B08BFDJJ78?tag=eloabder-20&linkCode=osi&th=1&psc=1"><img src="https://m.media-amazon.com/images/I/61LZ1Csb+dL._SL500_.jpg" alt="Product Image"></a><p>Nettbe 100pcs 3.54"x2" Blank Kraft Paper Business Card, Words Message Notes paper Tags, Mini Craft Cardboard Festival gifts</p><p>$5.99</p><a href="https://www.amazon.com/dp/B08BFDJJ78?tag=eloabder-20&linkCode=osi&th=1&psc=1">View Product</a></div><div class="product"><a href="https://www.amazon.com/dp/B07Q8YBJM3?tag=eloabder-20&linkCode=osi&th=1&psc=1"><img src="https://m.media-amazon.com/images/I/31w6U4cCqEL._SL500_.jpg" alt="Product Image"></a><p>Primbeeks 228pcs Blank Business Cards, Premium Blank White Cards, 3.5" x 2.2" Small Blank Cards, Blank Cardstock Cards, Small Note Cards, white blank cards, white business cards, kraft paper cards</p><p>$5.99</p><a href="https://www.amazon.com/dp/B07Q8YBJM3?tag=eloabder-20&linkCode=osi&th=1&psc=1">View Product</a></div><div class="product"><a href="https://www.amazon.com/dp/B08X4Z9TGN?tag=eloabder-20&linkCode=osi&th=1&psc=1"><img src="https://m.media-amazon.com/images/I/41Jqhe35tDL._SL500_.jpg" alt="Product Image"></a><p>321Done Blank Rustic Cards, Made in USA - 4x6 Thick, Heavy Cardstock - Make Invites, Greeting, Note, Thank You Cards - Plain Kraft for Writing, Stamping, Printing, Art - No Envelopes - Set of 50</p><p>$14.99</p><a href="https://www.amazon.com/dp/B08X4Z9TGN?tag=eloabder-20&linkCode=osi&th=1&psc=1">View Product</a></div><div class="product"><a href="https://www.amazon.com/dp/B0D2KDWBNM?tag=eloabder-20&linkCode=osi&th=1&psc=1"><img src="https://m.media-amazon.com/images/I/31dAhnBJ7aL._SL500_.jpg" alt="Product Image"></a><p>4x6 Blank White Cardstock (Set of 100) - Card Stock for Printer Postcards, Photo Paper Invitations, Greeting, Note, Thank You, DIY Making, Index Cards - Plain for Writing, Stamping, Printing, Art</p><p>$8.99</p><a href="https://www.amazon.com/dp/B0D2KDWBNM?tag=eloabder-20&linkCode=osi&th=1&psc=1">View Product</a></div><div class="product"><a href="https://www.amazon.com/dp/B0BB858RYN?tag=eloabder-20&linkCode=osi&th=1&psc=1"><img src="https://m.media-amazon.com/images/I/317zmriPKNL._SL500_.jpg" alt="Product Image"></a><p>WANDERINGS Handmade White Deckle Edge Blank Greeting Cards- Folded to 5x7” - Pack of 25 - Writers, Artists, Crafters - Thank Yous, Invitations, Menus, Greeting Cards, Notes - Thick 150 GSM</p><p>$21.99 ($0.88 / Count)</p><a href="https://www.amazon.com/dp/B0BB858RYN?tag=eloabder-20&linkCode=osi&th=1&psc=1">View Product</a></div><div class="product"><a href="https://www.amazon.com/dp/B0BZPPXRZW?tag=eloabder-20&linkCode=osi&th=1&psc=1"><img src="https://m.media-amazon.com/images/I/21Da-WQhrpL._SL500_.jpg" alt="Product Image"></a><p>100 Pack Thick Paper Cardstock Blank Heavy Cards Stock for Invitations, Greeting Cards Making, Postcards, Photos, 250GSM Thick Paper (White, 2x3.5 inches)</p><p>$5.99</p><a href="https://www.amazon.com/dp/B0BZPPXRZW?tag=eloabder-20&linkCode=osi&th=1&psc=1">View Product</a></div>
<div class="product"><a href="https://www.amazon.com/dp/B0BZRDQKH6?tag=eloabder-20&linkCode=osi&th=1&psc=1"><img src="https://m.media-amazon.com/images/I/41GYYRiusgL._SL500_.jpg" alt="Product Image"></a><p>feela 8 Pack Unlined Kraft Paper Notebooks, Blank Journal Note Pad for Drawing Writing, Small Sketchbook Travel Journal Bulk for Women Kids Students Office School Supplies, A5, 60 Pages, 8.3” X 5.5”</p><p>$9.99</p><a href="https://www.amazon.com/dp/B0BZRDQKH6?tag=eloabder-20&linkCode=osi&th=1&psc=1">View Product</a></div><div class="product"><a href="https://www.amazon.com/dp/B0BXLB74KK?tag=eloabder-20&linkCode=osi&th=1&psc=1"><img src="https://m.media-amazon.com/images/I/313vYzg7HpL._SL500_.jpg" alt="Product Image"></a><p>ZZTX 4 Pack Blank Kraft Notebooks, Blank Paper Sketchbooks for Drawing Doodling Writing,Travel Journal Set, A5, 36 Pages, 8.3” X 5.5”</p><p>$5.99</p><a href="https://www.amazon.com/dp/B0BXLB74KK?tag=eloabder-20&linkCode=osi&th=1&psc=1">View Product</a></div><div class="product"><a href="https://www.amazon.com/dp/B0BW5TNPXJ?tag=eloabder-20&linkCode=osi&th=1&psc=1"><img src="https://m.media-amazon.com/images/I/31Wu8UP78iL._SL500_.jpg" alt="Product Image"></a><p>EOOUT Kraft Notebooks, Blank Page Journals in Bulk, 16pcs A5, 8.3 X 5.5 Inches, 60 Pages, 80gsm, Travel Journal Set, for Art Camp, Travelers, Students and Office Supplies Sketchbooks Bulk for Kids</p><p>$15.99</p><a href="https://www.amazon.com/dp/B0BW5TNPXJ?tag=eloabder-20&linkCode=osi&th=1&psc=1">View Product</a></div><div class="product"><a href="https://www.amazon.com/dp/B08P3F46SD?tag=eloabder-20&linkCode=osi&th=1&psc=1"><img src="https://m.media-amazon.com/images/I/41jeBDcZJ1L._SL500_.jpg" alt="Product Image"></a><p>Krafty Soft Cover Blank Notebook Journal, Spiral Sketchbook Pad, Drawing Book, 60 Sheets/140gsm (A4)/120 Pages</p><p>$7.99</p><a href="https://www.amazon.com/dp/B08P3F46SD?tag=eloabder-20&linkCode=osi&th=1&psc=1">View Product</a></div><div class="product"><a href="https://www.amazon.com/dp/B0CWNPMC4T?tag=eloabder-20&linkCode=osi&th=1&psc=1"><img src="https://m.media-amazon.com/images/I/31BZeVGe6TL._SL500_.jpg" alt="Product Image"></a><p>zmybcpack 5 Pack Blank Journal Notebooks, Blank Paper Sketchbook for Drawing Writing, Travel Journal Notebook Kraft Paper Notebook for Travelers, Students, Office, A5, 8.26” x 5.5”, 60 Pages/30 Sheets</p><p>$8.99</p><a href="https://www.amazon.com/dp/B0CWNPMC4T?tag=eloabder-20&linkCode=osi&th=1&psc=1">View Product</a></div><div class="product"><a href="https://www.amazon.com/dp/B07WHYP9WN?tag=eloabder-20&linkCode=osi&th=1&psc=1"><img src="https://m.media-amazon.com/images/I/41ZhyCux1yL._SL500_.jpg" alt="Product Image"></a><p>Thick Blank Journal Notebook with Unlined / Unruled / Plain Pages | Deluxe 120gsm Ink Resistant Paper for Writing, Sketch Book, 160 Pages | Hardcover Sketchbook with Pen Holder, Pocket, Ribbon (Black)</p><p>$14.99</p><a href="https://www.amazon.com/dp/B07WHYP9WN?tag=eloabder-20&linkCode=osi&th=1&psc=1">View Product</a></div>
<div class="product"><a href="https://www.amazon.com/dp/B07MT7HKZW?tag=eloabder-20&linkCode=osi&th=1&psc=1"><img src="https://m.media-amazon.com/images/I/413JwH5JREL._SL500_.jpg" alt="Product Image"></a><p>Spiral Sketch Book Large Notebook（Built-in Drawing Board） Kraft Cover Blank Sketch Pad Wirebound Sketching for Drawing Painting 8.5x11-Inch (2 Pack) 200 Sheets, 100 Sheets, 200Pages Each</p><p>$17.99 ($9.00 / Count)</p><a href="https://www.amazon.com/dp/B07MT7HKZW?tag=eloabder-20&linkCode=osi&th=1&psc=1">View Product</a></div><div class="product"><a href="https://www.amazon.com/dp/B0BDQ82WB9?tag=eloabder-20&linkCode=osi&th=1&psc=1"><img src="https://m.media-amazon.com/images/I/51FoWr3GPwL._SL500_.jpg" alt="Product Image"></a><p>feela 170 Pack Blank Kraft Notebooks, Unlined Sketchbook Mini Cute Note Pad for Drawing Writing, Journal Bulk For Kids Students Office School Supplies, A6, 48 Pages, 4.25” X 5.5”, Black and Brown</p><p>$51.99</p><a href="https://www.amazon.com/dp/B0BDQ82WB9?tag=eloabder-20&linkCode=osi&th=1&psc=1">View Product</a></div><div class="product"><a href="https://www.amazon.com/dp/B0B3WWHWT2?tag=eloabder-20&linkCode=osi&th=1&psc=1"><img src="https://m.media-amazon.com/images/I/31m0FzXtPxL._SL500_.jpg" alt="Product Image"></a><p>Tamaki 6 Pack Colorful Blank Books for kids to Write, Drawing, Cute Sketchbook for Kid, 6 Colors (4.25 x 5.5 Inches)</p><p>$6.99</p><a href="https://www.amazon.com/dp/B0B3WWHWT2?tag=eloabder-20&linkCode=osi&th=1&psc=1">View Product</a></div>
<div class="product"><a href="https://www.amazon.com/dp/B0BGH2P9M6?tag=eloabder-20&linkCode=osi&th=1&psc=1"><img src="https://m.media-amazon.com/images/I/41ozOaYoHEL._SL500_.jpg" alt="Product Image"></a><p>EOOUT 100pcs A5 Kraft Notebooks, Blank Page Journals in Bulk, Sketchbooks Bulk for Kids, 60 Pages, 80GSM, 8.3 X 5.5 Inch, Travel Journal Set, for Art Camp, Travelers, Students and Office Supplies</p><p>$51.99</p><a href="https://www.amazon.com/dp/B0BGH2P9M6?tag=eloabder-20&linkCode=osi&th=1&psc=1">View Product</a></div><div class="product"><a href="https://www.amazon.com/dp/B07MT99F94?tag=eloabder-20&linkCode=osi&th=1&psc=1"><img src="https://m.media-amazon.com/images/I/41Ug7gpSWDL._SL500_.jpg" alt="Product Image"></a><p>Spiral Sketch Book Large Notebook（Built-in Drawing Board） Kraft Cover Blank Sketch Pad Wirebound Sketching for Drawing Painting 8.5x11-Inch (1 Pack) 200 Pages, 100 Sheets</p><p>$9.99</p><a href="https://www.amazon.com/dp/B07MT99F94?tag=eloabder-20&linkCode=osi&th=1&psc=1">View Product</a></div><div class="product"><a href="https://www.amazon.com/dp/B07CM32KLM?tag=eloabder-20&linkCode=osi&th=1&psc=1"><img src="https://m.media-amazon.com/images/I/41ENhBLE9DL._SL500_.jpg" alt="Product Image"></a><p>Kraft Cover Drawing Notebook & Sketchbook – Set of 2 Blank Plain Sketch Books – 125g Thick Paper A5 Size, 150x210mm Paper Ideal for Drawing & Sketching- 128 sheets/256 pages – 180 Degree Opening, 2pcs</p><p>$20.99 ($0.08 / Count)</p><a href="https://www.amazon.com/dp/B07CM32KLM?tag=eloabder-20&linkCode=osi&th=1&psc=1">View Product</a></div><div class="product"><a href="https://www.amazon.com/dp/B08ZLMLF7C?tag=eloabder-20&linkCode=osi&th=1&psc=1"><img src="https://m.media-amazon.com/images/I/41X-5yj83vL._SL500_.jpg" alt="Product Image"></a><p>BEECHMORE BOOKS Sketch Book, A4 8.5 x 11.5 inch Blank Sketchbook for Drawing, Paint and Draw, 156 Pages Thick Paper 160gsm, Hardcover Leather Art Notebook, Boxed for Gifts (Chestnut Brown)</p><p>$21.20</p><a href="https://www.amazon.com/dp/B08ZLMLF7C?tag=eloabder-20&linkCode=osi&th=1&psc=1">View Product</a></div>
<div class="product"><a href="https://www.amazon.com/dp/B075M9MSFH?tag=eloabder-20&linkCode=osi&th=1&psc=1"><img src="https://m.media-amazon.com/images/I/51x+szTX6TL._SL500_.jpg" alt="Product Image"></a><p>Bianyo Bleedproof Marker Paper Pad, A4(8.27"X11.69"), 50 Sheets, 18 LB / 70 GSM, Glue-Bound, 100% Cotton, White, Ideal for Use with Markers and Ink Mediums</p><p>$9.99</p><a href="https://www.amazon.com/dp/B075M9MSFH?tag=eloabder-20&linkCode=osi&th=1&psc=1">View Product</a></div><div class="product"><a href="https://www.amazon.com/dp/B08FX5S2NL?tag=eloabder-20&linkCode=osi&th=1&psc=1"><img src="https://m.media-amazon.com/images/I/41CA0ZfazKL._SL500_.jpg" alt="Product Image"></a><p>Marker Paper Sketchbook, Bleedproof Art Marker Pad, (8.27 X 11.69) Inch, White, 40 Sheets</p><p>$6.99</p><a href="https://www.amazon.com/dp/B08FX5S2NL?tag=eloabder-20&linkCode=osi&th=1&psc=1">View Product</a></div><div class="product"><a href="https://www.amazon.com/dp/B0CJRBFSJ8?tag=eloabder-20&linkCode=osi&th=1&psc=1"><img src="https://m.media-amazon.com/images/I/51DLA8TpwEL._SL500_.jpg" alt="Product Image"></a><p>Shuttle Art Marker Pad, 8.3”x8.9” Portable Square Sketchbook, 80 Sheets Marker Drawing Paper, 120LB/200GSM Bleedproof Art Paper, Spiral-Bound, Great for Professional Artist to Draw, Paint & Sketch</p><p>$16.99</p><a href="https://www.amazon.com/dp/B0CJRBFSJ8?tag=eloabder-20&linkCode=osi&th=1&psc=1">View Product</a></div><div class="product"><a href="https://www.amazon.com/dp/B09N7VX5Z5?tag=eloabder-20&linkCode=osi&th=1&psc=1"><img src="https://m.media-amazon.com/images/I/51xCPs9HZyL._SL500_.jpg" alt="Product Image"></a><p>Marker Paper Sketchbook - Marker Sketchbook with Bleedproof Smooth Coated Art Paper, 120 GSM 80 LBS - Marker Pad for Alcohol Markers, Sketching, Drawing - 8.11 x 8.5 Inch | 50 Sheets, 2 Pack</p><p>$15.99 ($8.00 / Count)</p><a href="https://www.amazon.com/dp/B09N7VX5Z5?tag=eloabder-20&linkCode=osi&th=1&psc=1">View Product</a></div><div class="product"><a href="https://www.amazon.com/dp/B07CK94W9T?tag=eloabder-20&linkCode=osi&th=1&psc=1"><img src="https://m.media-amazon.com/images/I/41ocoSNDjdL._SL500_.jpg" alt="Product Image"></a><p>BOXUN Premium 50 Sheets Sketch Marker Paper Pad, Bleedproof Artist Drawing Paper, 8.27 x 11.69 Inch</p><p>$8.29 ($0.17 / Count)</p><a href="https://www.amazon.com/dp/B07CK94W9T?tag=eloabder-20&linkCode=osi&th=1&psc=1">View Product</a></div><div class="product"><a href="https://www.amazon.com/dp/B0CPXWD11W?tag=eloabder-20&linkCode=osi&th=1&psc=1"><img src="https://m.media-amazon.com/images/I/51ApKzpDVNL._SL500_.jpg" alt="Product Image"></a><p>FEITAKE Marker Paper Pad Sketchbook Bleedproof for Alcohol Markers 120lb/200gsm Double Sided Thick Art Drawing Papers 60pages (30Sheets) / A4(8.3"x11.7") Gift for Artists Students Kids</p><p>$13.99 ($0.47 / Count)</p><a href="https://www.amazon.com/dp/B0CPXWD11W?tag=eloabder-20&linkCode=osi&th=1&psc=1">View Product</a></div><div class="product"><a href="https://www.amazon.com/dp/B0025TWYW6?tag=eloabder-20&linkCode=osi&th=1&psc=1"><img src="https://m.media-amazon.com/images/I/51t6UkUHCvL._SL500_.jpg" alt="Product Image"></a><p>Bee Paper Bleedproof Marker Pack, 8-1/2-Inch by 11-Inch, 50 Sheets per Pack</p><p>$17.09 ($0.34 / Count)</p><a href="https://www.amazon.com/dp/B0025TWYW6?tag=eloabder-20&linkCode=osi&th=1&psc=1">View Product</a></div><div class="product"><a href="https://www.amazon.com/dp/B0CJRBYYQB?tag=eloabder-20&linkCode=osi&th=1&psc=1"><img src="https://m.media-amazon.com/images/I/41knBnjZ25L._SL500_.jpg" alt="Product Image"></a><p>Shuttle Art Marker Pad, 8.3”x7.67” Portable Square Sketchbook, 50 Sheets Marker Drawing Paper, 60LB/90GSM Smooth Surface Bleedproof Art Paper, Glue-Bound, Great for Beginners to Draw, Paint & Sketch</p><p>$8.99 ($0.18 / Count)</p><a href="https://www.amazon.com/dp/B0CJRBYYQB?tag=eloabder-20&linkCode=osi&th=1&psc=1">View Product</a></div>
<div class="product"><a href="https://www.amazon.com/dp/B00881IU8M?tag=eloabder-20&linkCode=osi&th=1&psc=1"><img src="https://m.media-amazon.com/images/I/41hbSgdLBtL._SL500_.jpg" alt="Product Image"></a><p>Speedball Fabric & Paper Block Printing Ink 6-Color Set, 1.25-Ounce x 6</p><p>$28.99 ($28.99 / Count)</p><a href="https://www.amazon.com/dp/B00881IU8M?tag=eloabder-20&linkCode=osi&th=1&psc=1">View Product</a></div><div class="product"><a href="https://www.amazon.com/dp/B000J09PFM?tag=eloabder-20&linkCode=osi&th=1&psc=1"><img src="https://m.media-amazon.com/images/I/51yPRc4nvoL._SL500_.jpg" alt="Product Image"></a><p>Speedball Water-Soluble Block Printing Ink Starter Set, 6 Bold Colors with Satin Finish, 1.25-Ounce Tubes</p><p>$29.99 ($4.00 / Fl Oz)</p><a href="https://www.amazon.com/dp/B000J09PFM?tag=eloabder-20&linkCode=osi&th=1&psc=1">View Product</a></div><div class="product"><a href="https://www.amazon.com/dp/B000BYT24U?tag=eloabder-20&linkCode=osi&th=1&psc=1"><img src="https://m.media-amazon.com/images/I/51pDlo+LlKL._SL500_.jpg" alt="Product Image"></a><p>Speedball Water-Soluble Block Printing Ink, 8-Ounce Jar, Black</p><p>$14.49</p><a href="https://www.amazon.com/dp/B000BYT24U?tag=eloabder-20&linkCode=osi&th=1&psc=1">View Product</a></div><div class="product"><a href="https://www.amazon.com/dp/B00C1JUJWW?tag=eloabder-20&linkCode=osi&th=1&psc=1"><img src="https://m.media-amazon.com/images/I/41zDtJ6f5hL._SL500_.jpg" alt="Product Image"></a><p>Speedball Fabric Block Printing Ink, 2.5-Ounce, Black</p><p>$9.99 ($4.00 / Fl Oz)</p><a href="https://www.amazon.com/dp/B00C1JUJWW?tag=eloabder-20&linkCode=osi&th=1&psc=1">View Product</a></div><div class="product"><a href="https://www.amazon.com/dp/B004PZ1ZJG?tag=eloabder-20&linkCode=osi&th=1&psc=1"><img src="https://m.media-amazon.com/images/I/41+GkhhpR5L._SL500_.jpg" alt="Product Image"></a><p>Speedball Water-Soluble Block Printing Ink Starter Set, 4-Color Set, 1.25-Ounce Tubes</p><p>$20.99</p><a href="https://www.amazon.com/dp/B004PZ1ZJG?tag=eloabder-20&linkCode=osi&th=1&psc=1">View Product</a></div><div class="product"><a href="https://www.amazon.com/dp/B0017CZF3C?tag=eloabder-20&linkCode=osi&th=1&psc=1"><img src="https://m.media-amazon.com/images/I/41S17SYPAZL._SL500_.jpg" alt="Product Image"></a><p>Speedball Water Soluble Block Printing Ink, Black, 2-1/2 Ounces - 380663</p><p>$9.99</p><a href="https://www.amazon.com/dp/B0017CZF3C?tag=eloabder-20&linkCode=osi&th=1&psc=1">View Product</a></div><div class="product"><a href="https://www.amazon.com/dp/B0BXNX8FSH?tag=eloabder-20&linkCode=osi&th=1&psc=1"><img src="https://m.media-amazon.com/images/I/51JGm1VxVOL._SL500_.jpg" alt="Product Image"></a><p>Falling in Art Water-Soluble Block Printing Ink, 6-Color Printmaking Ink Set for Linoleum Block, 3.5 floz</p><p>$28.99</p><a href="https://www.amazon.com/dp/B0BXNX8FSH?tag=eloabder-20&linkCode=osi&th=1&psc=1">View Product</a></div><div class="product"><a href="https://www.amazon.com/dp/B0027ACJBO?tag=eloabder-20&linkCode=osi&th=1&psc=1"><img src="https://m.media-amazon.com/images/I/41OzayB9ojL._SL500_.jpg" alt="Product Image"></a><p>Speedball 3476 Oil-Based Block Printing Ink Starter Set for Professional, Permanent Prints AP Certified – 1.25 FL OZ Tubes</p><p>$33.99</p><a href="https://www.amazon.com/dp/B0027ACJBO?tag=eloabder-20&linkCode=osi&th=1&psc=1">View Product</a></div>
<div class="product"><a href="https://www.amazon.com/dp/B0027AGDWK?tag=eloabder-20&linkCode=osi&th=1&psc=1"><img src="https://m.media-amazon.com/images/I/515LDer6GPL._SL500_.jpg" alt="Product Image"></a><p>Speedball Deluxe Block Printing Kit - Includes Inks, Brayer, Bench Hook, Lino Handle and Cutters, Speedy-Carve Block, Mounted Linoleum Block</p><p>$59.99</p><a href="https://www.amazon.com/dp/B0027AGDWK?tag=eloabder-20&linkCode=osi&th=1&psc=1">View Product</a></div><div class="product"><a href="https://www.amazon.com/dp/B07ZJBZN5S?tag=eloabder-20&linkCode=osi&th=1&psc=1"><img src="https://m.media-amazon.com/images/I/41UbN58y9uS._SL500_.jpg" alt="Product Image"></a><p>SGHUO 12pcs 4"x6" Pink Rubber Carving Blocks Linoleum Block Stamp Making Kit</p><p>$22.99 ($1.92 / Count)</p><a href="https://www.amazon.com/dp/B07ZJBZN5S?tag=eloabder-20&linkCode=osi&th=1&psc=1">View Product</a></div>
<div class="product"><a href="https://www.amazon.com/dp/B00L2DYUM8?tag=eloabder-20&linkCode=osi&th=1&psc=1"><img src="https://m.media-amazon.com/images/I/51l5FZ0+5AL._SL500_.jpg" alt="Product Image"></a><p>Strathmore 300 Series Printmaking Paper Pad, Glue Bound, 5x7 inches, 40 Sheets (120g) - Artist Paper for Adults and Students - Block Printing, Linocut, Screen Printing, White</p><p>$7.26</p><a href="https://www.amazon.com/dp/B00L2DYUM8?tag=eloabder-20&linkCode=osi&th=1&psc=1">View Product</a></div><div class="product"><a href="https://www.amazon.com/dp/B07BSYS5XC?tag=eloabder-20&linkCode=osi&th=1&psc=1"><img src="https://m.media-amazon.com/images/I/51Uwfq0jv+L._SL500_.jpg" alt="Product Image"></a><p>Ucreate Printmaking Paper, 9"x12", White, 100 Sheet, P9001</p><p>$9.79</p><a href="https://www.amazon.com/dp/B07BSYS5XC?tag=eloabder-20&linkCode=osi&th=1&psc=1">View Product</a></div><div class="product"><a href="https://www.amazon.com/dp/B00K5562WA?tag=eloabder-20&linkCode=osi&th=1&psc=1"><img src="https://m.media-amazon.com/images/I/51Dm+TeJGdL._SL500_.jpg" alt="Product Image"></a><p>Strathmore Printmaking Paper Pad 8"X10"-20 Sheets -62433800, White</p><p>$10.19</p><a href="https://www.amazon.com/dp/B00K5562WA?tag=eloabder-20&linkCode=osi&th=1&psc=1">View Product</a></div><div class="product"><a href="https://www.amazon.com/dp/B001DNH8I0?tag=eloabder-20&linkCode=osi&th=1&psc=1"><img src="https://m.media-amazon.com/images/I/51UzoKdUojL._SL500_.jpg" alt="Product Image"></a><p>Black Ink 9-Inch by 12-Inch Bleached Mulberry Block Printing Paper, 25-Pack</p><p>$19.35 ($0.77 / Count)</p><a href="https://www.amazon.com/dp/B001DNH8I0?tag=eloabder-20&linkCode=osi&th=1&psc=1">View Product</a></div><div class="product"><a href="https://www.amazon.com/dp/B00C6G6L5Y?tag=eloabder-20&linkCode=osi&th=1&psc=1"><img src="https://m.media-amazon.com/images/I/5103h0Rm8sL._SL500_.jpg" alt="Product Image"></a><p>Black Ink Thai Mulberry Block Printing Paper Packs small assorted colors</p><p>$21.99</p><a href="https://www.amazon.com/dp/B00C6G6L5Y?tag=eloabder-20&linkCode=osi&th=1&psc=1">View Product</a></div>
<div class="product"><a href="https://www.amazon.com/dp/B003IG27OK?tag=eloabder-20&linkCode=osi&th=1&psc=1"><img src="https://m.media-amazon.com/images/I/416NUaYo1DL._SL500_.jpg" alt="Product Image"></a><p>Speedball Block Printing Baren - Comfortable Wooden Handle, Made in the USA - 4 Inches</p><p>$29.49</p><a href="https://www.amazon.com/dp/B003IG27OK?tag=eloabder-20&linkCode=osi&th=1&psc=1">View Product</a></div>
<div class="product"><a href="https://www.amazon.com/dp/B0CMZYY8CJ?tag=eloabder-20&linkCode=osi&th=1&psc=1"><img src="https://m.media-amazon.com/images/I/41TifSIP7SL._SL500_.jpg" alt="Product Image"></a><p>Ecoofor Blotting Paper for Flower Press, 20 Sheets Highly Absorbent and Reusable Blotter Paper for Flower Press Paper Craft 9 x 9 inch</p><p>$9.99</p><a href="https://www.amazon.com/dp/B0CMZYY8CJ?tag=eloabder-20&linkCode=osi&th=1&psc=1">View Product</a></div><div class="product"><a href="https://www.amazon.com/dp/B0CYRT3RM4?tag=eloabder-20&linkCode=osi&th=1&psc=1"><img src="https://m.media-amazon.com/images/I/31+qvVq3giL._SL500_.jpg" alt="Product Image"></a><p>Hygge & Sage Premium Natural Fiber Blotting Paper for Flower Press Art; 20 Large Sheets for a Press up to 8x11 Inches; Absorbent, Versatile, and Acid-Free Reusable Blotter Paper for Flower Pressing</p><p>$9.50 ($0.48 / Count)</p><a href="https://www.amazon.com/dp/B0CYRT3RM4?tag=eloabder-20&linkCode=osi&th=1&psc=1">View Product</a></div><div class="product"><a href="https://www.amazon.com/dp/B0D41GDLHM?tag=eloabder-20&linkCode=osi&th=1&psc=1"><img src="https://m.media-amazon.com/images/I/41LIF5dHXaL._SL500_.jpg" alt="Product Image"></a><p>Aboofx 20 Sheets Blotting Paper for Flower Press, 15" x 10" Extra Large Highly Absorbent Blotter Paper for Flower Press Reusable Herbarium Paper Craft Blotter Paper Sheets</p><p>$19.99</p><a href="https://www.amazon.com/dp/B0D41GDLHM?tag=eloabder-20&linkCode=osi&th=1&psc=1">View Product</a></div><div class="product"><a href="https://www.amazon.com/dp/B0CQMMYSBR?tag=eloabder-20&linkCode=osi&th=1&psc=1"><img src="https://m.media-amazon.com/images/I/413SlUi6IDL._SL500_.jpg" alt="Product Image"></a><p>Wisreach Blotting Paper for Flower Press, 20 Sheets Flower Press Paper Highly Absorbent and Reusable Blotter Paper for Flower Art A4 Size 8.26 x 11.4 inch</p><p>$9.99</p><a href="https://www.amazon.com/dp/B0CQMMYSBR?tag=eloabder-20&linkCode=osi&th=1&psc=1">View Product</a></div><div class="product"><a href="https://www.amazon.com/dp/B093FQ22PG?tag=eloabder-20&linkCode=osi&th=1&psc=1"><img src="https://m.media-amazon.com/images/I/41B2jXhe+QL._SL500_.jpg" alt="Product Image"></a><p>Blotting Paper for Flower Press by Berstuk® • Large A4 Flower Press Paper • Highly Absorbent and Reusable Herbarium Paper • Pack of 10 Blotter Paper Sheets</p><p>$6.99 ($69.90 / 100 Sheets)</p><a href="https://www.amazon.com/dp/B093FQ22PG?tag=eloabder-20&linkCode=osi&th=1&psc=1">View Product</a></div><div class="product"><a href="https://www.amazon.com/dp/B0C6PW4VGB?tag=eloabder-20&linkCode=osi&th=1&psc=1"><img src="https://m.media-amazon.com/images/I/21C64VB3iVL._SL500_.jpg" alt="Product Image"></a><p>PATIKIL 16"x12" Flower Press Paper, 1 Set/30 Sheet Refill Lining Blotter Paper Absorbent Reusable Blotting Paper for DIY Art Handicraft Scrapbook</p><p>$11.19</p><a href="https://www.amazon.com/dp/B0C6PW4VGB?tag=eloabder-20&linkCode=osi&th=1&psc=1">View Product</a></div><div class="product"><a href="https://www.amazon.com/dp/B0C6PTK915?tag=eloabder-20&linkCode=osi&th=1&psc=1"><img src="https://m.media-amazon.com/images/I/21UviFCGjtL._SL500_.jpg" alt="Product Image"></a><p>PATIKIL 12"x8" Flower Press Paper, 2 Set/60 Sheet Refill Lining Blotter Paper Absorbent Reusable Blotting Paper for DIY Art Handicraft Scrapbook</p><p>$13.69</p><a href="https://www.amazon.com/dp/B0C6PTK915?tag=eloabder-20&linkCode=osi&th=1&psc=1">View Product</a></div><div class="product"><a href="https://www.amazon.com/dp/B0CDJZ4MD7?tag=eloabder-20&linkCode=osi&th=1&psc=1"><img src="https://m.media-amazon.com/images/I/41iwkW+QQOL._SL500_.jpg" alt="Product Image"></a><p>30 PCS Blotting Paper for Flower Press Large A4 Flower Press Paper Highly Absorbent and Reusable Blotter Paper Refill Lining Paper for Flower Press Art Craft Scrapbook Making, 11.8 x 7.9 Inches Blue</p><p>$9.99</p><a href="https://www.amazon.com/dp/B0CDJZ4MD7?tag=eloabder-20&linkCode=osi&th=1&psc=1">View Product</a></div>

<div class="product"><a href="https://www.amazon.com/dp/B0D2T4F1DZ?tag=eloabder-20&linkCode=osi&th=1&psc=1"><img src="https://m.media-amazon.com/images/I/41KNcatyBWL._SL500_.jpg" alt="Product Image"></a><p>10pcs Book Cloth,14”x10”,Fabric Surface and Paper Backed, book cloth for book binding,book binding fabric,5 Colors Bookbinding Cloth for DIY fabric book cover,bookbinding paper (Style B)</p><p>$9.99</p><a href="https://www.amazon.com/dp/B0D2T4F1DZ?tag=eloabder-20&linkCode=osi&th=1&psc=1">View Product</a></div><div class="product"><a href="https://www.amazon.com/dp/B0CMD2LWR8?tag=eloabder-20&linkCode=osi&th=1&psc=1"><img src="https://m.media-amazon.com/images/I/31QVUZVSB+L._SL500_.jpg" alt="Product Image"></a><p>Mozeat Lens 33 ft Bookbinding Tape Book Tape Repair Book Binding Tape Cloth Book Repair Kit 2 Inch Wide Book Spine Tape Cloth Bookbinding Repair Tape White Book Tape for Reinforcing Book Spine Tape</p><p>$7.99</p><a href="https://www.amazon.com/dp/B0CMD2LWR8?tag=eloabder-20&linkCode=osi&th=1&psc=1">View Product</a></div><div class="product"><a href="https://www.amazon.com/dp/B0D1KC168C?tag=eloabder-20&linkCode=osi&th=1&psc=1"><img src="https://m.media-amazon.com/images/I/31wWgk-1V4L._SL500_.jpg" alt="Product Image"></a><p>AKONEGE Book Cloth for Book Binding 35 x 16 Inch Fabric Surface and Paper Backed, Strong, Easy to Use, Fabric Materials Bookbinding Supplies Bookcloth for Scrapbooking Album DIY Crafts, Black</p><p>$9.99</p><a href="https://www.amazon.com/dp/B0D1KC168C?tag=eloabder-20&linkCode=osi&th=1&psc=1">View Product</a></div><div class="product"><a href="https://www.amazon.com/dp/B0BC48CCWW?tag=eloabder-20&linkCode=osi&th=1&psc=1"><img src="https://m.media-amazon.com/images/I/41vTc+L-XyL._SL500_.jpg" alt="Product Image"></a><p>Wooqu Book Cloth, Fabric Surface and Paper Backed, Easy to Use, Strong, 17x29”, for Book Binding, Dark Green</p><p>$13.99</p><a href="https://www.amazon.com/dp/B0BC48CCWW?tag=eloabder-20&linkCode=osi&th=1&psc=1">View Product</a></div><div class="product"><a href="https://www.amazon.com/dp/B00W3S7LU4?tag=eloabder-20&linkCode=osi&th=1&psc=1"><img src="https://m.media-amazon.com/images/I/41mUL1LmSHS._SL500_.jpg" alt="Product Image"></a><p>BookGuard 2 inch Premium Bookbinding Repair Cloth Tape, 15 Yard Roll Burgundy</p><p>$14.95</p><a href="https://www.amazon.com/dp/B00W3S7LU4?tag=eloabder-20&linkCode=osi&th=1&psc=1">View Product</a></div>

<div class="product"><a href="https://www.amazon.com/dp/B08217DGL7?tag=eloabder-20&linkCode=osi&th=1&psc=1"><img src="https://m.media-amazon.com/images/I/51Gy-qfph7L._SL500_.jpg" alt="Product Image"></a><p>24 Colors Waxed Thread, Leather Sewing Thread,Hand Stitching Thread for Hand Sewing Leather and Bookbinding, 13Yards Per Color</p><p>$11.99 ($0.01 / Foot)</p><a href="https://www.amazon.com/dp/B08217DGL7?tag=eloabder-20&linkCode=osi&th=1&psc=1">View Product</a></div><div class="product"><a href="https://www.amazon.com/dp/B08GCHJ3FP?tag=eloabder-20&linkCode=osi&th=1&psc=1"><img src="https://m.media-amazon.com/images/I/41TK-XNxTFL._SL500_.jpg" alt="Product Image"></a><p>FANDOL 100% Natural Linen Thread Waxed thread for Bookbingding, Leather Sewing, Beading or Macrame (Natural)</p><p>$14.98</p><a href="https://www.amazon.com/dp/B08GCHJ3FP?tag=eloabder-20&linkCode=osi&th=1&psc=1">View Product</a></div><div class="product"><a href="https://www.amazon.com/dp/B0025U108E?tag=eloabder-20&linkCode=osi&th=1&psc=1"><img src="https://m.media-amazon.com/images/I/4172yrURiVL._SL500_.jpg" alt="Product Image"></a><p>Books by Hand Linen Thread, Archival Quality Natural Unbleached and Unwaxed, 50 Yards 35/3 Gauge, Ideal for Bookbinding and Sewing Signatures</p><p>$9.47</p><a href="https://www.amazon.com/dp/B0025U108E?tag=eloabder-20&linkCode=osi&th=1&psc=1">View Product</a></div><div class="product"><a href="https://www.amazon.com/dp/B08S78KLRN?tag=eloabder-20&linkCode=osi&th=1&psc=1"><img src="https://m.media-amazon.com/images/I/413NGMtJdrL._SL500_.jpg" alt="Product Image"></a><p>Jupean Waxed Thread, 150m /164Yards Beige Leather Waxed Thread, Leather Sewing Thread, Hand Stitching Thread for Hand Sewing Leather, Bookbinding, and Beginners Leather Craft DIY</p><p>$6.49 ($0.01 / Foot)</p><a href="https://www.amazon.com/dp/B08S78KLRN?tag=eloabder-20&linkCode=osi&th=1&psc=1">View Product</a></div><div class="product"><a href="https://www.amazon.com/dp/B015D9E6UM?tag=eloabder-20&linkCode=osi&th=1&psc=1"><img src="https://m.media-amazon.com/images/I/51VnWPI+Q5L._SL500_.jpg" alt="Product Image"></a><p>Lineco, Natural Waxed Linen Thread 20 Yards, Books by Hand Natural, Black, Brown Color for Sewing, Bookbinding (3/Pkg)</p><p>$13.77</p><a href="https://www.amazon.com/dp/B015D9E6UM?tag=eloabder-20&linkCode=osi&th=1&psc=1">View Product</a></div>
<div class="product"><a href="https://www.amazon.com/dp/B0CMD53C1C?tag=eloabder-20&linkCode=osi&th=1&psc=1"><img src="https://m.media-amazon.com/images/I/31dU4wqS0rL._SL500_.jpg" alt="Product Image"></a><p>5-in-1 Bookbinding Kit,Book Cover Guide, Bookbinding Cover Tool, Stainless Steel Book Binding Kit, Bookbinding Ruler, Scrapbooking Tools for Making Book Cover Chipboard Covers Album Planner</p><p>$7.88</p><a href="https://www.amazon.com/dp/B0CMD53C1C?tag=eloabder-20&linkCode=osi&th=1&psc=1">View Product</a></div>
<div class="product"><a href="https://www.amazon.com/dp/B007TIEG6U?tag=eloabder-20&linkCode=osi&th=1&psc=1"><img src="https://m.media-amazon.com/images/I/31d6r6R5lGL._SL500_.jpg" alt="Product Image"></a><p>Handy Art Empty 2 ounce Marker Bottle, Dauber Tip and Cap, 12-Each (900-003) , White</p><p>$23.12 ($1.93 / Count)</p><a href="https://www.amazon.com/dp/B007TIEG6U?tag=eloabder-20&linkCode=osi&th=1&psc=1">View Product</a></div>
<div class="product"><a href="https://www.amazon.com/dp/B07YDNKSH6?tag=eloabder-20&linkCode=osi&th=1&psc=1"><img src="https://m.media-amazon.com/images/I/41JGrHa7mSL._SL500_.jpg" alt="Product Image"></a><p>4-Inch Rubber Brayer Roller for Printmaking, Great for Gluing Application Also. (Original Version)</p><p>$6.99</p><a href="https://www.amazon.com/dp/B07YDNKSH6?tag=eloabder-20&linkCode=osi&th=1&psc=1">View Product</a></div>
<div class="product"><a href="https://www.amazon.com/dp/B005U7BNPE?tag=eloabder-20&linkCode=osi&th=1&psc=1"><img src="https://m.media-amazon.com/images/I/418YfTClSxL._SL500_.jpg" alt="Product Image"></a><p>Apple Barrel Acrylic Paint in Assorted Colors (2 oz), 20513, Bright Yellow</p><p>$0.58 ($0.29 / Fl Oz)</p><a href="https://www.amazon.com/dp/B005U7BNPE?tag=eloabder-20&linkCode=osi&th=1&psc=1">View Product</a></div><div class="product"><a href="https://www.amazon.com/dp/B099DWCRZ5?tag=eloabder-20&linkCode=osi&th=1&psc=1"><img src="https://m.media-amazon.com/images/I/41rr5hT-8TL._SL500_.jpg" alt="Product Image"></a><p>milo Fluorescent Acrylic Paint Set of 6 Colors | 4 oz Bottles | Student Neon Colors Acrylics Painting Pack | Made in the USA | Non-Toxic Art & Craft Paints for Artists, Kids, & Hobby Painters</p><p>$22.90 ($0.95 / Fl Oz)</p><a href="https://www.amazon.com/dp/B099DWCRZ5?tag=eloabder-20&linkCode=osi&th=1&psc=1">View Product</a></div><div class="product"><a href="https://www.amazon.com/dp/B07ZPPPWPL?tag=eloabder-20&linkCode=osi&th=1&psc=1"><img src="https://m.media-amazon.com/images/I/51Vqk2rrZwL._SL500_.jpg" alt="Product Image"></a><p>Apple Barrel, Pastel Dreams & Vivid Wonders Collection Acrylic Craft Paint, PROMOTCK, 2 fl oz each, 18 assorted matte colors, 18 count</p><p>$22.66 ($0.63 / Fl Oz)</p><a href="https://www.amazon.com/dp/B07ZPPPWPL?tag=eloabder-20&linkCode=osi&th=1&psc=1">View Product</a></div><div class="product"><a href="https://www.amazon.com/dp/B0CKQR52XC?tag=eloabder-20&linkCode=osi&th=1&psc=1"><img src="https://m.media-amazon.com/images/I/51WTPlhN2WL._SL500_.jpg" alt="Product Image"></a><p>ARTME Glow in The Dark Paint, 10 Bright Colors 60ml/2oz Blacklight Paint Set, Neon Craft Paint, Acrylic Glow Fluorescent Paint Perfect for Art Painting, DIY projects, Halloween and Christmas</p><p>$23.99 ($1.20 / Fl Oz)</p><a href="https://www.amazon.com/dp/B0CKQR52XC?tag=eloabder-20&linkCode=osi&th=1&psc=1">View Product</a></div><div class="product"><a href="https://www.amazon.com/dp/B09XXHBL3Y?tag=eloabder-20&linkCode=osi&th=1&psc=1"><img src="https://m.media-amazon.com/images/I/51taBeDdeIL._SL500_.jpg" alt="Product Image"></a><p>Fantastory Glow in the Dark Acrylic Paint, 10 Extra Bright Colors, 30ml/1oz Waterproof Glow in Dark Paint,Indoor Outdoor Blacklight Paint for Kids,Adults, Rocks,Walls,Halloween,Craft &Fabric</p><p>$9.99 ($1.00 / Fl Oz)</p><a href="https://www.amazon.com/dp/B09XXHBL3Y?tag=eloabder-20&linkCode=osi&th=1&psc=1">View Product</a></div><div class="product"><a href="https://www.amazon.com/dp/B0BS3JM8ZR?tag=eloabder-20&linkCode=osi&th=1&psc=1"><img src="https://m.media-amazon.com/images/I/51S8FteGgPL._SL500_.jpg" alt="Product Image"></a><p>Acrylic Paint, Shuttle Art 24 Colors Acrylic Paint Bottle Set, 250ml/8.45oz Each, Rich Pigments, High Viscosity, Bulk Paint for Artists, Beginners and Kids Painting on Rocks Crafts Canvas Wood Ceramic</p><p>$49.99 ($0.25 / Fl Oz)</p><a href="https://www.amazon.com/dp/B0BS3JM8ZR?tag=eloabder-20&linkCode=osi&th=1&psc=1">View Product</a></div><div class="product"><a href="https://www.amazon.com/dp/B00CIW3EDI?tag=eloabder-20&linkCode=osi&th=1&psc=1"><img src="https://m.media-amazon.com/images/I/41PMnxyBo5L._SL500_.jpg" alt="Product Image"></a><p>FolkArt Multi-Surface Acrylic Paint in Assorted Colors (2 oz), 2896, Bright Pink</p><p>$1.47 ($0.74 / Fl Oz)</p><a href="https://www.amazon.com/dp/B00CIW3EDI?tag=eloabder-20&linkCode=osi&th=1&psc=1">View Product</a></div><div class="product"><a href="https://www.amazon.com/dp/B085ZB5ZK9?tag=eloabder-20&linkCode=osi&th=1&psc=1"><img src="https://m.media-amazon.com/images/I/51nmRq1eicL._SL500_.jpg" alt="Product Image"></a><p>FolkArt 4 Bottle Multi-Surface Acrylic Paint Set, 2oz, Neon Blacklight Colors</p><p>$8.12 ($1.02 / Fl Oz)</p><a href="https://www.amazon.com/dp/B085ZB5ZK9?tag=eloabder-20&linkCode=osi&th=1&psc=1">View Product</a></div><div class="product"><a href="https://www.amazon.com/dp/B08N585VN5?tag=eloabder-20&linkCode=osi&th=1&psc=1"><img src="https://m.media-amazon.com/images/I/51nwFBdxwVL._SL500_.jpg" alt="Product Image"></a><p>Acrylic Paint Set Value Pack of 12 Colors | Craft Painting Kit with 2 oz Squeeze Bottles for Beginners, Artists, Professionals | Non-Toxic Water Based Paints for Canvas, Paper, Wood | Bright Hues</p><p>$11.99 ($0.50 / Fl Oz)</p><a href="https://www.amazon.com/dp/B08N585VN5?tag=eloabder-20&linkCode=osi&th=1&psc=1">View Product</a></div>
<div class="product"><a href="https://www.amazon.com/dp/B0009RRT9Y?tag=eloabder-20&linkCode=osi&th=1&psc=1"><img src="https://m.media-amazon.com/images/I/51ZhyYPOB5L._SL500_.jpg" alt="Product Image"></a><p>General Pencil Company The Masters Brush Cleaner & Preserver 2.5 0z.</p><p>$12.00</p><a href="https://www.amazon.com/dp/B0009RRT9Y?tag=eloabder-20&linkCode=osi&th=1&psc=1">View Product</a></div><div class="product"><a href="https://www.amazon.com/dp/B00F38YVQS?tag=eloabder-20&linkCode=osi&th=1&psc=1"><img src="https://m.media-amazon.com/images/I/51yjmSTzzML._SL500_.jpg" alt="Product Image"></a><p>B & J Original Brush Cleaner - 2.5 Oz/12ct Display</p><p>$12.77</p><a href="https://www.amazon.com/dp/B00F38YVQS?tag=eloabder-20&linkCode=osi&th=1&psc=1">View Product</a></div><div class="product"><a href="https://www.amazon.com/dp/B004BN7QQ8?tag=eloabder-20&linkCode=osi&th=1&psc=1"><img src="https://m.media-amazon.com/images/I/31fEWB-h4VL._SL500_.jpg" alt="Product Image"></a><p>Winsor & Newton Brush Cleaner & Restorer, 16.0-oz Bottle</p><p>$21.87 ($1.37 / Fl Oz)</p><a href="https://www.amazon.com/dp/B004BN7QQ8?tag=eloabder-20&linkCode=osi&th=1&psc=1">View Product</a></div><div class="product"><a href="https://www.amazon.com/dp/B09NCHL2LM?tag=eloabder-20&linkCode=osi&th=1&psc=1"><img src="https://m.media-amazon.com/images/I/31UzwasdL6L._SL500_.jpg" alt="Product Image"></a><p>U.S. Art Supply Brush Cleaner and Restorer, 4 Ounce Bottle - Quickly Cleans Paint Brushes, Airbrushes, Art Tools - Cleaning Solution to Remove Dried On Acrylic, Oil and Water-Based Paint Colors</p><p>$8.99 ($2.25 / Fl Oz)</p><a href="https://www.amazon.com/dp/B09NCHL2LM?tag=eloabder-20&linkCode=osi&th=1&psc=1">View Product</a></div><div class="product"><a href="https://www.amazon.com/dp/B09J8L55SK?tag=eloabder-20&linkCode=osi&th=1&psc=1"><img src="https://m.media-amazon.com/images/I/41qgWS2nSsL._SL500_.jpg" alt="Product Image"></a><p>Green Piece® Paint Brush Cleaner and Restorer for Art Paint Brushes - 100% Natural - Non-Toxic - Wet or Dry Paint - No Chemicals - Oil or Acrylic Paints, Wood and Metal - Amazing Power - 18 Oz</p><p>$19.88</p><a href="https://www.amazon.com/dp/B09J8L55SK?tag=eloabder-20&linkCode=osi&th=1&psc=1">View Product</a></div><div class="product"><a href="https://www.amazon.com/dp/B0027A79I2?tag=eloabder-20&linkCode=osi&th=1&psc=1"><img src="https://m.media-amazon.com/images/I/31J6S+mCjuL._SL500_.jpg" alt="Product Image"></a><p>Pink Soap 12-Ounce Paint Brush Cleaner and Conditioner, Solution Cleans and Restores, Removes Dried Paint on Airbrushes and Other Artist Tools & Supplies</p><p>$15.49 ($1.29 / Fl Oz)</p><a href="https://www.amazon.com/dp/B0027A79I2?tag=eloabder-20&linkCode=osi&th=1&psc=1">View Product</a></div><div class="product"><a href="https://www.amazon.com/dp/B0027AEANE?tag=eloabder-20&linkCode=osi&th=1&psc=1"><img src="https://m.media-amazon.com/images/I/51bHOLU1pVL._SL500_.jpg" alt="Product Image"></a><p>General Pencil General 105-BP Pencil Masters Brush Cleaner & Preserver, 1 Pack, Clear</p><p>$9.99 ($4.00 / Ounce)</p><a href="https://www.amazon.com/dp/B0027AEANE?tag=eloabder-20&linkCode=osi&th=1&psc=1">View Product</a></div>


<div class="product"><a href="https://www.amazon.com/dp/B0D3HPD7WP?tag=eloabder-20&linkCode=osi&th=1&psc=1"><img src="https://m.media-amazon.com/images/I/31KSmmAWUWL._SL500_.jpg" alt="Product Image"></a><p>50 Sheets Grey Cardstock Paper, Colored Printer Paper 8.5 x 11, Thick Construction Paper for Cards Making, Scrapbook，Office Printing, Invitations, Certificates，DIY Crafting 92 lb/250gsm</p><p>$9.99</p><a href="https://www.amazon.com/dp/B0D3HPD7WP?tag=eloabder-20&linkCode=osi&th=1&psc=1">View Product</a></div>
<div class="product"><a href="https://www.amazon.com/dp/B076CP6F36?tag=eloabder-20&linkCode=osi&th=1&psc=1"><img src="https://m.media-amazon.com/images/I/51rfEIvgI+L._SL500_.jpg" alt="Product Image"></a><p>Apple Barrel, Vibrant Spectrum Collection Acrylic Craft Paint, PROMOABIII, 2 fl oz each, 16 assorted matte colors, 16 count</p><p>$15.97 ($0.50 / Fl Oz)</p><a href="https://www.amazon.com/dp/B076CP6F36?tag=eloabder-20&linkCode=osi&th=1&psc=1">View Product</a></div><div class="product"><a href="https://www.amazon.com/dp/B0BKFLSYQF?tag=eloabder-20&linkCode=osi&th=1&psc=1"><img src="https://m.media-amazon.com/images/I/51a0PmPRknL._SL500_.jpg" alt="Product Image"></a><p>72 Pack Acrylic Paint Set, Shuttle Art 60 Colors Acrylic Paint Including Extra White Black & 12 Brushes, 2oz/60ml, Rich Pigmented, Water Proof, Ideal for Artists, Beginners on Canvas Rock Wood Ceramic</p><p>$45.99 ($23.00 / Fl Oz)</p><a href="https://www.amazon.com/dp/B0BKFLSYQF?tag=eloabder-20&linkCode=osi&th=1&psc=1">View Product</a></div><div class="product"><a href="https://www.amazon.com/dp/B08CB3JH79?tag=eloabder-20&linkCode=osi&th=1&psc=1"><img src="https://m.media-amazon.com/images/I/51OUZsFdnTL._SL500_.jpg" alt="Product Image"></a><p>Acrylic Paint Set of 36 Colors 2fl oz 60ml Bottles,Non Toxic 36 Colors Acrylic Paint No Fading Rich Pigment for Kids Adults Artists Canvas Crafts Wood Painting</p><p>$32.99 ($0.46 / Fl Oz)</p><a href="https://www.amazon.com/dp/B08CB3JH79?tag=eloabder-20&linkCode=osi&th=1&psc=1">View Product</a></div><div class="product"><a href="https://www.amazon.com/dp/B0018NBVKQ?tag=eloabder-20&linkCode=osi&th=1&psc=1"><img src="https://m.media-amazon.com/images/I/31YlSvZMTCL._SL500_.jpg" alt="Product Image"></a><p>Apple Barrel Acrylic Paint in Assorted Colors (8 Ounce), 20403 White</p><p>$2.67 ($0.33 / Fl Oz)</p><a href="https://www.amazon.com/dp/B0018NBVKQ?tag=eloabder-20&linkCode=osi&th=1&psc=1">View Product</a></div><div class="product"><a href="https://www.amazon.com/dp/B077WSBLZ1?tag=eloabder-20&linkCode=osi&th=1&psc=1"><img src="https://m.media-amazon.com/images/I/51KPkXpLn1L._SL500_.jpg" alt="Product Image"></a><p>Shuttle Art Acrylic Paint Set, 30 x12ml Tubes Artist Quality Non Toxic Rich Pigments Colors Great for Kids Adults Professional Painting on Rocks Canvas Wood Clay Fabric Ceramic Crafts</p><p>$12.99 ($1.08 / Fl Oz)</p><a href="https://www.amazon.com/dp/B077WSBLZ1?tag=eloabder-20&linkCode=osi&th=1&psc=1">View Product</a></div><div class="product"><a href="https://www.amazon.com/dp/B00889Z5Y6?tag=eloabder-20&linkCode=osi&th=1&psc=1"><img src="https://m.media-amazon.com/images/I/41MQjsyDbSL._SL500_.jpg" alt="Product Image"></a><p>Apple Barrel Acrylic Paint in Assorted Colors (2 oz), 20764, Apricot</p><p>$0.58 ($0.29 / Fl Oz)</p><a href="https://www.amazon.com/dp/B00889Z5Y6?tag=eloabder-20&linkCode=osi&th=1&psc=1">View Product</a></div><div class="product"><a href="https://www.amazon.com/dp/B09TWQD5ZL?tag=eloabder-20&linkCode=osi&th=1&psc=1"><img src="https://m.media-amazon.com/images/I/41B0L003QXL._SL500_.jpg" alt="Product Image"></a><p>Artkey Acrylic Paint Set - 24 colors 2 oz/59 ml Acrylic Paints Professional Artists Painting Kit for Canvases Fabric Rock Leather Easter Egg Wood Ceramic Glass Art Craft Painting</p><p>$19.99 ($0.42 / Fl Oz)</p><a href="https://www.amazon.com/dp/B09TWQD5ZL?tag=eloabder-20&linkCode=osi&th=1&psc=1">View Product</a></div><div class="product"><a href="https://www.amazon.com/dp/B07Z93LQDB?tag=eloabder-20&linkCode=osi&th=1&psc=1"><img src="https://m.media-amazon.com/images/I/51veoN6zK0L._SL500_.jpg" alt="Product Image"></a><p>Shuttle Art Acrylic Paint Set, 36 Colors Acrylic Paint with Brushes & Palette, 2oz Bottles, Rich Pigments Non-toxic Paint for Artists Kids & Adults, Art Supplies for Canvas Rock Ceramic Wood Painting</p><p>$27.99</p><a href="https://www.amazon.com/dp/B07Z93LQDB?tag=eloabder-20&linkCode=osi&th=1&psc=1">View Product</a></div><div class="product"><a href="https://www.amazon.com/dp/B002665SYY?tag=eloabder-20&linkCode=osi&th=1&psc=1"><img src="https://m.media-amazon.com/images/I/31sJJeWK6OS._SL500_.jpg" alt="Product Image"></a><p>Liquitex BASICS Acrylic Paint, 250ml (8.5-oz) Tube, Titanium White</p><p>$9.99 ($1.18 / Fl Oz)</p><a href="https://www.amazon.com/dp/B002665SYY?tag=eloabder-20&linkCode=osi&th=1&psc=1">View Product</a></div>
<div class="product"><a href="https://www.amazon.com/dp/B0CC98XLGL?tag=eloabder-20&linkCode=osi&th=1&psc=1"><img src="https://m.media-amazon.com/images/I/51ZLw+nThiL._SL500_.jpg" alt="Product Image"></a><p>HUIRUSO 4 Pack Double Sided Tape Roller, Scrapbook Supplies, Glue Tape Roller for Crafts, Double-Sided Adhesive Tape Runner for Scrapbooking, School Office Journaling Supplies (0.31 in X 26.25 ft)</p><p>$6.99 ($1.75 / Count)</p><a href="https://www.amazon.com/dp/B0CC98XLGL?tag=eloabder-20&linkCode=osi&th=1&psc=1">View Product</a></div><div class="product"><a href="https://www.amazon.com/dp/B007XAAE6K?tag=eloabder-20&linkCode=osi&th=1&psc=1"><img src="https://m.media-amazon.com/images/I/414qxYVR0wL._SL500_.jpg" alt="Product Image"></a><p>Scotch Double Sided Tape Runner, 1-Pack, 0.27 in x 26 ft., Perfect for Holiday Crafts, Gifts, and More</p><p>$4.47</p><a href="https://www.amazon.com/dp/B007XAAE6K?tag=eloabder-20&linkCode=osi&th=1&psc=1">View Product</a></div><div class="product"><a href="https://www.amazon.com/dp/B0BZVGPFSK?tag=eloabder-20&linkCode=osi&th=1&psc=1"><img src="https://m.media-amazon.com/images/I/51-ue9+7JkL._SL500_.jpg" alt="Product Image"></a><p>Birllaid Double Sided Tape for Walls, Picture Hanging Strips Removable Mounting Dots Adhesive Heavy Duty, Removable for Art Craft, Decoration, Party Supplies, Multipurpose</p><p>$11.99</p><a href="https://www.amazon.com/dp/B0BZVGPFSK?tag=eloabder-20&linkCode=osi&th=1&psc=1">View Product</a></div><div class="product"><a href="https://www.amazon.com/dp/B0CGVN9SL1?tag=eloabder-20&linkCode=osi&th=1&psc=1"><img src="https://m.media-amazon.com/images/I/41Hy+i4CnoL._SL500_.jpg" alt="Product Image"></a><p>30Ft x 1 Inch Hook and Loop Strips with Adhesive,Double Rolls of Heavy Duty Self Adhesive Tape with Backing, Nylon Self Adhesive Tape for Home Office School and Crafting,White</p><p>$9.99</p><a href="https://www.amazon.com/dp/B0CGVN9SL1?tag=eloabder-20&linkCode=osi&th=1&psc=1">View Product</a></div><div class="product"><a href="https://www.amazon.com/dp/B07Y3VDPLF?tag=eloabder-20&linkCode=osi&th=1&psc=1"><img src="https://m.media-amazon.com/images/I/41cyKQ2OMuL._SL500_.jpg" alt="Product Image"></a><p>Melsan 1x4 inch Hook and Loop Strips with Adhesive - 15 Sets, Strong Back Adhesive Fasten Mounting Tape for Home or Office Use - Instead of Holes and Screws, Black</p><p>$7.82</p><a href="https://www.amazon.com/dp/B07Y3VDPLF?tag=eloabder-20&linkCode=osi&th=1&psc=1">View Product</a></div><div class="product"><a href="https://www.amazon.com/dp/B07V57VJT5?tag=eloabder-20&linkCode=osi&th=1&psc=1"><img src="https://m.media-amazon.com/images/I/514JO3bvl3L._SL500_.jpg" alt="Product Image"></a><p>XFasten Adhesive Roller for Scrapbooking, 8mm x 30ft 4-Pack Double Sided Glue Tape Roller, Scrapbook Supplies for Adults, Photo Tape for Scrapbooking</p><p>$9.99 ($2.50 / Count)</p><a href="https://www.amazon.com/dp/B07V57VJT5?tag=eloabder-20&linkCode=osi&th=1&psc=1">View Product</a></div><div class="product"><a href="https://www.amazon.com/dp/B07JLTGQHX?tag=eloabder-20&linkCode=osi&th=1&psc=1"><img src="https://m.media-amazon.com/images/I/51Eqfo7kUZL._SL500_.jpg" alt="Product Image"></a><p>UPINS 120 Pack Double Sided Foam Tape Square Self-Adhesive Foam Tape Black Strong Tape Pads for DIY Art Crafts Supplies</p><p>$9.99 ($0.08 / Count)</p><a href="https://www.amazon.com/dp/B07JLTGQHX?tag=eloabder-20&linkCode=osi&th=1&psc=1">View Product</a></div><div class="product"><a href="https://www.amazon.com/dp/B005FM6XF4?tag=eloabder-20&linkCode=osi&th=1&psc=1"><img src="https://m.media-amazon.com/images/I/51-vp1WJ89L._SL500_.jpg" alt="Product Image"></a><p>AdTech 5603 Permanent Crafter's Tape, 0.31" x 315", Pack of 4</p><p>$7.84 ($0.07 / Foot)</p><a href="https://www.amazon.com/dp/B005FM6XF4?tag=eloabder-20&linkCode=osi&th=1&psc=1">View Product</a></div><div class="product"><a href="https://www.amazon.com/dp/B0CJF1FLFJ?tag=eloabder-20&linkCode=osi&th=1&psc=1"><img src="https://m.media-amazon.com/images/I/51dig1RqzdL._SL500_.jpg" alt="Product Image"></a><p>UPINS 150Pack Double Sided Foam Tape Strong Sticky Double Sided Foam Pads for Crafts Self-Adhesive Mounting Foam Tape Heavy Duty for Home Wall Decor 40 * 40 * 2mm</p><p>$8.99 ($0.06 / Count)</p><a href="https://www.amazon.com/dp/B0CJF1FLFJ?tag=eloabder-20&linkCode=osi&th=1&psc=1">View Product</a></div><div class="product"><a href="https://www.amazon.com/dp/B0D4YWRGCL?tag=eloabder-20&linkCode=osi&th=1&psc=1"><img src="https://m.media-amazon.com/images/I/41EqJ553-KL._SL500_.jpg" alt="Product Image"></a><p>Amanbo Glue Tape for Scrapbooking, 6 Pack Scrapbook Tape, Double Sided Tape Roller for Crafts, Total 120 Ft x 0.24 in Tape Runner, Craft Supplies for Scrapbooking, Gift Wrapping and Photo Tape</p><p>$6.99</p><a href="https://www.amazon.com/dp/B0D4YWRGCL?tag=eloabder-20&linkCode=osi&th=1&psc=1">View Product</a></div>
<div class="product"><a href="https://www.amazon.com/dp/B0CC5HPPTN?tag=eloabder-20&linkCode=osi&th=1&psc=1"><img src="https://m.media-amazon.com/images/I/519M81S201L._SL500_.jpg" alt="Product Image"></a><p>Airbrush Paint - 30 Colors with 3 Thinner, Ready to Spray Airbrush Paint Set, Water-Based Acrylic Air brush Paints for Metal, Plastic Models, Canvas, Wood, 20ml/Bottle</p><p>$32.99 ($1.48 / Fl Oz)</p><a href="https://www.amazon.com/dp/B0CC5HPPTN?tag=eloabder-20&linkCode=osi&th=1&psc=1">View Product</a></div>
<div class="product"><a href="https://www.amazon.com/dp/B0CXPSGK36?tag=eloabder-20&linkCode=osi&th=1&psc=1"><img src="https://m.media-amazon.com/images/I/51dd2dYOtrL._SL500_.jpg" alt="Product Image"></a><p>Letter Stickers 30 Sheets 1500 PCS Large Alphabet Sticker 2 Inch Vinyl Self Adhesive Stick on Stickers for Water Bottles Cup Mailbox Number Address Craft Scrapbooking Bulletin Board Decor Multicolor</p><p>$9.99</p><a href="https://www.amazon.com/dp/B0CXPSGK36?tag=eloabder-20&linkCode=osi&th=1&psc=1">View Product</a></div><div class="product"><a href="https://www.amazon.com/dp/B07NNYFMGY?tag=eloabder-20&linkCode=osi&th=1&psc=1"><img src="https://m.media-amazon.com/images/I/51yDnU+gEXL._SL500_.jpg" alt="Product Image"></a><p>20 Sheets Alphabet Letter Stickers 10 Colors Self Adhesive Sticker Colorful PU Material Convex Feeling (Colored Letter Stickers 1)</p><p>$6.99 ($0.35 / Count)</p><a href="https://www.amazon.com/dp/B07NNYFMGY?tag=eloabder-20&linkCode=osi&th=1&psc=1">View Product</a></div>

<div class="product"><a href="https://www.amazon.com/dp/B01DDN8854?tag=eloabder-20&linkCode=osi&th=1&psc=1"><img src="https://m.media-amazon.com/images/I/61dPubDZBSL._SL500_.jpg" alt="Product Image"></a><p>Hugs 'n Kisses HNKHABY13 Applique Paper (20 Pack)</p><p>$19.72 ($0.99 / Count)</p><a href="https://www.amazon.com/dp/B01DDN8854?tag=eloabder-20&linkCode=osi&th=1&psc=1">View Product</a></div>
<div class="product"><a href="https://www.amazon.com/dp/B09KPNFJW1?tag=eloabder-20&linkCode=osi&th=1&psc=1"><img src="https://m.media-amazon.com/images/I/41abn5fELmL._SL500_.jpg" alt="Product Image"></a><p>UniPleased Disposable Aprons (50 Count), Plastic apron for Painting Party, Cooking, Housework, Picnic etc.</p><p>$5.69</p><a href="https://www.amazon.com/dp/B09KPNFJW1?tag=eloabder-20&linkCode=osi&th=1&psc=1">View Product</a></div>
<div class="product"><a href="https://www.amazon.com/dp/B087M21MM2?tag=eloabder-20&linkCode=osi&th=1&psc=1"><img src="https://m.media-amazon.com/images/I/41Xf-jehhLL._SL500_.jpg" alt="Product Image"></a><p>GOTIDEAL Stretched Canvas, Multi Pack 4x4, 5x7, 8x10,9x12, 11x14 Set of 10, Primed White - 100% Cotton Artist Canvas Boards for Painting, Acrylic Pouring, Oil Paint Dry & Wet Art Media</p><p>$24.99</p><a href="https://www.amazon.com/dp/B087M21MM2?tag=eloabder-20&linkCode=osi&th=1&psc=1">View Product</a></div><div class="product"><a href="https://www.amazon.com/dp/B00OQJYISG?tag=eloabder-20&linkCode=osi&th=1&psc=1"><img src="https://m.media-amazon.com/images/I/31fEDLPkkcL._SL500_.jpg" alt="Product Image"></a><p>6 Count 12” x 16” Super Value Canvas by Artist's Loft Necessities - Acid Free Cotton Canvas for Paint, Acrylic, & Oils - 1 Pack</p><p>$19.99</p><a href="https://www.amazon.com/dp/B00OQJYISG?tag=eloabder-20&linkCode=osi&th=1&psc=1">View Product</a></div><div class="product"><a href="https://www.amazon.com/dp/B09CDKB9HY?tag=eloabder-20&linkCode=osi&th=1&psc=1"><img src="https://m.media-amazon.com/images/I/51+p5xnClGL._SL500_.jpg" alt="Product Image"></a><p>DPDIAN Canvas Boards for Painting 40 Pack, 8 inch x 10 inch Super Value Pack, Artist Canvas Panels for Oil & Acrylic Painting</p><p>$29.99</p><a href="https://www.amazon.com/dp/B09CDKB9HY?tag=eloabder-20&linkCode=osi&th=1&psc=1">View Product</a></div><div class="product"><a href="https://www.amazon.com/dp/B0CFBGP29G?tag=eloabder-20&linkCode=osi&th=1&psc=1"><img src="https://m.media-amazon.com/images/I/3147Az5plbL._SL500_.jpg" alt="Product Image"></a><p>ArtSkills Stretched Canvases for Painting, 12x16 Canvas Painting Supplies for Artists, Blank Canvas Pack, 2-Pack</p><p>$16.99</p><a href="https://www.amazon.com/dp/B0CFBGP29G?tag=eloabder-20&linkCode=osi&th=1&psc=1">View Product</a></div><div class="product"><a href="https://www.amazon.com/dp/B07BNGQ1SS?tag=eloabder-20&linkCode=osi&th=1&psc=1"><img src="https://m.media-amazon.com/images/I/410ZVtygUwS._SL500_.jpg" alt="Product Image"></a><p>PHOENIX Stretched Canvas for Painting 8x10 Inch/10 Value Pack, 8 Oz Triple Primed 5/8 Inch Profile 100% Cotton White Blank Canvas, Artist Framed Canvas for Oil Acrylic & Pouring Art</p><p>$22.99</p><a href="https://www.amazon.com/dp/B07BNGQ1SS?tag=eloabder-20&linkCode=osi&th=1&psc=1">View Product</a></div><div class="product"><a href="https://www.amazon.com/dp/B0922JP1H4?tag=eloabder-20&linkCode=osi&th=1&psc=1"><img src="https://m.media-amazon.com/images/I/41BmiEND1KL._SL500_.jpg" alt="Product Image"></a><p>GOTIDEAL Canvases for Painting, 18 Pack Canvas Boards Multipack 4x4, 5x7, 8x10, 9x12,11x14,Primed White Blank Artist Canvas Variety Pack for Acrylic Paint, Oil Paint, Watercolor, Gouache</p><p>$19.99</p><a href="https://www.amazon.com/dp/B0922JP1H4?tag=eloabder-20&linkCode=osi&th=1&psc=1">View Product</a></div>


<div class="product"><a href="https://www.amazon.com/dp/B0872VFHBH?tag=eloabder-20&linkCode=osi&th=1&psc=1"><img src="https://m.media-amazon.com/images/I/51k3bekQheS._SL500_.jpg" alt="Product Image"></a><p>Bachmore Drawing Pad 9X12 Inch (110lb/180g), 60 Sheets, Top Spiral Bound Multi-Media for Artist Pro & Amateurs | Acrylic Art, Ink, Paint, Oil Pastels,Watercolor Mixed Media Sketch</p><p>$11.99</p><a href="https://www.amazon.com/dp/B0872VFHBH?tag=eloabder-20&linkCode=osi&th=1&psc=1">View Product</a></div><div class="product"><a href="https://www.amazon.com/dp/B0027A75A4?tag=eloabder-20&linkCode=osi&th=1&psc=1"><img src="https://m.media-amazon.com/images/I/51dyOxxcgYL._SL500_.jpg" alt="Product Image"></a><p>Strathmore 200 Series Sketch Pad, 9x12 inch, 100 Sheets, Tape Bound - Artist Sketchbook for Drawing, Illustration, Art Class Students</p><p>$6.99 ($0.07 / Count)</p><a href="https://www.amazon.com/dp/B0027A75A4?tag=eloabder-20&linkCode=osi&th=1&psc=1">View Product</a></div><div class="product"><a href="https://www.amazon.com/dp/B0BV13YQKX?tag=eloabder-20&linkCode=osi&th=1&psc=1"><img src="https://m.media-amazon.com/images/I/41VYfMpvXUL._SL500_.jpg" alt="Product Image"></a><p>Canson Graduate Watercolor Pad, Foldover, 9x12 inch, 20 Sheets | Artist Paper for Adults and Students - Painting, Gouache, Mixed Media and Ink</p><p>$4.97 ($0.41 / Count)</p><a href="https://www.amazon.com/dp/B0BV13YQKX?tag=eloabder-20&linkCode=osi&th=1&psc=1">View Product</a></div><div class="product"><a href="https://www.amazon.com/dp/B0024KMQ6K?tag=eloabder-20&linkCode=osi&th=1&psc=1"><img src="https://m.media-amazon.com/images/I/51sYdvPPUCL._SL500_.jpg" alt="Product Image"></a><p>Strathmore 400 Series Pastel Pad, Assorted Colors, 9"x12" Glue Bound, 24 Sheets</p><p>$9.11</p><a href="https://www.amazon.com/dp/B0024KMQ6K?tag=eloabder-20&linkCode=osi&th=1&psc=1">View Product</a></div><div class="product"><a href="https://www.amazon.com/dp/B00246O6PI?tag=eloabder-20&linkCode=osi&th=1&psc=1"><img src="https://m.media-amazon.com/images/I/517TUmckOIL._SL500_.jpg" alt="Product Image"></a><p>Strathmore 300 Series Drawing Paper Pad, Top Wire Bound, 11x14 inches, 50 Sheets (70lb/114g) - Artist Paper for Adults and Students - Charcoal, Colored Pencil, Ink, Pastel, Marker</p><p>$13.33</p><a href="https://www.amazon.com/dp/B00246O6PI?tag=eloabder-20&linkCode=osi&th=1&psc=1">View Product</a></div>
<div class="product"><a href="https://www.amazon.com/dp/B08ZMH7LJY?tag=eloabder-20&linkCode=osi&th=1&psc=1"><img src="https://m.media-amazon.com/images/I/51mJIsLJA-S._SL500_.jpg" alt="Product Image"></a><p>PANDAFLY Professional Drawing Sketching Pencil Set - 12 Pieces Graphite Pencils(14B - 2H), Ideal for Drawing Art, Sketching, Shading, Artist Pencils for Beginners & Pro Artists</p><p>$5.11</p><a href="https://www.amazon.com/dp/B08ZMH7LJY?tag=eloabder-20&linkCode=osi&th=1&psc=1">View Product</a></div><div class="product"><a href="https://www.amazon.com/dp/B088K1G5NL?tag=eloabder-20&linkCode=osi&th=1&psc=1"><img src="https://m.media-amazon.com/images/I/51F2bOMZWnL._SL500_.jpg" alt="Product Image"></a><p>MARKART Professional Drawing Sketching Pencil Set - 14 Pieces,Graphite,(12B - 4H), Ideal for Drawing Art, Sketching, Shading, Artist Pencils for Beginners & Pro Artists</p><p>$5.24</p><a href="https://www.amazon.com/dp/B088K1G5NL?tag=eloabder-20&linkCode=osi&th=1&psc=1">View Product</a></div><div class="product"><a href="https://www.amazon.com/dp/B08FHMRW4L?tag=eloabder-20&linkCode=osi&th=1&psc=1"><img src="https://m.media-amazon.com/images/I/51Pmn5gjyzL._SL500_.jpg" alt="Product Image"></a><p>Mr. Pen- Sketch Pencils for Drawing, 14 Pack, Drawing Pencils, Art Pencils, Graphite Pencils, Graphite Pencils for Drawing, Art Pencils for Drawing and Shading</p><p>$5.95</p><a href="https://www.amazon.com/dp/B08FHMRW4L?tag=eloabder-20&linkCode=osi&th=1&psc=1">View Product</a></div><div class="product"><a href="https://www.amazon.com/dp/B0BNQ58DC4?tag=eloabder-20&linkCode=osi&th=1&psc=1"><img src="https://m.media-amazon.com/images/I/51e-gQtCcCL._SL500_.jpg" alt="Product Image"></a><p>MARTCOLOR Drawing Sketching Pencils Set, 12 Pack Graphite Pencils(14B - 2H), Ideal for Drawing Art, Sketching, Shading, Artist Pencils for Beginners & Pro Artists</p><p>$5.99</p><a href="https://www.amazon.com/dp/B0BNQ58DC4?tag=eloabder-20&linkCode=osi&th=1&psc=1">View Product</a></div>

<div class="product"><a href="https://www.amazon.com/dp/B0851M3749?tag=eloabder-20&linkCode=osi&th=1&psc=1"><img src="https://m.media-amazon.com/images/I/41KKSGSDl5L._SL500_.jpg" alt="Product Image"></a><p>N NOROCME 12 PCS Blending Stumps and Tortillions Paper Art Blenders with Sandpaper Pencil Sharpener Pointer for Student Artist Charcoal Sketch Drawing Tools</p><p>$4.99</p><a href="https://www.amazon.com/dp/B0851M3749?tag=eloabder-20&linkCode=osi&th=1&psc=1">View Product</a></div><div class="product"><a href="https://www.amazon.com/dp/B09J3HKN8F?tag=eloabder-20&linkCode=osi&th=1&psc=1"><img src="https://m.media-amazon.com/images/I/51Qvx81eQLL._SL500_.jpg" alt="Product Image"></a><p>Eraser Pencils Set for Artists, Wooden Sketch Eraser Pen for Charcoal Drawings, Professional Highlight Painting Eraser for Sketching, Revise Erasing Details for Students Limner</p><p>$6.99</p><a href="https://www.amazon.com/dp/B09J3HKN8F?tag=eloabder-20&linkCode=osi&th=1&psc=1">View Product</a></div>
<div class="product"><a href="https://www.amazon.com/dp/B09WCQ89T8?tag=eloabder-20&linkCode=osi&th=1&psc=1"><img src="https://m.media-amazon.com/images/I/41gZz0qgBFL._SL500_.jpg" alt="Product Image"></a><p>Bernat BABY BLANKET BB Blue Dreams Yarn - 1 Pack of 10.5oz/300g - Polyester - #6 Super Bulky - 220 Yards - Knitting/Crochet</p><p>$6.97</p><a href="https://www.amazon.com/dp/B09WCQ89T8?tag=eloabder-20&linkCode=osi&th=1&psc=1">View Product</a></div><div class="product"><a href="https://www.amazon.com/dp/B07V5JVNFD?tag=eloabder-20&linkCode=osi&th=1&psc=1"><img src="https://m.media-amazon.com/images/I/41IS+HdtiOL._SL500_.jpg" alt="Product Image"></a><p>Lion Brand Yarn Basic Stitch Anti-Pilling Knitting Yarn, Yarn for Crocheting, 1-Pack, Baby Blue</p><p>$8.40 ($0.02 / Foot)</p><a href="https://www.amazon.com/dp/B07V5JVNFD?tag=eloabder-20&linkCode=osi&th=1&psc=1">View Product</a></div><div class="product"><a href="https://www.amazon.com/dp/B01M0AJID2?tag=eloabder-20&linkCode=osi&th=1&psc=1"><img src="https://m.media-amazon.com/images/I/41yVau0AUpL._SL500_.jpg" alt="Product Image"></a><p>Lion Brand Yarn (1 Skein) Lion Brand Yarn Babysoft Baby Yarn Yarn, Little Boy Blue Multicolor</p><p>$7.19 ($0.01 / Foot)</p><a href="https://www.amazon.com/dp/B01M0AJID2?tag=eloabder-20&linkCode=osi&th=1&psc=1">View Product</a></div><div class="product"><a href="https://www.amazon.com/dp/B09W1KHF42?tag=eloabder-20&linkCode=osi&th=1&psc=1"><img src="https://m.media-amazon.com/images/I/41maDlrio5L._SL500_.jpg" alt="Product Image"></a><p>Red Heart Super Saver Light Blue Yarn - 3 Pack of 198g/7oz - Acrylic - 4 Medium (Worsted) - 364 Yards - Knitting/Crochet</p><p>$13.29 ($4.43 / Count)</p><a href="https://www.amazon.com/dp/B09W1KHF42?tag=eloabder-20&linkCode=osi&th=1&psc=1">View Product</a></div><div class="product"><a href="https://www.amazon.com/dp/B08LKVZ3CX?tag=eloabder-20&linkCode=osi&th=1&psc=1"><img src="https://m.media-amazon.com/images/I/41GLizNx8UL._SL500_.jpg" alt="Product Image"></a><p>Bernat Baby Blanket Baby Blue Yarn - 3 Pack of 100g/3.5oz - Polyester - 6 Super Bulky - 72 Yards - Knitting/Crochet</p><p>$21.81</p><a href="https://www.amazon.com/dp/B08LKVZ3CX?tag=eloabder-20&linkCode=osi&th=1&psc=1">View Product</a></div><div class="product"><a href="https://www.amazon.com/dp/B0CHJ95WHJ?tag=eloabder-20&linkCode=osi&th=1&psc=1"><img src="https://m.media-amazon.com/images/I/314E1EQdihL._SL500_.jpg" alt="Product Image"></a><p>NORCIA Soft Velvet Yarn Chenille Yarn for Crocheting Baby Blanket Yarn for Knitting Amigurumi Yarn Fancy Yarn for Crochet Weaving Craft (Baby Blue, 1 Skein)</p><p>$9.99</p><a href="https://www.amazon.com/dp/B0CHJ95WHJ?tag=eloabder-20&linkCode=osi&th=1&psc=1">View Product</a></div>
<div class="product"><a href="https://www.amazon.com/dp/B0779F2TXJ?tag=eloabder-20&linkCode=osi&th=1&psc=1"><img src="https://m.media-amazon.com/images/I/31kqZr8DJzL._SL500_.jpg" alt="Product Image"></a><p>OPENDGO Feather Ballpoint Pen ，Black Ink Vintage Feather Quill Refined Plated Rod Quill Ballpoint Pen For School Writing ▏Wedding Gift Signature Pen (Black)</p><p>$6.97</p><a href="https://www.amazon.com/dp/B0779F2TXJ?tag=eloabder-20&linkCode=osi&th=1&psc=1">View Product</a></div><div class="product"><a href="https://www.amazon.com/dp/B0CQF3BJ3S?tag=eloabder-20&linkCode=osi&th=1&psc=1"><img src="https://m.media-amazon.com/images/I/41gs6AOiP6L._SL500_.jpg" alt="Product Image"></a><p>3 in 1 Retractable Ballpoint Pen with Light and Stylus, Nice Pens for Journaling Writing in The Dark - White/Red Light Tip- 0.7mm Black Ink</p><p>$12.99</p><a href="https://www.amazon.com/dp/B0CQF3BJ3S?tag=eloabder-20&linkCode=osi&th=1&psc=1">View Product</a></div><div class="product"><a href="https://www.amazon.com/dp/B08BBZ3B8G?tag=eloabder-20&linkCode=osi&th=1&psc=1"><img src="https://m.media-amazon.com/images/I/41cMHyw60wL._SL500_.jpg" alt="Product Image"></a><p>Mr. Pen- Pens, Black Pens, 12 Pack, Fast Dry, No Smear Pens, Bible Pens, Pens for Journaling, Pens No Bleed Through, Pens Fine Point, Journal Pens, Fine Tip, Planner Pens, Ball Point Journal Pens</p><p>$9.99</p><a href="https://www.amazon.com/dp/B08BBZ3B8G?tag=eloabder-20&linkCode=osi&th=1&psc=1">View Product</a></div><div class="product"><a href="https://www.amazon.com/dp/B0D4YWWGX6?tag=eloabder-20&linkCode=osi&th=1&psc=1"><img src="https://m.media-amazon.com/images/I/31xHBCCzJqL._SL500_.jpg" alt="Product Image"></a><p>PATIKIL 21cm/8" Feather Ballpoint Pen, 1Pcs Ink Vintage Quill Pen Refined Plated Dip Pen for Calligraphy Writing Signature Wedding Gift, Yellow</p><p>$7.49</p><a href="https://www.amazon.com/dp/B0D4YWWGX6?tag=eloabder-20&linkCode=osi&th=1&psc=1">View Product</a></div>

<div class="product"><a href="https://www.amazon.com/dp/B001TLDEVQ?tag=eloabder-20&linkCode=osi&th=1&psc=1"><img src="https://m.media-amazon.com/images/I/41jYF39F6lL._SL500_.jpg" alt="Product Image"></a><p>Beadalon SuppleMax Illusion Beading Cord, 0.40 mm / 0.016 in, Clear Monofilament, 50 m / 164 ft</p><p>$4.74</p><a href="https://www.amazon.com/dp/B001TLDEVQ?tag=eloabder-20&linkCode=osi&th=1&psc=1">View Product</a></div><div class="product"><a href="https://www.amazon.com/dp/B0D2HVFZ7Q?tag=eloabder-20&linkCode=osi&th=1&psc=1"><img src="https://m.media-amazon.com/images/I/41R66LMYz7L._SL500_.jpg" alt="Product Image"></a><p>Zxiixz 116Yards 0.5mm Bracelet String, Waxed String Cord for Bracelet Making, Beading Thread for Bracelet Beads, Friendship Bracelet String for Bracelet Making, Waxed Polyester Cord for Jewelry Making</p><p>$6.99</p><a href="https://www.amazon.com/dp/B0D2HVFZ7Q?tag=eloabder-20&linkCode=osi&th=1&psc=1">View Product</a></div><div class="product"><a href="https://www.amazon.com/dp/B07BNF8KH5?tag=eloabder-20&linkCode=osi&th=1&psc=1"><img src="https://m.media-amazon.com/images/I/51jVByheyVL._SL500_.jpg" alt="Product Image"></a><p>PH PandaHall 100 Yards 1mm Waxed Cotton Cord Thread Beading String for Bracelet Necklace Making Crafting Beading Macrame Vase Decor, Burlywood</p><p>$7.19 ($0.02 / Foot)</p><a href="https://www.amazon.com/dp/B07BNF8KH5?tag=eloabder-20&linkCode=osi&th=1&psc=1">View Product</a></div><div class="product"><a href="https://www.amazon.com/dp/B07HBPGXJG?tag=eloabder-20&linkCode=osi&th=1&psc=1"><img src="https://m.media-amazon.com/images/I/41xi8gO6kDL._SL500_.jpg" alt="Product Image"></a><p>Paxcoo 0.8mm Elastic String, Stretchy Bracelet String Crystal String Bead Cord for Bracelet, Beading and Jewelry Making (120m)</p><p>$6.99 ($0.02 / Foot)</p><a href="https://www.amazon.com/dp/B07HBPGXJG?tag=eloabder-20&linkCode=osi&th=1&psc=1">View Product</a></div><div class="product"><a href="https://www.amazon.com/dp/B0CNPST7D9?tag=eloabder-20&linkCode=osi&th=1&psc=1"><img src="https://m.media-amazon.com/images/I/41A9VISFC4L._SL500_.jpg" alt="Product Image"></a><p>Kblick Black Nylon String Cord - 1MM 100 Yards Black Twine, Bracelet String for Bracelet Making, Braided Ornament Lanyard Sting, Jewelry Thread Clay Bead String for Crafts, Macrame Satin Cord</p><p>$5.99 ($0.02 / Foot)</p><a href="https://www.amazon.com/dp/B0CNPST7D9?tag=eloabder-20&linkCode=osi&th=1&psc=1">View Product</a></div><div class="product"><a href="https://www.amazon.com/dp/B08GC3JF9X?tag=eloabder-20&linkCode=osi&th=1&psc=1"><img src="https://m.media-amazon.com/images/I/41FQZYhvQpL._SL500_.jpg" alt="Product Image"></a><p>Cheriswelry 100M 0.8mm Nylon Beading Cord Black Chinese Knotting Rattail Macrame Thread String Roll for Jewelry Making Kumihimo Wrapping Supplies DIY Crafts</p><p>$6.99 ($0.02 / Fl Oz)</p><a href="https://www.amazon.com/dp/B08GC3JF9X?tag=eloabder-20&linkCode=osi&th=1&psc=1">View Product</a></div><div class="product"><a href="https://www.amazon.com/dp/B0B3V9RWQC?tag=eloabder-20&linkCode=osi&th=1&psc=1"><img src="https://m.media-amazon.com/images/I/41F-OP+yCxL._SL500_.jpg" alt="Product Image"></a><p>Griffin Silk Bead Cord Perlseide – Black Color – Size 3 (0.50mm) – 2 Meters per Card – Stainless Steel Needle Attached – for Knotting Pearls, Gemstones, Crystals and Beads</p><p>$4.99 ($0.76 / Foot)</p><a href="https://www.amazon.com/dp/B0B3V9RWQC?tag=eloabder-20&linkCode=osi&th=1&psc=1">View Product</a></div><div class="product"><a href="https://www.amazon.com/dp/B08F49YVQP?tag=eloabder-20&linkCode=osi&th=1&psc=1"><img src="https://m.media-amazon.com/images/I/41yCMIpj0rS._SL500_.jpg" alt="Product Image"></a><p>1mm Stretchy Bracelet String, Sturdy Rainbow Elastic String Elastic Cord for Jewelry Making, Necklaces, Beading and Crafts</p><p>$6.99 ($0.04 / Foot)</p><a href="https://www.amazon.com/dp/B08F49YVQP?tag=eloabder-20&linkCode=osi&th=1&psc=1">View Product</a></div>

<div class="product"><a href="https://www.amazon.com/dp/B001GMUBJ6?tag=eloabder-20&linkCode=osi&th=1&psc=1"><img src="https://m.media-amazon.com/images/I/41V5qzn3H5L._SL500_.jpg" alt="Product Image"></a><p>The Beadsmith Fireline by Berkley – Micro-Fused Braided Thread – 6lb. Test, 006”/.15mm Diameter, 50 Yard Spool, Crystal Color – Super Strong Stringing Material for Jewelry Making and Bead Weaving</p><p>$12.59</p><a href="https://www.amazon.com/dp/B001GMUBJ6?tag=eloabder-20&linkCode=osi&th=1&psc=1">View Product</a></div><div class="product"><a href="https://www.amazon.com/dp/B001UAKK0Y?tag=eloabder-20&linkCode=osi&th=1&psc=1"><img src="https://m.media-amazon.com/images/I/41rY1D0wfuL._SL500_.jpg" alt="Product Image"></a><p>Beadalon Wildfire, 0.006 in, 0.15 mm, Break Strength 10 lb / 4.5 kg, Frost, 50 yd / 45 m</p><p>$8.85 ($0.06 / Foot)</p><a href="https://www.amazon.com/dp/B001UAKK0Y?tag=eloabder-20&linkCode=osi&th=1&psc=1">View Product</a></div><div class="product"><a href="https://www.amazon.com/dp/B095WY58F4?tag=eloabder-20&linkCode=osi&th=1&psc=1"><img src="https://m.media-amazon.com/images/I/41mXRfJqcjL._SL500_.jpg" alt="Product Image"></a><p>PH PandaHall 0.1mm Nylon Seed Bead Thread 100 Yards Black White Bracelet Cord Beading Thread Invisible Sewing Thread Nylon Braided Thread String for Leather Stitching Beading Jewelry Bracelets Making</p><p>$9.99 ($0.03 / Foot)</p><a href="https://www.amazon.com/dp/B095WY58F4?tag=eloabder-20&linkCode=osi&th=1&psc=1">View Product</a></div><div class="product"><a href="https://www.amazon.com/dp/B08RN2R2SZ?tag=eloabder-20&linkCode=osi&th=1&psc=1"><img src="https://m.media-amazon.com/images/I/41Tg2MMC++L._SL500_.jpg" alt="Product Image"></a><p>KO Nylon Beading Thread, White Color, Japanese Pre-Waxed 100% Nylon, 330TEX, Tangle Resistant Knotting Cords, 50m /55 yds Spool, Use for Seed Bead Projects, Loom Work & Bead Weaving</p><p>$7.06 ($0.04 / Foot)</p><a href="https://www.amazon.com/dp/B08RN2R2SZ?tag=eloabder-20&linkCode=osi&th=1&psc=1">View Product</a></div><div class="product"><a href="https://www.amazon.com/dp/B09J89ST79?tag=eloabder-20&linkCode=osi&th=1&psc=1"><img src="https://m.media-amazon.com/images/I/41hLuuOZeXL._SL500_.jpg" alt="Product Image"></a><p>2 Roll Polyester Thread, Heavy Duty Thread, 1500Yard/Reel 210D/3 nylon thread for sewing, Sewing Thread for Upholstery, Outdoor Market, Drapery, Leather, Beading, Crafts</p><p>$7.99 ($0.00 / Foot)</p><a href="https://www.amazon.com/dp/B09J89ST79?tag=eloabder-20&linkCode=osi&th=1&psc=1">View Product</a></div><div class="product"><a href="https://www.amazon.com/dp/B0C6MSY7QQ?tag=eloabder-20&linkCode=osi&th=1&psc=1"><img src="https://m.media-amazon.com/images/I/31Bn-MyA62L._SL500_.jpg" alt="Product Image"></a><p>PH PandaHall 0.1mm Nylon String 100 Yards Beading Thread White Nylon Seed Bead Thread Bracelet Beading Thread Sewing String for Leather Stitching Beading Jewelry Bracelets Making</p><p>$7.99 ($0.03 / Foot)</p><a href="https://www.amazon.com/dp/B0C6MSY7QQ?tag=eloabder-20&linkCode=osi&th=1&psc=1">View Product</a></div>

<div class="product"><a href="https://www.amazon.com/dp/B07NMNDT1W?tag=eloabder-20&linkCode=osi&th=1&psc=1"><img src="https://m.media-amazon.com/images/I/41-zwQIcVcL._SL500_.jpg" alt="Product Image"></a><p>Howemon White Beeswax Pellets 2LB 100% Pure and Natural Triple Filtered for Skin, Face, Body and Hair Care DIY Creams, Lotions, Lip Balm and Soap Making Supplies</p><p>$13.99 ($0.44 / Fl Oz)</p><a href="https://www.amazon.com/dp/B07NMNDT1W?tag=eloabder-20&linkCode=osi&th=1&psc=1">View Product</a></div><div class="product"><a href="https://www.amazon.com/dp/B00B3U0FW4?tag=eloabder-20&linkCode=osi&th=1&psc=1"><img src="https://m.media-amazon.com/images/I/51rWFCST+TL._SL500_.jpg" alt="Product Image"></a><p>Beesworks Yellow Beeswax Pellets (1 lb) | 100% Pure, Cosmetic Grade, Triple-Filtered Beeswax for DIY Skin care, Lip Balm, Lotion, and Candle Making</p><p>$13.99 ($0.87 / Ounce)</p><a href="https://www.amazon.com/dp/B00B3U0FW4?tag=eloabder-20&linkCode=osi&th=1&psc=1">View Product</a></div><div class="product"><a href="https://www.amazon.com/dp/B01LWX2IO1?tag=eloabder-20&linkCode=osi&th=1&psc=1"><img src="https://m.media-amazon.com/images/I/41MlNqhDyCL._SL500_.jpg" alt="Product Image"></a><p>Beesworks Yellow Beeswax Bars (6 oz) | 100% Pure, Cosmetic Grade, Triple-Filtered Beeswax for DIY Skin Care, Lip Balm, Lotion and Candle Making (1 oz Bars - Pack of 6)</p><p>$6.99</p><a href="https://www.amazon.com/dp/B01LWX2IO1?tag=eloabder-20&linkCode=osi&th=1&psc=1">View Product</a></div><div class="product"><a href="https://www.amazon.com/dp/B0BV77F19N?tag=eloabder-20&linkCode=osi&th=1&psc=1"><img src="https://m.media-amazon.com/images/I/41xzHaO1-EL._SL500_.jpg" alt="Product Image"></a><p>Beeswax Pellets 10LB Cosmetic Beeswax Triple Filtered Beeswax Pastilles for Candle Making Great for DIY Projects Creams Lotions Lip Balm and Soap Making Supplies(10LB)</p><p>$32.99</p><a href="https://www.amazon.com/dp/B0BV77F19N?tag=eloabder-20&linkCode=osi&th=1&psc=1">View Product</a></div><div class="product"><a href="https://www.amazon.com/dp/B0C9QSG3CY?tag=eloabder-20&linkCode=osi&th=1&psc=1"><img src="https://m.media-amazon.com/images/I/414XQcU6SRL._SL500_.jpg" alt="Product Image"></a><p>YASNAY White Beeswax Pellets 2LB, 100% Organic Beeswax, Beeswax for Candle Making, Body, Skin Care DIY, Lip Balm and Soap Making Supplies</p><p>$11.99</p><a href="https://www.amazon.com/dp/B0C9QSG3CY?tag=eloabder-20&linkCode=osi&th=1&psc=1">View Product</a></div><div class="product"><a href="https://www.amazon.com/dp/B097HTC4WN?tag=eloabder-20&linkCode=osi&th=1&psc=1"><img src="https://m.media-amazon.com/images/I/51pwMM7C6-L._SL500_.jpg" alt="Product Image"></a><p>Eco Lux 8 Yellow Beeswax Blocks 100% Pure Natural Organic Bees Wax 6.5oz</p><p>$8.49 ($1.35 / Ounce)</p><a href="https://www.amazon.com/dp/B097HTC4WN?tag=eloabder-20&linkCode=osi&th=1&psc=1">View Product</a></div><div class="product"><a href="https://www.amazon.com/dp/B00HDHQQCE?tag=eloabder-20&linkCode=osi&th=1&psc=1"><img src="https://m.media-amazon.com/images/I/41vF-7MwNhL._SL500_.jpg" alt="Product Image"></a><p>Murray's 100% Pure Beeswax 4 oz</p><p>$5.98 ($1.50 / Ounce)</p><a href="https://www.amazon.com/dp/B00HDHQQCE?tag=eloabder-20&linkCode=osi&th=1&psc=1">View Product</a></div><div class="product"><a href="https://www.amazon.com/dp/B09YM8JTLM?tag=eloabder-20&linkCode=osi&th=1&psc=1"><img src="https://m.media-amazon.com/images/I/41cjNuBnFEL._SL500_.jpg" alt="Product Image"></a><p>TRINIDa Beeswax Pellets 2LB(32 oz), 100% Organic Yellow Bees Wax for DIY Candles, Beeswax for Candle Making, Skin, Body, Face, and Hair Care, Lotions, DIY Creams, Lip Balm and Soap Making Supplies</p><p>$11.99</p><a href="https://www.amazon.com/dp/B09YM8JTLM?tag=eloabder-20&linkCode=osi&th=1&psc=1">View Product</a></div><div class="product"><a href="https://www.amazon.com/dp/B00F3CNMV4?tag=eloabder-20&linkCode=osi&th=1&psc=1"><img src="https://m.media-amazon.com/images/I/31pjrRAEa4L._SL500_.jpg" alt="Product Image"></a><p>Stakich Yellow Beeswax Block - Natural, Triple Filtered - 1 Pound, Honey Scent</p><p>$13.95 ($0.87 / Ounce)</p><a href="https://www.amazon.com/dp/B00F3CNMV4?tag=eloabder-20&linkCode=osi&th=1&psc=1">View Product</a></div><div class="product"><a href="https://www.amazon.com/dp/B0BXFZBZS9?tag=eloabder-20&linkCode=osi&th=1&psc=1"><img src="https://m.media-amazon.com/images/I/4178i9IB9KL._SL500_.jpg" alt="Product Image"></a><p>5LB Beeswax Pellets Beeswax for Candle Making Organic Beeswax Pellets for Skin Beeswax Beads Beeswax Bulk Beeswax for Lotion Making Organic for DIY and Craft Project</p><p>$22.99</p><a href="https://www.amazon.com/dp/B0BXFZBZS9?tag=eloabder-20&linkCode=osi&th=1&psc=1">View Product</a></div>
<div class="product"><a href="https://www.amazon.com/dp/B0052F1BVK?tag=eloabder-20&linkCode=osi&th=1&psc=1"><img src="https://m.media-amazon.com/images/I/41zE9eiGoLL._SL500_.jpg" alt="Product Image"></a><p>ACC Staples Large Binder Clips, 2" Width, 1" Capacity, Black, 12/Pk</p><p>$6.30</p><a href="https://www.amazon.com/dp/B0052F1BVK?tag=eloabder-20&linkCode=osi&th=1&psc=1">View Product</a></div><div class="product"><a href="https://www.amazon.com/dp/B07MLFR771?tag=eloabder-20&linkCode=osi&th=1&psc=1"><img src="https://m.media-amazon.com/images/I/51N2wxA7N0L._SL500_.jpg" alt="Product Image"></a><p>CooBigo 50 Pack Binder Ring, Metal Book Ring Paper Ring Holder 5/8-Inch Loose Leaf Binder Ring Clip for Index Card, Flash Card Ring, Card Calendar, Keychain Key Ring - Bronze</p><p>$6.99</p><a href="https://www.amazon.com/dp/B07MLFR771?tag=eloabder-20&linkCode=osi&th=1&psc=1">View Product</a></div><div class="product"><a href="https://www.amazon.com/dp/B01563NHGY?tag=eloabder-20&linkCode=osi&th=1&psc=1"><img src="https://m.media-amazon.com/images/I/41gj+0ZftqL._SL500_.jpg" alt="Product Image"></a><p>vanki Pack of 40 Cute Lovely Smiling Face Spring-Loaded File Organizer Paper Holder Metal Binder Clips, Assorted Color</p><p>$8.99</p><a href="https://www.amazon.com/dp/B01563NHGY?tag=eloabder-20&linkCode=osi&th=1&psc=1">View Product</a></div><div class="product"><a href="https://www.amazon.com/dp/B000GOUDSO?tag=eloabder-20&linkCode=osi&th=1&psc=1"><img src="https://m.media-amazon.com/images/I/41ZANISHgML._SL500_.jpg" alt="Product Image"></a><p>Small Binder Clips .75" 8/Pkg-Assorted Colors</p><p>$4.46</p><a href="https://www.amazon.com/dp/B000GOUDSO?tag=eloabder-20&linkCode=osi&th=1&psc=1">View Product</a></div>
<div class="product"><a href="https://www.amazon.com/dp/B07PRPX4VR?tag=eloabder-20&linkCode=osi&th=1&psc=1"><img src="https://m.media-amazon.com/images/I/41IMH12fdPL._SL500_.jpg" alt="Product Image"></a><p>Durable Sheet Lifters, Durable Easy Flow, 11" x 3", Lifts Sheets Over Rings and Protects Sheets from Tearing, Fit Standard 3-Ring Binders, Black (20 Pack)</p><p>$14.99</p><a href="https://www.amazon.com/dp/B07PRPX4VR?tag=eloabder-20&linkCode=osi&th=1&psc=1">View Product</a></div><div class="product"><a href="https://www.amazon.com/dp/B0CM8QJHFW?tag=eloabder-20&linkCode=osi&th=1&psc=1"><img src="https://m.media-amazon.com/images/I/31cJGS74oCL._SL500_.jpg" alt="Product Image"></a><p>Wantane D-Shaped Tape Storage Ring Tape Storage Ring 4" D-Shaped Washi Tape Storage Ring for DIY Decoration and Storage（Nickel）-2PCS</p><p>$7.99</p><a href="https://www.amazon.com/dp/B0CM8QJHFW?tag=eloabder-20&linkCode=osi&th=1&psc=1">View Product</a></div>
<div class="product"><a href="https://www.amazon.com/dp/B00006IAS3?tag=eloabder-20&linkCode=osi&th=1&psc=1"><img src="https://m.media-amazon.com/images/I/317DvSXhT1L._SL500_.jpg" alt="Product Image"></a><p>GBC Binding System, Manual, Desktop Binding Punch, 6 Sheet Punch Capacity, ProClick P50 (2515650)</p><p>$123.89</p><a href="https://www.amazon.com/dp/B00006IAS3?tag=eloabder-20&linkCode=osi&th=1&psc=1">View Product</a></div><div class="product"><a href="https://www.amazon.com/dp/B004BP81KQ?tag=eloabder-20&linkCode=osi&th=1&psc=1"><img src="https://m.media-amazon.com/images/I/51SqfeZ12KL._SL500_.jpg" alt="Product Image"></a><p>We R Memory Keepers Cinch Book Binding Wire (1-Inch, Silver (2 Pack))</p><p>$5.99</p><a href="https://www.amazon.com/dp/B004BP81KQ?tag=eloabder-20&linkCode=osi&th=1&psc=1">View Product</a></div>

<div class="product"><a href="https://www.amazon.com/dp/B0007ZJ8TM?tag=eloabder-20&linkCode=osi&th=1&psc=1"><img src="https://m.media-amazon.com/images/I/41i49sz3UAL._SL500_.jpg" alt="Product Image"></a><p>Speedball Super Black India Ink, 2-Ounce</p><p>$9.99 ($9.99 / Count)</p><a href="https://www.amazon.com/dp/B0007ZJ8TM?tag=eloabder-20&linkCode=osi&th=1&psc=1">View Product</a></div><div class="product"><a href="https://www.amazon.com/dp/B0026I10AI?tag=eloabder-20&linkCode=osi&th=1&psc=1"><img src="https://m.media-amazon.com/images/I/31vklP4uBsL._SL500_.jpg" alt="Product Image"></a><p>Dr. Ph. Martin's Bombay India (7BY) Ink Bottle, 1.0 oz, Black</p><p>$6.99</p><a href="https://www.amazon.com/dp/B0026I10AI?tag=eloabder-20&linkCode=osi&th=1&psc=1">View Product</a></div><div class="product"><a href="https://www.amazon.com/dp/B000KNP96C?tag=eloabder-20&linkCode=osi&th=1&psc=1"><img src="https://m.media-amazon.com/images/I/51e9srYtG0L._SL500_.jpg" alt="Product Image"></a><p>Winsor & Newton Drawing Ink, 14ml Bottle, Black Indian</p><p>$10.99</p><a href="https://www.amazon.com/dp/B000KNP96C?tag=eloabder-20&linkCode=osi&th=1&psc=1">View Product</a></div><div class="product"><a href="https://www.amazon.com/dp/B07BQG5QF4?tag=eloabder-20&linkCode=osi&th=1&psc=1"><img src="https://m.media-amazon.com/images/I/41nEMDYZaiL._SL500_.jpg" alt="Product Image"></a><p>Speedball Super Black India Ink, 16-Ounce</p><p>$19.99</p><a href="https://www.amazon.com/dp/B07BQG5QF4?tag=eloabder-20&linkCode=osi&th=1&psc=1">View Product</a></div><div class="product"><a href="https://www.amazon.com/dp/B001038NLY?tag=eloabder-20&linkCode=osi&th=1&psc=1"><img src="https://m.media-amazon.com/images/I/418i4sxJJ0L._SL500_.jpg" alt="Product Image"></a><p>Speedball Fabric Screen Printing Ink, 8-Ounce, Black for T-Shirt and Silkscreen Printmaking</p><p>$12.99 ($1.62 / Fl Oz)</p><a href="https://www.amazon.com/dp/B001038NLY?tag=eloabder-20&linkCode=osi&th=1&psc=1">View Product</a></div><div class="product"><a href="https://www.amazon.com/dp/B00161OPSA?tag=eloabder-20&linkCode=osi&th=1&psc=1"><img src="https://m.media-amazon.com/images/I/41C32y3CJAL._SL500_.jpg" alt="Product Image"></a><p>Tsukineko VersaFine inkpad, Full-Size, Onyx Black</p><p>$4.99 ($4.99 / Count)</p><a href="https://www.amazon.com/dp/B00161OPSA?tag=eloabder-20&linkCode=osi&th=1&psc=1">View Product</a></div>
<div class="product"><a href="https://www.amazon.com/dp/B07Q4TJCDJ?tag=eloabder-20&linkCode=osi&th=1&psc=1"><img src="https://m.media-amazon.com/images/I/315HYvYg-BL._SL500_.jpg" alt="Product Image"></a><p>Primbeeks 300pcs Blank Business Cards, Premium Blank White Cards, 3.5" x 2.2" Small Blank Cards, Blank Cardstock Cards, Small Note Cards, white blank cards, white business cards, kraft paper cards</p><p>$7.99</p><a href="https://www.amazon.com/dp/B07Q4TJCDJ?tag=eloabder-20&linkCode=osi&th=1&psc=1">View Product</a></div><div class="product"><a href="https://www.amazon.com/dp/B0CRGHFLT8?tag=eloabder-20&linkCode=osi&th=1&psc=1"><img src="https://m.media-amazon.com/images/I/41S1NLpb8hL._SL500_.jpg" alt="Product Image"></a><p>Watercolor Cards and Envelopes Set - 50 Folded 5x7 Inch Blank Heavyweight Paper Cards (140lb/300gsm) with Matching Envelopes for DIY Greeting Cards, Festivals, and Events</p><p>$17.99 ($0.36 / Count)</p><a href="https://www.amazon.com/dp/B0CRGHFLT8?tag=eloabder-20&linkCode=osi&th=1&psc=1">View Product</a></div><div class="product"><a href="https://www.amazon.com/dp/B08MX4TZ3H?tag=eloabder-20&linkCode=osi&th=1&psc=1"><img src="https://m.media-amazon.com/images/I/41D2u4vdLQL._SL500_.jpg" alt="Product Image"></a><p>50 Pack Blank Kraft Cards Cardstock Thick Paper Brown Greeting Cards for DIY Gift Card Menus, Baby Shower and Wedding Invitations (Multicolored, 5x7IN)</p><p>$8.99</p><a href="https://www.amazon.com/dp/B08MX4TZ3H?tag=eloabder-20&linkCode=osi&th=1&psc=1">View Product</a></div><div class="product"><a href="https://www.amazon.com/dp/B08BDGGVMK?tag=eloabder-20&linkCode=osi&th=1&psc=1"><img src="https://m.media-amazon.com/images/I/41W-dTUoBqL._SL500_.jpg" alt="Product Image"></a><p>100pcs 3.54"x2" Blank Kraft Paper Business Card, Words Message Notes paper Tags, Mini Craft Cardboard Festival gifts - 6 colors</p><p>$5.98</p><a href="https://www.amazon.com/dp/B08BDGGVMK?tag=eloabder-20&linkCode=osi&th=1&psc=1">View Product</a></div><div class="product"><a href="https://www.amazon.com/dp/B08BFDJJ78?tag=eloabder-20&linkCode=osi&th=1&psc=1"><img src="https://m.media-amazon.com/images/I/61LZ1Csb+dL._SL500_.jpg" alt="Product Image"></a><p>Nettbe 100pcs 3.54"x2" Blank Kraft Paper Business Card, Words Message Notes paper Tags, Mini Craft Cardboard Festival gifts</p><p>$5.99</p><a href="https://www.amazon.com/dp/B08BFDJJ78?tag=eloabder-20&linkCode=osi&th=1&psc=1">View Product</a></div><div class="product"><a href="https://www.amazon.com/dp/B07Q8YBJM3?tag=eloabder-20&linkCode=osi&th=1&psc=1"><img src="https://m.media-amazon.com/images/I/31w6U4cCqEL._SL500_.jpg" alt="Product Image"></a><p>Primbeeks 228pcs Blank Business Cards, Premium Blank White Cards, 3.5" x 2.2" Small Blank Cards, Blank Cardstock Cards, Small Note Cards, white blank cards, white business cards, kraft paper cards</p><p>$5.99</p><a href="https://www.amazon.com/dp/B07Q8YBJM3?tag=eloabder-20&linkCode=osi&th=1&psc=1">View Product</a></div><div class="product"><a href="https://www.amazon.com/dp/B08X4Z9TGN?tag=eloabder-20&linkCode=osi&th=1&psc=1"><img src="https://m.media-amazon.com/images/I/41Jqhe35tDL._SL500_.jpg" alt="Product Image"></a><p>321Done Blank Rustic Cards, Made in USA - 4x6 Thick, Heavy Cardstock - Make Invites, Greeting, Note, Thank You Cards - Plain Kraft for Writing, Stamping, Printing, Art - No Envelopes - Set of 50</p><p>$14.99</p><a href="https://www.amazon.com/dp/B08X4Z9TGN?tag=eloabder-20&linkCode=osi&th=1&psc=1">View Product</a></div><div class="product"><a href="https://www.amazon.com/dp/B0D2KDWBNM?tag=eloabder-20&linkCode=osi&th=1&psc=1"><img src="https://m.media-amazon.com/images/I/31dAhnBJ7aL._SL500_.jpg" alt="Product Image"></a><p>4x6 Blank White Cardstock (Set of 100) - Card Stock for Printer Postcards, Photo Paper Invitations, Greeting, Note, Thank You, DIY Making, Index Cards - Plain for Writing, Stamping, Printing, Art</p><p>$8.99</p><a href="https://www.amazon.com/dp/B0D2KDWBNM?tag=eloabder-20&linkCode=osi&th=1&psc=1">View Product</a></div><div class="product"><a href="https://www.amazon.com/dp/B0BB858RYN?tag=eloabder-20&linkCode=osi&th=1&psc=1"><img src="https://m.media-amazon.com/images/I/317zmriPKNL._SL500_.jpg" alt="Product Image"></a><p>WANDERINGS Handmade White Deckle Edge Blank Greeting Cards- Folded to 5x7” - Pack of 25 - Writers, Artists, Crafters - Thank Yous, Invitations, Menus, Greeting Cards, Notes - Thick 150 GSM</p><p>$21.99 ($0.88 / Count)</p><a href="https://www.amazon.com/dp/B0BB858RYN?tag=eloabder-20&linkCode=osi&th=1&psc=1">View Product</a></div><div class="product"><a href="https://www.amazon.com/dp/B0BZPPXRZW?tag=eloabder-20&linkCode=osi&th=1&psc=1"><img src="https://m.media-amazon.com/images/I/21Da-WQhrpL._SL500_.jpg" alt="Product Image"></a><p>100 Pack Thick Paper Cardstock Blank Heavy Cards Stock for Invitations, Greeting Cards Making, Postcards, Photos, 250GSM Thick Paper (White, 2x3.5 inches)</p><p>$5.99</p><a href="https://www.amazon.com/dp/B0BZPPXRZW?tag=eloabder-20&linkCode=osi&th=1&psc=1">View Product</a></div>
<div class="product"><a href="https://www.amazon.com/dp/B0BZRDQKH6?tag=eloabder-20&linkCode=osi&th=1&psc=1"><img src="https://m.media-amazon.com/images/I/41GYYRiusgL._SL500_.jpg" alt="Product Image"></a><p>feela 8 Pack Unlined Kraft Paper Notebooks, Blank Journal Note Pad for Drawing Writing, Small Sketchbook Travel Journal Bulk for Women Kids Students Office School Supplies, A5, 60 Pages, 8.3” X 5.5”</p><p>$9.99</p><a href="https://www.amazon.com/dp/B0BZRDQKH6?tag=eloabder-20&linkCode=osi&th=1&psc=1">View Product</a></div><div class="product"><a href="https://www.amazon.com/dp/B0BXLB74KK?tag=eloabder-20&linkCode=osi&th=1&psc=1"><img src="https://m.media-amazon.com/images/I/313vYzg7HpL._SL500_.jpg" alt="Product Image"></a><p>ZZTX 4 Pack Blank Kraft Notebooks, Blank Paper Sketchbooks for Drawing Doodling Writing,Travel Journal Set, A5, 36 Pages, 8.3” X 5.5”</p><p>$5.99</p><a href="https://www.amazon.com/dp/B0BXLB74KK?tag=eloabder-20&linkCode=osi&th=1&psc=1">View Product</a></div><div class="product"><a href="https://www.amazon.com/dp/B0BW5TNPXJ?tag=eloabder-20&linkCode=osi&th=1&psc=1"><img src="https://m.media-amazon.com/images/I/31Wu8UP78iL._SL500_.jpg" alt="Product Image"></a><p>EOOUT Kraft Notebooks, Blank Page Journals in Bulk, 16pcs A5, 8.3 X 5.5 Inches, 60 Pages, 80gsm, Travel Journal Set, for Art Camp, Travelers, Students and Office Supplies Sketchbooks Bulk for Kids</p><p>$15.99</p><a href="https://www.amazon.com/dp/B0BW5TNPXJ?tag=eloabder-20&linkCode=osi&th=1&psc=1">View Product</a></div><div class="product"><a href="https://www.amazon.com/dp/B08P3F46SD?tag=eloabder-20&linkCode=osi&th=1&psc=1"><img src="https://m.media-amazon.com/images/I/41jeBDcZJ1L._SL500_.jpg" alt="Product Image"></a><p>Krafty Soft Cover Blank Notebook Journal, Spiral Sketchbook Pad, Drawing Book, 60 Sheets/140gsm (A4)/120 Pages</p><p>$7.99</p><a href="https://www.amazon.com/dp/B08P3F46SD?tag=eloabder-20&linkCode=osi&th=1&psc=1">View Product</a></div><div class="product"><a href="https://www.amazon.com/dp/B0CWNPMC4T?tag=eloabder-20&linkCode=osi&th=1&psc=1"><img src="https://m.media-amazon.com/images/I/31BZeVGe6TL._SL500_.jpg" alt="Product Image"></a><p>zmybcpack 5 Pack Blank Journal Notebooks, Blank Paper Sketchbook for Drawing Writing, Travel Journal Notebook Kraft Paper Notebook for Travelers, Students, Office, A5, 8.26” x 5.5”, 60 Pages/30 Sheets</p><p>$8.99</p><a href="https://www.amazon.com/dp/B0CWNPMC4T?tag=eloabder-20&linkCode=osi&th=1&psc=1">View Product</a></div><div class="product"><a href="https://www.amazon.com/dp/B07WHYP9WN?tag=eloabder-20&linkCode=osi&th=1&psc=1"><img src="https://m.media-amazon.com/images/I/41ZhyCux1yL._SL500_.jpg" alt="Product Image"></a><p>Thick Blank Journal Notebook with Unlined / Unruled / Plain Pages | Deluxe 120gsm Ink Resistant Paper for Writing, Sketch Book, 160 Pages | Hardcover Sketchbook with Pen Holder, Pocket, Ribbon (Black)</p><p>$14.99</p><a href="https://www.amazon.com/dp/B07WHYP9WN?tag=eloabder-20&linkCode=osi&th=1&psc=1">View Product</a></div>
<div class="product"><a href="https://www.amazon.com/dp/B07MT7HKZW?tag=eloabder-20&linkCode=osi&th=1&psc=1"><img src="https://m.media-amazon.com/images/I/413JwH5JREL._SL500_.jpg" alt="Product Image"></a><p>Spiral Sketch Book Large Notebook（Built-in Drawing Board） Kraft Cover Blank Sketch Pad Wirebound Sketching for Drawing Painting 8.5x11-Inch (2 Pack) 200 Sheets, 100 Sheets, 200Pages Each</p><p>$17.99 ($9.00 / Count)</p><a href="https://www.amazon.com/dp/B07MT7HKZW?tag=eloabder-20&linkCode=osi&th=1&psc=1">View Product</a></div><div class="product"><a href="https://www.amazon.com/dp/B0BDQ82WB9?tag=eloabder-20&linkCode=osi&th=1&psc=1"><img src="https://m.media-amazon.com/images/I/51FoWr3GPwL._SL500_.jpg" alt="Product Image"></a><p>feela 170 Pack Blank Kraft Notebooks, Unlined Sketchbook Mini Cute Note Pad for Drawing Writing, Journal Bulk For Kids Students Office School Supplies, A6, 48 Pages, 4.25” X 5.5”, Black and Brown</p><p>$51.99</p><a href="https://www.amazon.com/dp/B0BDQ82WB9?tag=eloabder-20&linkCode=osi&th=1&psc=1">View Product</a></div><div class="product"><a href="https://www.amazon.com/dp/B0B3WWHWT2?tag=eloabder-20&linkCode=osi&th=1&psc=1"><img src="https://m.media-amazon.com/images/I/31m0FzXtPxL._SL500_.jpg" alt="Product Image"></a><p>Tamaki 6 Pack Colorful Blank Books for kids to Write, Drawing, Cute Sketchbook for Kid, 6 Colors (4.25 x 5.5 Inches)</p><p>$6.99</p><a href="https://www.amazon.com/dp/B0B3WWHWT2?tag=eloabder-20&linkCode=osi&th=1&psc=1">View Product</a></div>
<div class="product"><a href="https://www.amazon.com/dp/B0BGH2P9M6?tag=eloabder-20&linkCode=osi&th=1&psc=1"><img src="https://m.media-amazon.com/images/I/41ozOaYoHEL._SL500_.jpg" alt="Product Image"></a><p>EOOUT 100pcs A5 Kraft Notebooks, Blank Page Journals in Bulk, Sketchbooks Bulk for Kids, 60 Pages, 80GSM, 8.3 X 5.5 Inch, Travel Journal Set, for Art Camp, Travelers, Students and Office Supplies</p><p>$51.99</p><a href="https://www.amazon.com/dp/B0BGH2P9M6?tag=eloabder-20&linkCode=osi&th=1&psc=1">View Product</a></div><div class="product"><a href="https://www.amazon.com/dp/B07MT99F94?tag=eloabder-20&linkCode=osi&th=1&psc=1"><img src="https://m.media-amazon.com/images/I/41Ug7gpSWDL._SL500_.jpg" alt="Product Image"></a><p>Spiral Sketch Book Large Notebook（Built-in Drawing Board） Kraft Cover Blank Sketch Pad Wirebound Sketching for Drawing Painting 8.5x11-Inch (1 Pack) 200 Pages, 100 Sheets</p><p>$9.99</p><a href="https://www.amazon.com/dp/B07MT99F94?tag=eloabder-20&linkCode=osi&th=1&psc=1">View Product</a></div><div class="product"><a href="https://www.amazon.com/dp/B07CM32KLM?tag=eloabder-20&linkCode=osi&th=1&psc=1"><img src="https://m.media-amazon.com/images/I/41ENhBLE9DL._SL500_.jpg" alt="Product Image"></a><p>Kraft Cover Drawing Notebook & Sketchbook – Set of 2 Blank Plain Sketch Books – 125g Thick Paper A5 Size, 150x210mm Paper Ideal for Drawing & Sketching- 128 sheets/256 pages – 180 Degree Opening, 2pcs</p><p>$20.99 ($0.08 / Count)</p><a href="https://www.amazon.com/dp/B07CM32KLM?tag=eloabder-20&linkCode=osi&th=1&psc=1">View Product</a></div><div class="product"><a href="https://www.amazon.com/dp/B08ZLMLF7C?tag=eloabder-20&linkCode=osi&th=1&psc=1"><img src="https://m.media-amazon.com/images/I/41X-5yj83vL._SL500_.jpg" alt="Product Image"></a><p>BEECHMORE BOOKS Sketch Book, A4 8.5 x 11.5 inch Blank Sketchbook for Drawing, Paint and Draw, 156 Pages Thick Paper 160gsm, Hardcover Leather Art Notebook, Boxed for Gifts (Chestnut Brown)</p><p>$21.20</p><a href="https://www.amazon.com/dp/B08ZLMLF7C?tag=eloabder-20&linkCode=osi&th=1&psc=1">View Product</a></div>
<div class="product"><a href="https://www.amazon.com/dp/B075M9MSFH?tag=eloabder-20&linkCode=osi&th=1&psc=1"><img src="https://m.media-amazon.com/images/I/51x+szTX6TL._SL500_.jpg" alt="Product Image"></a><p>Bianyo Bleedproof Marker Paper Pad, A4(8.27"X11.69"), 50 Sheets, 18 LB / 70 GSM, Glue-Bound, 100% Cotton, White, Ideal for Use with Markers and Ink Mediums</p><p>$9.99</p><a href="https://www.amazon.com/dp/B075M9MSFH?tag=eloabder-20&linkCode=osi&th=1&psc=1">View Product</a></div><div class="product"><a href="https://www.amazon.com/dp/B08FX5S2NL?tag=eloabder-20&linkCode=osi&th=1&psc=1"><img src="https://m.media-amazon.com/images/I/41CA0ZfazKL._SL500_.jpg" alt="Product Image"></a><p>Marker Paper Sketchbook, Bleedproof Art Marker Pad, (8.27 X 11.69) Inch, White, 40 Sheets</p><p>$6.99</p><a href="https://www.amazon.com/dp/B08FX5S2NL?tag=eloabder-20&linkCode=osi&th=1&psc=1">View Product</a></div><div class="product"><a href="https://www.amazon.com/dp/B0CJRBFSJ8?tag=eloabder-20&linkCode=osi&th=1&psc=1"><img src="https://m.media-amazon.com/images/I/51DLA8TpwEL._SL500_.jpg" alt="Product Image"></a><p>Shuttle Art Marker Pad, 8.3”x8.9” Portable Square Sketchbook, 80 Sheets Marker Drawing Paper, 120LB/200GSM Bleedproof Art Paper, Spiral-Bound, Great for Professional Artist to Draw, Paint & Sketch</p><p>$16.99</p><a href="https://www.amazon.com/dp/B0CJRBFSJ8?tag=eloabder-20&linkCode=osi&th=1&psc=1">View Product</a></div><div class="product"><a href="https://www.amazon.com/dp/B09N7VX5Z5?tag=eloabder-20&linkCode=osi&th=1&psc=1"><img src="https://m.media-amazon.com/images/I/51xCPs9HZyL._SL500_.jpg" alt="Product Image"></a><p>Marker Paper Sketchbook - Marker Sketchbook with Bleedproof Smooth Coated Art Paper, 120 GSM 80 LBS - Marker Pad for Alcohol Markers, Sketching, Drawing - 8.11 x 8.5 Inch | 50 Sheets, 2 Pack</p><p>$15.99 ($8.00 / Count)</p><a href="https://www.amazon.com/dp/B09N7VX5Z5?tag=eloabder-20&linkCode=osi&th=1&psc=1">View Product</a></div><div class="product"><a href="https://www.amazon.com/dp/B07CK94W9T?tag=eloabder-20&linkCode=osi&th=1&psc=1"><img src="https://m.media-amazon.com/images/I/41ocoSNDjdL._SL500_.jpg" alt="Product Image"></a><p>BOXUN Premium 50 Sheets Sketch Marker Paper Pad, Bleedproof Artist Drawing Paper, 8.27 x 11.69 Inch</p><p>$8.29 ($0.17 / Count)</p><a href="https://www.amazon.com/dp/B07CK94W9T?tag=eloabder-20&linkCode=osi&th=1&psc=1">View Product</a></div><div class="product"><a href="https://www.amazon.com/dp/B0CPXWD11W?tag=eloabder-20&linkCode=osi&th=1&psc=1"><img src="https://m.media-amazon.com/images/I/51ApKzpDVNL._SL500_.jpg" alt="Product Image"></a><p>FEITAKE Marker Paper Pad Sketchbook Bleedproof for Alcohol Markers 120lb/200gsm Double Sided Thick Art Drawing Papers 60pages (30Sheets) / A4(8.3"x11.7") Gift for Artists Students Kids</p><p>$13.99 ($0.47 / Count)</p><a href="https://www.amazon.com/dp/B0CPXWD11W?tag=eloabder-20&linkCode=osi&th=1&psc=1">View Product</a></div><div class="product"><a href="https://www.amazon.com/dp/B0025TWYW6?tag=eloabder-20&linkCode=osi&th=1&psc=1"><img src="https://m.media-amazon.com/images/I/51t6UkUHCvL._SL500_.jpg" alt="Product Image"></a><p>Bee Paper Bleedproof Marker Pack, 8-1/2-Inch by 11-Inch, 50 Sheets per Pack</p><p>$17.09 ($0.34 / Count)</p><a href="https://www.amazon.com/dp/B0025TWYW6?tag=eloabder-20&linkCode=osi&th=1&psc=1">View Product</a></div><div class="product"><a href="https://www.amazon.com/dp/B0CJRBYYQB?tag=eloabder-20&linkCode=osi&th=1&psc=1"><img src="https://m.media-amazon.com/images/I/41knBnjZ25L._SL500_.jpg" alt="Product Image"></a><p>Shuttle Art Marker Pad, 8.3”x7.67” Portable Square Sketchbook, 50 Sheets Marker Drawing Paper, 60LB/90GSM Smooth Surface Bleedproof Art Paper, Glue-Bound, Great for Beginners to Draw, Paint & Sketch</p><p>$8.99 ($0.18 / Count)</p><a href="https://www.amazon.com/dp/B0CJRBYYQB?tag=eloabder-20&linkCode=osi&th=1&psc=1">View Product</a></div>
<div class="product"><a href="https://www.amazon.com/dp/B00881IU8M?tag=eloabder-20&linkCode=osi&th=1&psc=1"><img src="https://m.media-amazon.com/images/I/41hbSgdLBtL._SL500_.jpg" alt="Product Image"></a><p>Speedball Fabric & Paper Block Printing Ink 6-Color Set, 1.25-Ounce x 6</p><p>$28.99 ($28.99 / Count)</p><a href="https://www.amazon.com/dp/B00881IU8M?tag=eloabder-20&linkCode=osi&th=1&psc=1">View Product</a></div><div class="product"><a href="https://www.amazon.com/dp/B000J09PFM?tag=eloabder-20&linkCode=osi&th=1&psc=1"><img src="https://m.media-amazon.com/images/I/51yPRc4nvoL._SL500_.jpg" alt="Product Image"></a><p>Speedball Water-Soluble Block Printing Ink Starter Set, 6 Bold Colors with Satin Finish, 1.25-Ounce Tubes</p><p>$29.99 ($4.00 / Fl Oz)</p><a href="https://www.amazon.com/dp/B000J09PFM?tag=eloabder-20&linkCode=osi&th=1&psc=1">View Product</a></div><div class="product"><a href="https://www.amazon.com/dp/B000BYT24U?tag=eloabder-20&linkCode=osi&th=1&psc=1"><img src="https://m.media-amazon.com/images/I/51pDlo+LlKL._SL500_.jpg" alt="Product Image"></a><p>Speedball Water-Soluble Block Printing Ink, 8-Ounce Jar, Black</p><p>$14.49</p><a href="https://www.amazon.com/dp/B000BYT24U?tag=eloabder-20&linkCode=osi&th=1&psc=1">View Product</a></div><div class="product"><a href="https://www.amazon.com/dp/B00C1JUJWW?tag=eloabder-20&linkCode=osi&th=1&psc=1"><img src="https://m.media-amazon.com/images/I/41zDtJ6f5hL._SL500_.jpg" alt="Product Image"></a><p>Speedball Fabric Block Printing Ink, 2.5-Ounce, Black</p><p>$9.99 ($4.00 / Fl Oz)</p><a href="https://www.amazon.com/dp/B00C1JUJWW?tag=eloabder-20&linkCode=osi&th=1&psc=1">View Product</a></div><div class="product"><a href="https://www.amazon.com/dp/B004PZ1ZJG?tag=eloabder-20&linkCode=osi&th=1&psc=1"><img src="https://m.media-amazon.com/images/I/41+GkhhpR5L._SL500_.jpg" alt="Product Image"></a><p>Speedball Water-Soluble Block Printing Ink Starter Set, 4-Color Set, 1.25-Ounce Tubes</p><p>$20.99</p><a href="https://www.amazon.com/dp/B004PZ1ZJG?tag=eloabder-20&linkCode=osi&th=1&psc=1">View Product</a></div><div class="product"><a href="https://www.amazon.com/dp/B0017CZF3C?tag=eloabder-20&linkCode=osi&th=1&psc=1"><img src="https://m.media-amazon.com/images/I/41S17SYPAZL._SL500_.jpg" alt="Product Image"></a><p>Speedball Water Soluble Block Printing Ink, Black, 2-1/2 Ounces - 380663</p><p>$9.99</p><a href="https://www.amazon.com/dp/B0017CZF3C?tag=eloabder-20&linkCode=osi&th=1&psc=1">View Product</a></div><div class="product"><a href="https://www.amazon.com/dp/B0BXNX8FSH?tag=eloabder-20&linkCode=osi&th=1&psc=1"><img src="https://m.media-amazon.com/images/I/51JGm1VxVOL._SL500_.jpg" alt="Product Image"></a><p>Falling in Art Water-Soluble Block Printing Ink, 6-Color Printmaking Ink Set for Linoleum Block, 3.5 floz</p><p>$28.99</p><a href="https://www.amazon.com/dp/B0BXNX8FSH?tag=eloabder-20&linkCode=osi&th=1&psc=1">View Product</a></div><div class="product"><a href="https://www.amazon.com/dp/B0027ACJBO?tag=eloabder-20&linkCode=osi&th=1&psc=1"><img src="https://m.media-amazon.com/images/I/41OzayB9ojL._SL500_.jpg" alt="Product Image"></a><p>Speedball 3476 Oil-Based Block Printing Ink Starter Set for Professional, Permanent Prints AP Certified – 1.25 FL OZ Tubes</p><p>$33.99</p><a href="https://www.amazon.com/dp/B0027ACJBO?tag=eloabder-20&linkCode=osi&th=1&psc=1">View Product</a></div>
<div class="product"><a href="https://www.amazon.com/dp/B0027AGDWK?tag=eloabder-20&linkCode=osi&th=1&psc=1"><img src="https://m.media-amazon.com/images/I/515LDer6GPL._SL500_.jpg" alt="Product Image"></a><p>Speedball Deluxe Block Printing Kit - Includes Inks, Brayer, Bench Hook, Lino Handle and Cutters, Speedy-Carve Block, Mounted Linoleum Block</p><p>$59.99</p><a href="https://www.amazon.com/dp/B0027AGDWK?tag=eloabder-20&linkCode=osi&th=1&psc=1">View Product</a></div><div class="product"><a href="https://www.amazon.com/dp/B07ZJBZN5S?tag=eloabder-20&linkCode=osi&th=1&psc=1"><img src="https://m.media-amazon.com/images/I/41UbN58y9uS._SL500_.jpg" alt="Product Image"></a><p>SGHUO 12pcs 4"x6" Pink Rubber Carving Blocks Linoleum Block Stamp Making Kit</p><p>$22.99 ($1.92 / Count)</p><a href="https://www.amazon.com/dp/B07ZJBZN5S?tag=eloabder-20&linkCode=osi&th=1&psc=1">View Product</a></div>
<div class="product"><a href="https://www.amazon.com/dp/B00L2DYUM8?tag=eloabder-20&linkCode=osi&th=1&psc=1"><img src="https://m.media-amazon.com/images/I/51l5FZ0+5AL._SL500_.jpg" alt="Product Image"></a><p>Strathmore 300 Series Printmaking Paper Pad, Glue Bound, 5x7 inches, 40 Sheets (120g) - Artist Paper for Adults and Students - Block Printing, Linocut, Screen Printing, White</p><p>$7.26</p><a href="https://www.amazon.com/dp/B00L2DYUM8?tag=eloabder-20&linkCode=osi&th=1&psc=1">View Product</a></div><div class="product"><a href="https://www.amazon.com/dp/B07BSYS5XC?tag=eloabder-20&linkCode=osi&th=1&psc=1"><img src="https://m.media-amazon.com/images/I/51Uwfq0jv+L._SL500_.jpg" alt="Product Image"></a><p>Ucreate Printmaking Paper, 9"x12", White, 100 Sheet, P9001</p><p>$9.79</p><a href="https://www.amazon.com/dp/B07BSYS5XC?tag=eloabder-20&linkCode=osi&th=1&psc=1">View Product</a></div><div class="product"><a href="https://www.amazon.com/dp/B00K5562WA?tag=eloabder-20&linkCode=osi&th=1&psc=1"><img src="https://m.media-amazon.com/images/I/51Dm+TeJGdL._SL500_.jpg" alt="Product Image"></a><p>Strathmore Printmaking Paper Pad 8"X10"-20 Sheets -62433800, White</p><p>$10.19</p><a href="https://www.amazon.com/dp/B00K5562WA?tag=eloabder-20&linkCode=osi&th=1&psc=1">View Product</a></div><div class="product"><a href="https://www.amazon.com/dp/B001DNH8I0?tag=eloabder-20&linkCode=osi&th=1&psc=1"><img src="https://m.media-amazon.com/images/I/51UzoKdUojL._SL500_.jpg" alt="Product Image"></a><p>Black Ink 9-Inch by 12-Inch Bleached Mulberry Block Printing Paper, 25-Pack</p><p>$19.35 ($0.77 / Count)</p><a href="https://www.amazon.com/dp/B001DNH8I0?tag=eloabder-20&linkCode=osi&th=1&psc=1">View Product</a></div><div class="product"><a href="https://www.amazon.com/dp/B00C6G6L5Y?tag=eloabder-20&linkCode=osi&th=1&psc=1"><img src="https://m.media-amazon.com/images/I/5103h0Rm8sL._SL500_.jpg" alt="Product Image"></a><p>Black Ink Thai Mulberry Block Printing Paper Packs small assorted colors</p><p>$21.99</p><a href="https://www.amazon.com/dp/B00C6G6L5Y?tag=eloabder-20&linkCode=osi&th=1&psc=1">View Product</a></div>
<div class="product"><a href="https://www.amazon.com/dp/B003IG27OK?tag=eloabder-20&linkCode=osi&th=1&psc=1"><img src="https://m.media-amazon.com/images/I/416NUaYo1DL._SL500_.jpg" alt="Product Image"></a><p>Speedball Block Printing Baren - Comfortable Wooden Handle, Made in the USA - 4 Inches</p><p>$29.49</p><a href="https://www.amazon.com/dp/B003IG27OK?tag=eloabder-20&linkCode=osi&th=1&psc=1">View Product</a></div>
<div class="product"><a href="https://www.amazon.com/dp/B0CMZYY8CJ?tag=eloabder-20&linkCode=osi&th=1&psc=1"><img src="https://m.media-amazon.com/images/I/41TifSIP7SL._SL500_.jpg" alt="Product Image"></a><p>Ecoofor Blotting Paper for Flower Press, 20 Sheets Highly Absorbent and Reusable Blotter Paper for Flower Press Paper Craft 9 x 9 inch</p><p>$9.99</p><a href="https://www.amazon.com/dp/B0CMZYY8CJ?tag=eloabder-20&linkCode=osi&th=1&psc=1">View Product</a></div><div class="product"><a href="https://www.amazon.com/dp/B0CYRT3RM4?tag=eloabder-20&linkCode=osi&th=1&psc=1"><img src="https://m.media-amazon.com/images/I/31+qvVq3giL._SL500_.jpg" alt="Product Image"></a><p>Hygge & Sage Premium Natural Fiber Blotting Paper for Flower Press Art; 20 Large Sheets for a Press up to 8x11 Inches; Absorbent, Versatile, and Acid-Free Reusable Blotter Paper for Flower Pressing</p><p>$9.50 ($0.48 / Count)</p><a href="https://www.amazon.com/dp/B0CYRT3RM4?tag=eloabder-20&linkCode=osi&th=1&psc=1">View Product</a></div><div class="product"><a href="https://www.amazon.com/dp/B0D41GDLHM?tag=eloabder-20&linkCode=osi&th=1&psc=1"><img src="https://m.media-amazon.com/images/I/41LIF5dHXaL._SL500_.jpg" alt="Product Image"></a><p>Aboofx 20 Sheets Blotting Paper for Flower Press, 15" x 10" Extra Large Highly Absorbent Blotter Paper for Flower Press Reusable Herbarium Paper Craft Blotter Paper Sheets</p><p>$19.99</p><a href="https://www.amazon.com/dp/B0D41GDLHM?tag=eloabder-20&linkCode=osi&th=1&psc=1">View Product</a></div><div class="product"><a href="https://www.amazon.com/dp/B0CQMMYSBR?tag=eloabder-20&linkCode=osi&th=1&psc=1"><img src="https://m.media-amazon.com/images/I/413SlUi6IDL._SL500_.jpg" alt="Product Image"></a><p>Wisreach Blotting Paper for Flower Press, 20 Sheets Flower Press Paper Highly Absorbent and Reusable Blotter Paper for Flower Art A4 Size 8.26 x 11.4 inch</p><p>$9.99</p><a href="https://www.amazon.com/dp/B0CQMMYSBR?tag=eloabder-20&linkCode=osi&th=1&psc=1">View Product</a></div><div class="product"><a href="https://www.amazon.com/dp/B093FQ22PG?tag=eloabder-20&linkCode=osi&th=1&psc=1"><img src="https://m.media-amazon.com/images/I/41B2jXhe+QL._SL500_.jpg" alt="Product Image"></a><p>Blotting Paper for Flower Press by Berstuk® • Large A4 Flower Press Paper • Highly Absorbent and Reusable Herbarium Paper • Pack of 10 Blotter Paper Sheets</p><p>$6.99 ($69.90 / 100 Sheets)</p><a href="https://www.amazon.com/dp/B093FQ22PG?tag=eloabder-20&linkCode=osi&th=1&psc=1">View Product</a></div><div class="product"><a href="https://www.amazon.com/dp/B0C6PW4VGB?tag=eloabder-20&linkCode=osi&th=1&psc=1"><img src="https://m.media-amazon.com/images/I/21C64VB3iVL._SL500_.jpg" alt="Product Image"></a><p>PATIKIL 16"x12" Flower Press Paper, 1 Set/30 Sheet Refill Lining Blotter Paper Absorbent Reusable Blotting Paper for DIY Art Handicraft Scrapbook</p><p>$11.19</p><a href="https://www.amazon.com/dp/B0C6PW4VGB?tag=eloabder-20&linkCode=osi&th=1&psc=1">View Product</a></div><div class="product"><a href="https://www.amazon.com/dp/B0C6PTK915?tag=eloabder-20&linkCode=osi&th=1&psc=1"><img src="https://m.media-amazon.com/images/I/21UviFCGjtL._SL500_.jpg" alt="Product Image"></a><p>PATIKIL 12"x8" Flower Press Paper, 2 Set/60 Sheet Refill Lining Blotter Paper Absorbent Reusable Blotting Paper for DIY Art Handicraft Scrapbook</p><p>$13.69</p><a href="https://www.amazon.com/dp/B0C6PTK915?tag=eloabder-20&linkCode=osi&th=1&psc=1">View Product</a></div><div class="product"><a href="https://www.amazon.com/dp/B0CDJZ4MD7?tag=eloabder-20&linkCode=osi&th=1&psc=1"><img src="https://m.media-amazon.com/images/I/41iwkW+QQOL._SL500_.jpg" alt="Product Image"></a><p>30 PCS Blotting Paper for Flower Press Large A4 Flower Press Paper Highly Absorbent and Reusable Blotter Paper Refill Lining Paper for Flower Press Art Craft Scrapbook Making, 11.8 x 7.9 Inches Blue</p><p>$9.99</p><a href="https://www.amazon.com/dp/B0CDJZ4MD7?tag=eloabder-20&linkCode=osi&th=1&psc=1">View Product</a></div>

<div class="product"><a href="https://www.amazon.com/dp/B0D2T4F1DZ?tag=eloabder-20&linkCode=osi&th=1&psc=1"><img src="https://m.media-amazon.com/images/I/41KNcatyBWL._SL500_.jpg" alt="Product Image"></a><p>10pcs Book Cloth,14”x10”,Fabric Surface and Paper Backed, book cloth for book binding,book binding fabric,5 Colors Bookbinding Cloth for DIY fabric book cover,bookbinding paper (Style B)</p><p>$9.99</p><a href="https://www.amazon.com/dp/B0D2T4F1DZ?tag=eloabder-20&linkCode=osi&th=1&psc=1">View Product</a></div><div class="product"><a href="https://www.amazon.com/dp/B0CMD2LWR8?tag=eloabder-20&linkCode=osi&th=1&psc=1"><img src="https://m.media-amazon.com/images/I/31QVUZVSB+L._SL500_.jpg" alt="Product Image"></a><p>Mozeat Lens 33 ft Bookbinding Tape Book Tape Repair Book Binding Tape Cloth Book Repair Kit 2 Inch Wide Book Spine Tape Cloth Bookbinding Repair Tape White Book Tape for Reinforcing Book Spine Tape</p><p>$7.99</p><a href="https://www.amazon.com/dp/B0CMD2LWR8?tag=eloabder-20&linkCode=osi&th=1&psc=1">View Product</a></div><div class="product"><a href="https://www.amazon.com/dp/B0D1KC168C?tag=eloabder-20&linkCode=osi&th=1&psc=1"><img src="https://m.media-amazon.com/images/I/31wWgk-1V4L._SL500_.jpg" alt="Product Image"></a><p>AKONEGE Book Cloth for Book Binding 35 x 16 Inch Fabric Surface and Paper Backed, Strong, Easy to Use, Fabric Materials Bookbinding Supplies Bookcloth for Scrapbooking Album DIY Crafts, Black</p><p>$9.99</p><a href="https://www.amazon.com/dp/B0D1KC168C?tag=eloabder-20&linkCode=osi&th=1&psc=1">View Product</a></div><div class="product"><a href="https://www.amazon.com/dp/B0BC48CCWW?tag=eloabder-20&linkCode=osi&th=1&psc=1"><img src="https://m.media-amazon.com/images/I/41vTc+L-XyL._SL500_.jpg" alt="Product Image"></a><p>Wooqu Book Cloth, Fabric Surface and Paper Backed, Easy to Use, Strong, 17x29”, for Book Binding, Dark Green</p><p>$13.99</p><a href="https://www.amazon.com/dp/B0BC48CCWW?tag=eloabder-20&linkCode=osi&th=1&psc=1">View Product</a></div><div class="product"><a href="https://www.amazon.com/dp/B00W3S7LU4?tag=eloabder-20&linkCode=osi&th=1&psc=1"><img src="https://m.media-amazon.com/images/I/41mUL1LmSHS._SL500_.jpg" alt="Product Image"></a><p>BookGuard 2 inch Premium Bookbinding Repair Cloth Tape, 15 Yard Roll Burgundy</p><p>$14.95</p><a href="https://www.amazon.com/dp/B00W3S7LU4?tag=eloabder-20&linkCode=osi&th=1&psc=1">View Product</a></div>

<div class="product"><a href="https://www.amazon.com/dp/B08217DGL7?tag=eloabder-20&linkCode=osi&th=1&psc=1"><img src="https://m.media-amazon.com/images/I/51Gy-qfph7L._SL500_.jpg" alt="Product Image"></a><p>24 Colors Waxed Thread, Leather Sewing Thread,Hand Stitching Thread for Hand Sewing Leather and Bookbinding, 13Yards Per Color</p><p>$11.99 ($0.01 / Foot)</p><a href="https://www.amazon.com/dp/B08217DGL7?tag=eloabder-20&linkCode=osi&th=1&psc=1">View Product</a></div><div class="product"><a href="https://www.amazon.com/dp/B08GCHJ3FP?tag=eloabder-20&linkCode=osi&th=1&psc=1"><img src="https://m.media-amazon.com/images/I/41TK-XNxTFL._SL500_.jpg" alt="Product Image"></a><p>FANDOL 100% Natural Linen Thread Waxed thread for Bookbingding, Leather Sewing, Beading or Macrame (Natural)</p><p>$14.98</p><a href="https://www.amazon.com/dp/B08GCHJ3FP?tag=eloabder-20&linkCode=osi&th=1&psc=1">View Product</a></div><div class="product"><a href="https://www.amazon.com/dp/B0025U108E?tag=eloabder-20&linkCode=osi&th=1&psc=1"><img src="https://m.media-amazon.com/images/I/4172yrURiVL._SL500_.jpg" alt="Product Image"></a><p>Books by Hand Linen Thread, Archival Quality Natural Unbleached and Unwaxed, 50 Yards 35/3 Gauge, Ideal for Bookbinding and Sewing Signatures</p><p>$9.47</p><a href="https://www.amazon.com/dp/B0025U108E?tag=eloabder-20&linkCode=osi&th=1&psc=1">View Product</a></div><div class="product"><a href="https://www.amazon.com/dp/B08S78KLRN?tag=eloabder-20&linkCode=osi&th=1&psc=1"><img src="https://m.media-amazon.com/images/I/413NGMtJdrL._SL500_.jpg" alt="Product Image"></a><p>Jupean Waxed Thread, 150m /164Yards Beige Leather Waxed Thread, Leather Sewing Thread, Hand Stitching Thread for Hand Sewing Leather, Bookbinding, and Beginners Leather Craft DIY</p><p>$6.49 ($0.01 / Foot)</p><a href="https://www.amazon.com/dp/B08S78KLRN?tag=eloabder-20&linkCode=osi&th=1&psc=1">View Product</a></div><div class="product"><a href="https://www.amazon.com/dp/B015D9E6UM?tag=eloabder-20&linkCode=osi&th=1&psc=1"><img src="https://m.media-amazon.com/images/I/51VnWPI+Q5L._SL500_.jpg" alt="Product Image"></a><p>Lineco, Natural Waxed Linen Thread 20 Yards, Books by Hand Natural, Black, Brown Color for Sewing, Bookbinding (3/Pkg)</p><p>$13.77</p><a href="https://www.amazon.com/dp/B015D9E6UM?tag=eloabder-20&linkCode=osi&th=1&psc=1">View Product</a></div>
<div class="product"><a href="https://www.amazon.com/dp/B0CMD53C1C?tag=eloabder-20&linkCode=osi&th=1&psc=1"><img src="https://m.media-amazon.com/images/I/31dU4wqS0rL._SL500_.jpg" alt="Product Image"></a><p>5-in-1 Bookbinding Kit,Book Cover Guide, Bookbinding Cover Tool, Stainless Steel Book Binding Kit, Bookbinding Ruler, Scrapbooking Tools for Making Book Cover Chipboard Covers Album Planner</p><p>$7.88</p><a href="https://www.amazon.com/dp/B0CMD53C1C?tag=eloabder-20&linkCode=osi&th=1&psc=1">View Product</a></div>
<div class="product"><a href="https://www.amazon.com/dp/B007TIEG6U?tag=eloabder-20&linkCode=osi&th=1&psc=1"><img src="https://m.media-amazon.com/images/I/31d6r6R5lGL._SL500_.jpg" alt="Product Image"></a><p>Handy Art Empty 2 ounce Marker Bottle, Dauber Tip and Cap, 12-Each (900-003) , White</p><p>$23.12 ($1.93 / Count)</p><a href="https://www.amazon.com/dp/B007TIEG6U?tag=eloabder-20&linkCode=osi&th=1&psc=1">View Product</a></div>
<div class="product"><a href="https://www.amazon.com/dp/B07YDNKSH6?tag=eloabder-20&linkCode=osi&th=1&psc=1"><img src="https://m.media-amazon.com/images/I/41JGrHa7mSL._SL500_.jpg" alt="Product Image"></a><p>4-Inch Rubber Brayer Roller for Printmaking, Great for Gluing Application Also. (Original Version)</p><p>$6.99</p><a href="https://www.amazon.com/dp/B07YDNKSH6?tag=eloabder-20&linkCode=osi&th=1&psc=1">View Product</a></div>
<div class="product"><a href="https://www.amazon.com/dp/B005U7BNPE?tag=eloabder-20&linkCode=osi&th=1&psc=1"><img src="https://m.media-amazon.com/images/I/418YfTClSxL._SL500_.jpg" alt="Product Image"></a><p>Apple Barrel Acrylic Paint in Assorted Colors (2 oz), 20513, Bright Yellow</p><p>$0.58 ($0.29 / Fl Oz)</p><a href="https://www.amazon.com/dp/B005U7BNPE?tag=eloabder-20&linkCode=osi&th=1&psc=1">View Product</a></div><div class="product"><a href="https://www.amazon.com/dp/B099DWCRZ5?tag=eloabder-20&linkCode=osi&th=1&psc=1"><img src="https://m.media-amazon.com/images/I/41rr5hT-8TL._SL500_.jpg" alt="Product Image"></a><p>milo Fluorescent Acrylic Paint Set of 6 Colors | 4 oz Bottles | Student Neon Colors Acrylics Painting Pack | Made in the USA | Non-Toxic Art & Craft Paints for Artists, Kids, & Hobby Painters</p><p>$22.90 ($0.95 / Fl Oz)</p><a href="https://www.amazon.com/dp/B099DWCRZ5?tag=eloabder-20&linkCode=osi&th=1&psc=1">View Product</a></div><div class="product"><a href="https://www.amazon.com/dp/B07ZPPPWPL?tag=eloabder-20&linkCode=osi&th=1&psc=1"><img src="https://m.media-amazon.com/images/I/51Vqk2rrZwL._SL500_.jpg" alt="Product Image"></a><p>Apple Barrel, Pastel Dreams & Vivid Wonders Collection Acrylic Craft Paint, PROMOTCK, 2 fl oz each, 18 assorted matte colors, 18 count</p><p>$22.66 ($0.63 / Fl Oz)</p><a href="https://www.amazon.com/dp/B07ZPPPWPL?tag=eloabder-20&linkCode=osi&th=1&psc=1">View Product</a></div><div class="product"><a href="https://www.amazon.com/dp/B0CKQR52XC?tag=eloabder-20&linkCode=osi&th=1&psc=1"><img src="https://m.media-amazon.com/images/I/51WTPlhN2WL._SL500_.jpg" alt="Product Image"></a><p>ARTME Glow in The Dark Paint, 10 Bright Colors 60ml/2oz Blacklight Paint Set, Neon Craft Paint, Acrylic Glow Fluorescent Paint Perfect for Art Painting, DIY projects, Halloween and Christmas</p><p>$23.99 ($1.20 / Fl Oz)</p><a href="https://www.amazon.com/dp/B0CKQR52XC?tag=eloabder-20&linkCode=osi&th=1&psc=1">View Product</a></div><div class="product"><a href="https://www.amazon.com/dp/B09XXHBL3Y?tag=eloabder-20&linkCode=osi&th=1&psc=1"><img src="https://m.media-amazon.com/images/I/51taBeDdeIL._SL500_.jpg" alt="Product Image"></a><p>Fantastory Glow in the Dark Acrylic Paint, 10 Extra Bright Colors, 30ml/1oz Waterproof Glow in Dark Paint,Indoor Outdoor Blacklight Paint for Kids,Adults, Rocks,Walls,Halloween,Craft &Fabric</p><p>$9.99 ($1.00 / Fl Oz)</p><a href="https://www.amazon.com/dp/B09XXHBL3Y?tag=eloabder-20&linkCode=osi&th=1&psc=1">View Product</a></div><div class="product"><a href="https://www.amazon.com/dp/B0BS3JM8ZR?tag=eloabder-20&linkCode=osi&th=1&psc=1"><img src="https://m.media-amazon.com/images/I/51S8FteGgPL._SL500_.jpg" alt="Product Image"></a><p>Acrylic Paint, Shuttle Art 24 Colors Acrylic Paint Bottle Set, 250ml/8.45oz Each, Rich Pigments, High Viscosity, Bulk Paint for Artists, Beginners and Kids Painting on Rocks Crafts Canvas Wood Ceramic</p><p>$49.99 ($0.25 / Fl Oz)</p><a href="https://www.amazon.com/dp/B0BS3JM8ZR?tag=eloabder-20&linkCode=osi&th=1&psc=1">View Product</a></div><div class="product"><a href="https://www.amazon.com/dp/B00CIW3EDI?tag=eloabder-20&linkCode=osi&th=1&psc=1"><img src="https://m.media-amazon.com/images/I/41PMnxyBo5L._SL500_.jpg" alt="Product Image"></a><p>FolkArt Multi-Surface Acrylic Paint in Assorted Colors (2 oz), 2896, Bright Pink</p><p>$1.47 ($0.74 / Fl Oz)</p><a href="https://www.amazon.com/dp/B00CIW3EDI?tag=eloabder-20&linkCode=osi&th=1&psc=1">View Product</a></div><div class="product"><a href="https://www.amazon.com/dp/B085ZB5ZK9?tag=eloabder-20&linkCode=osi&th=1&psc=1"><img src="https://m.media-amazon.com/images/I/51nmRq1eicL._SL500_.jpg" alt="Product Image"></a><p>FolkArt 4 Bottle Multi-Surface Acrylic Paint Set, 2oz, Neon Blacklight Colors</p><p>$8.12 ($1.02 / Fl Oz)</p><a href="https://www.amazon.com/dp/B085ZB5ZK9?tag=eloabder-20&linkCode=osi&th=1&psc=1">View Product</a></div><div class="product"><a href="https://www.amazon.com/dp/B08N585VN5?tag=eloabder-20&linkCode=osi&th=1&psc=1"><img src="https://m.media-amazon.com/images/I/51nwFBdxwVL._SL500_.jpg" alt="Product Image"></a><p>Acrylic Paint Set Value Pack of 12 Colors | Craft Painting Kit with 2 oz Squeeze Bottles for Beginners, Artists, Professionals | Non-Toxic Water Based Paints for Canvas, Paper, Wood | Bright Hues</p><p>$11.99 ($0.50 / Fl Oz)</p><a href="https://www.amazon.com/dp/B08N585VN5?tag=eloabder-20&linkCode=osi&th=1&psc=1">View Product</a></div>
<div class="product"><a href="https://www.amazon.com/dp/B0009RRT9Y?tag=eloabder-20&linkCode=osi&th=1&psc=1"><img src="https://m.media-amazon.com/images/I/51ZhyYPOB5L._SL500_.jpg" alt="Product Image"></a><p>General Pencil Company The Masters Brush Cleaner & Preserver 2.5 0z.</p><p>$12.00</p><a href="https://www.amazon.com/dp/B0009RRT9Y?tag=eloabder-20&linkCode=osi&th=1&psc=1">View Product</a></div><div class="product"><a href="https://www.amazon.com/dp/B00F38YVQS?tag=eloabder-20&linkCode=osi&th=1&psc=1"><img src="https://m.media-amazon.com/images/I/51yjmSTzzML._SL500_.jpg" alt="Product Image"></a><p>B & J Original Brush Cleaner - 2.5 Oz/12ct Display</p><p>$12.77</p><a href="https://www.amazon.com/dp/B00F38YVQS?tag=eloabder-20&linkCode=osi&th=1&psc=1">View Product</a></div><div class="product"><a href="https://www.amazon.com/dp/B004BN7QQ8?tag=eloabder-20&linkCode=osi&th=1&psc=1"><img src="https://m.media-amazon.com/images/I/31fEWB-h4VL._SL500_.jpg" alt="Product Image"></a><p>Winsor & Newton Brush Cleaner & Restorer, 16.0-oz Bottle</p><p>$21.87 ($1.37 / Fl Oz)</p><a href="https://www.amazon.com/dp/B004BN7QQ8?tag=eloabder-20&linkCode=osi&th=1&psc=1">View Product</a></div><div class="product"><a href="https://www.amazon.com/dp/B09NCHL2LM?tag=eloabder-20&linkCode=osi&th=1&psc=1"><img src="https://m.media-amazon.com/images/I/31UzwasdL6L._SL500_.jpg" alt="Product Image"></a><p>U.S. Art Supply Brush Cleaner and Restorer, 4 Ounce Bottle - Quickly Cleans Paint Brushes, Airbrushes, Art Tools - Cleaning Solution to Remove Dried On Acrylic, Oil and Water-Based Paint Colors</p><p>$8.99 ($2.25 / Fl Oz)</p><a href="https://www.amazon.com/dp/B09NCHL2LM?tag=eloabder-20&linkCode=osi&th=1&psc=1">View Product</a></div><div class="product"><a href="https://www.amazon.com/dp/B09J8L55SK?tag=eloabder-20&linkCode=osi&th=1&psc=1"><img src="https://m.media-amazon.com/images/I/41qgWS2nSsL._SL500_.jpg" alt="Product Image"></a><p>Green Piece® Paint Brush Cleaner and Restorer for Art Paint Brushes - 100% Natural - Non-Toxic - Wet or Dry Paint - No Chemicals - Oil or Acrylic Paints, Wood and Metal - Amazing Power - 18 Oz</p><p>$19.88</p><a href="https://www.amazon.com/dp/B09J8L55SK?tag=eloabder-20&linkCode=osi&th=1&psc=1">View Product</a></div><div class="product"><a href="https://www.amazon.com/dp/B0027A79I2?tag=eloabder-20&linkCode=osi&th=1&psc=1"><img src="https://m.media-amazon.com/images/I/31J6S+mCjuL._SL500_.jpg" alt="Product Image"></a><p>Pink Soap 12-Ounce Paint Brush Cleaner and Conditioner, Solution Cleans and Restores, Removes Dried Paint on Airbrushes and Other Artist Tools & Supplies</p><p>$15.49 ($1.29 / Fl Oz)</p><a href="https://www.amazon.com/dp/B0027A79I2?tag=eloabder-20&linkCode=osi&th=1&psc=1">View Product</a></div><div class="product"><a href="https://www.amazon.com/dp/B0027AEANE?tag=eloabder-20&linkCode=osi&th=1&psc=1"><img src="https://m.media-amazon.com/images/I/51bHOLU1pVL._SL500_.jpg" alt="Product Image"></a><p>General Pencil General 105-BP Pencil Masters Brush Cleaner & Preserver, 1 Pack, Clear</p><p>$9.99 ($4.00 / Ounce)</p><a href="https://www.amazon.com/dp/B0027AEANE?tag=eloabder-20&linkCode=osi&th=1&psc=1">View Product</a></div>

<div class="product"><a href="https://www.amazon.com/dp/B00N9UUWLA?tag=eloabder-20&linkCode=osi&th=1&psc=1"><img src="https://m.media-amazon.com/images/I/41be4n09wZL._SL500_.jpg" alt="Product Image"></a><p>Pentel Arts Portable Pocket Brush Pen (Medium Point), 1Pen & 2Refills</p><p>$7.00</p><a href="https://www.amazon.com/dp/B00N9UUWLA?tag=eloabder-20&linkCode=osi&th=1&psc=1">View Product</a></div><div class="product"><a href="https://www.amazon.com/dp/B07DQ4292Y?tag=eloabder-20&linkCode=osi&th=1&psc=1"><img src="https://m.media-amazon.com/images/I/41-kgHpaPvL._SL500_.jpg" alt="Product Image"></a><p>Tombow 62039 Fudenosuke Brush Pens, 3-Pack. Soft, Hard, and Twin Tip Markers for Calligraphy and Art Drawings</p><p>$7.59 ($2.53 / Count)</p><a href="https://www.amazon.com/dp/B07DQ4292Y?tag=eloabder-20&linkCode=osi&th=1&psc=1">View Product</a></div><div class="product"><a href="https://www.amazon.com/dp/B0995FNMKW?tag=eloabder-20&linkCode=osi&th=1&psc=1"><img src="https://m.media-amazon.com/images/I/51kpGsTNvlL._SL500_.jpg" alt="Product Image"></a><p>WRITECH Arts Sign Brush Pen Brush Tip Marker Felt Tip Water Based Ink Color Pens 12 Assorted Vintage Colors Great for Lettering Journaling Calligraphy (Vintage)</p><p>$13.99 ($1.17 / Count)</p><a href="https://www.amazon.com/dp/B0995FNMKW?tag=eloabder-20&linkCode=osi&th=1&psc=1">View Product</a></div><div class="product"><a href="https://www.amazon.com/dp/B07H89R749?tag=eloabder-20&linkCode=osi&th=1&psc=1"><img src="https://m.media-amazon.com/images/I/51nTGZ-eAsL._SL500_.jpg" alt="Product Image"></a><p>Tombow Fudenosuke Brush Pen - Hard - 10 Colors Set (WS-BH10C)</p><p>$11.73</p><a href="https://www.amazon.com/dp/B07H89R749?tag=eloabder-20&linkCode=osi&th=1&psc=1">View Product</a></div><div class="product"><a href="https://www.amazon.com/dp/B002PIFTRE?tag=eloabder-20&linkCode=osi&th=1&psc=1"><img src="https://m.media-amazon.com/images/I/41IVnNPD1hL._SL500_.jpg" alt="Product Image"></a><p>Pentel Color Brush Pen, Black (GFLBP101)</p><p>$7.89</p><a href="https://www.amazon.com/dp/B002PIFTRE?tag=eloabder-20&linkCode=osi&th=1&psc=1">View Product</a></div>

<div class="product"><a href="https://www.amazon.com/dp/B0D3HPD7WP?tag=eloabder-20&linkCode=osi&th=1&psc=1"><img src="https://m.media-amazon.com/images/I/31KSmmAWUWL._SL500_.jpg" alt="Product Image"></a><p>50 Sheets Grey Cardstock Paper, Colored Printer Paper 8.5 x 11, Thick Construction Paper for Cards Making, Scrapbook，Office Printing, Invitations, Certificates，DIY Crafting 92 lb/250gsm</p><p>$9.99</p><a href="https://www.amazon.com/dp/B0D3HPD7WP?tag=eloabder-20&linkCode=osi&th=1&psc=1">View Product</a></div>
<div class="product"><a href="https://www.amazon.com/dp/B076CP6F36?tag=eloabder-20&linkCode=osi&th=1&psc=1"><img src="https://m.media-amazon.com/images/I/51rfEIvgI+L._SL500_.jpg" alt="Product Image"></a><p>Apple Barrel, Vibrant Spectrum Collection Acrylic Craft Paint, PROMOABIII, 2 fl oz each, 16 assorted matte colors, 16 count</p><p>$15.97 ($0.50 / Fl Oz)</p><a href="https://www.amazon.com/dp/B076CP6F36?tag=eloabder-20&linkCode=osi&th=1&psc=1">View Product</a></div><div class="product"><a href="https://www.amazon.com/dp/B0BKFLSYQF?tag=eloabder-20&linkCode=osi&th=1&psc=1"><img src="https://m.media-amazon.com/images/I/51a0PmPRknL._SL500_.jpg" alt="Product Image"></a><p>72 Pack Acrylic Paint Set, Shuttle Art 60 Colors Acrylic Paint Including Extra White Black & 12 Brushes, 2oz/60ml, Rich Pigmented, Water Proof, Ideal for Artists, Beginners on Canvas Rock Wood Ceramic</p><p>$45.99 ($23.00 / Fl Oz)</p><a href="https://www.amazon.com/dp/B0BKFLSYQF?tag=eloabder-20&linkCode=osi&th=1&psc=1">View Product</a></div><div class="product"><a href="https://www.amazon.com/dp/B08CB3JH79?tag=eloabder-20&linkCode=osi&th=1&psc=1"><img src="https://m.media-amazon.com/images/I/51OUZsFdnTL._SL500_.jpg" alt="Product Image"></a><p>Acrylic Paint Set of 36 Colors 2fl oz 60ml Bottles,Non Toxic 36 Colors Acrylic Paint No Fading Rich Pigment for Kids Adults Artists Canvas Crafts Wood Painting</p><p>$32.99 ($0.46 / Fl Oz)</p><a href="https://www.amazon.com/dp/B08CB3JH79?tag=eloabder-20&linkCode=osi&th=1&psc=1">View Product</a></div><div class="product"><a href="https://www.amazon.com/dp/B0018NBVKQ?tag=eloabder-20&linkCode=osi&th=1&psc=1"><img src="https://m.media-amazon.com/images/I/31YlSvZMTCL._SL500_.jpg" alt="Product Image"></a><p>Apple Barrel Acrylic Paint in Assorted Colors (8 Ounce), 20403 White</p><p>$2.67 ($0.33 / Fl Oz)</p><a href="https://www.amazon.com/dp/B0018NBVKQ?tag=eloabder-20&linkCode=osi&th=1&psc=1">View Product</a></div><div class="product"><a href="https://www.amazon.com/dp/B077WSBLZ1?tag=eloabder-20&linkCode=osi&th=1&psc=1"><img src="https://m.media-amazon.com/images/I/51KPkXpLn1L._SL500_.jpg" alt="Product Image"></a><p>Shuttle Art Acrylic Paint Set, 30 x12ml Tubes Artist Quality Non Toxic Rich Pigments Colors Great for Kids Adults Professional Painting on Rocks Canvas Wood Clay Fabric Ceramic Crafts</p><p>$12.99 ($1.08 / Fl Oz)</p><a href="https://www.amazon.com/dp/B077WSBLZ1?tag=eloabder-20&linkCode=osi&th=1&psc=1">View Product</a></div><div class="product"><a href="https://www.amazon.com/dp/B00889Z5Y6?tag=eloabder-20&linkCode=osi&th=1&psc=1"><img src="https://m.media-amazon.com/images/I/41MQjsyDbSL._SL500_.jpg" alt="Product Image"></a><p>Apple Barrel Acrylic Paint in Assorted Colors (2 oz), 20764, Apricot</p><p>$0.58 ($0.29 / Fl Oz)</p><a href="https://www.amazon.com/dp/B00889Z5Y6?tag=eloabder-20&linkCode=osi&th=1&psc=1">View Product</a></div><div class="product"><a href="https://www.amazon.com/dp/B09TWQD5ZL?tag=eloabder-20&linkCode=osi&th=1&psc=1"><img src="https://m.media-amazon.com/images/I/41B0L003QXL._SL500_.jpg" alt="Product Image"></a><p>Artkey Acrylic Paint Set - 24 colors 2 oz/59 ml Acrylic Paints Professional Artists Painting Kit for Canvases Fabric Rock Leather Easter Egg Wood Ceramic Glass Art Craft Painting</p><p>$19.99 ($0.42 / Fl Oz)</p><a href="https://www.amazon.com/dp/B09TWQD5ZL?tag=eloabder-20&linkCode=osi&th=1&psc=1">View Product</a></div><div class="product"><a href="https://www.amazon.com/dp/B07Z93LQDB?tag=eloabder-20&linkCode=osi&th=1&psc=1"><img src="https://m.media-amazon.com/images/I/51veoN6zK0L._SL500_.jpg" alt="Product Image"></a><p>Shuttle Art Acrylic Paint Set, 36 Colors Acrylic Paint with Brushes & Palette, 2oz Bottles, Rich Pigments Non-toxic Paint for Artists Kids & Adults, Art Supplies for Canvas Rock Ceramic Wood Painting</p><p>$27.99</p><a href="https://www.amazon.com/dp/B07Z93LQDB?tag=eloabder-20&linkCode=osi&th=1&psc=1">View Product</a></div><div class="product"><a href="https://www.amazon.com/dp/B002665SYY?tag=eloabder-20&linkCode=osi&th=1&psc=1"><img src="https://m.media-amazon.com/images/I/31sJJeWK6OS._SL500_.jpg" alt="Product Image"></a><p>Liquitex BASICS Acrylic Paint, 250ml (8.5-oz) Tube, Titanium White</p><p>$9.99 ($1.18 / Fl Oz)</p><a href="https://www.amazon.com/dp/B002665SYY?tag=eloabder-20&linkCode=osi&th=1&psc=1">View Product</a></div>
<div class="product"><a href="https://www.amazon.com/dp/B0CC98XLGL?tag=eloabder-20&linkCode=osi&th=1&psc=1"><img src="https://m.media-amazon.com/images/I/51ZLw+nThiL._SL500_.jpg" alt="Product Image"></a><p>HUIRUSO 4 Pack Double Sided Tape Roller, Scrapbook Supplies, Glue Tape Roller for Crafts, Double-Sided Adhesive Tape Runner for Scrapbooking, School Office Journaling Supplies (0.31 in X 26.25 ft)</p><p>$6.99 ($1.75 / Count)</p><a href="https://www.amazon.com/dp/B0CC98XLGL?tag=eloabder-20&linkCode=osi&th=1&psc=1">View Product</a></div><div class="product"><a href="https://www.amazon.com/dp/B007XAAE6K?tag=eloabder-20&linkCode=osi&th=1&psc=1"><img src="https://m.media-amazon.com/images/I/414qxYVR0wL._SL500_.jpg" alt="Product Image"></a><p>Scotch Double Sided Tape Runner, 1-Pack, 0.27 in x 26 ft., Perfect for Holiday Crafts, Gifts, and More</p><p>$4.47</p><a href="https://www.amazon.com/dp/B007XAAE6K?tag=eloabder-20&linkCode=osi&th=1&psc=1">View Product</a></div><div class="product"><a href="https://www.amazon.com/dp/B0BZVGPFSK?tag=eloabder-20&linkCode=osi&th=1&psc=1"><img src="https://m.media-amazon.com/images/I/51-ue9+7JkL._SL500_.jpg" alt="Product Image"></a><p>Birllaid Double Sided Tape for Walls, Picture Hanging Strips Removable Mounting Dots Adhesive Heavy Duty, Removable for Art Craft, Decoration, Party Supplies, Multipurpose</p><p>$11.99</p><a href="https://www.amazon.com/dp/B0BZVGPFSK?tag=eloabder-20&linkCode=osi&th=1&psc=1">View Product</a></div><div class="product"><a href="https://www.amazon.com/dp/B0CGVN9SL1?tag=eloabder-20&linkCode=osi&th=1&psc=1"><img src="https://m.media-amazon.com/images/I/41Hy+i4CnoL._SL500_.jpg" alt="Product Image"></a><p>30Ft x 1 Inch Hook and Loop Strips with Adhesive,Double Rolls of Heavy Duty Self Adhesive Tape with Backing, Nylon Self Adhesive Tape for Home Office School and Crafting,White</p><p>$9.99</p><a href="https://www.amazon.com/dp/B0CGVN9SL1?tag=eloabder-20&linkCode=osi&th=1&psc=1">View Product</a></div><div class="product"><a href="https://www.amazon.com/dp/B07Y3VDPLF?tag=eloabder-20&linkCode=osi&th=1&psc=1"><img src="https://m.media-amazon.com/images/I/41cyKQ2OMuL._SL500_.jpg" alt="Product Image"></a><p>Melsan 1x4 inch Hook and Loop Strips with Adhesive - 15 Sets, Strong Back Adhesive Fasten Mounting Tape for Home or Office Use - Instead of Holes and Screws, Black</p><p>$7.82</p><a href="https://www.amazon.com/dp/B07Y3VDPLF?tag=eloabder-20&linkCode=osi&th=1&psc=1">View Product</a></div><div class="product"><a href="https://www.amazon.com/dp/B07V57VJT5?tag=eloabder-20&linkCode=osi&th=1&psc=1"><img src="https://m.media-amazon.com/images/I/514JO3bvl3L._SL500_.jpg" alt="Product Image"></a><p>XFasten Adhesive Roller for Scrapbooking, 8mm x 30ft 4-Pack Double Sided Glue Tape Roller, Scrapbook Supplies for Adults, Photo Tape for Scrapbooking</p><p>$9.99 ($2.50 / Count)</p><a href="https://www.amazon.com/dp/B07V57VJT5?tag=eloabder-20&linkCode=osi&th=1&psc=1">View Product</a></div><div class="product"><a href="https://www.amazon.com/dp/B07JLTGQHX?tag=eloabder-20&linkCode=osi&th=1&psc=1"><img src="https://m.media-amazon.com/images/I/51Eqfo7kUZL._SL500_.jpg" alt="Product Image"></a><p>UPINS 120 Pack Double Sided Foam Tape Square Self-Adhesive Foam Tape Black Strong Tape Pads for DIY Art Crafts Supplies</p><p>$9.99 ($0.08 / Count)</p><a href="https://www.amazon.com/dp/B07JLTGQHX?tag=eloabder-20&linkCode=osi&th=1&psc=1">View Product</a></div><div class="product"><a href="https://www.amazon.com/dp/B005FM6XF4?tag=eloabder-20&linkCode=osi&th=1&psc=1"><img src="https://m.media-amazon.com/images/I/51-vp1WJ89L._SL500_.jpg" alt="Product Image"></a><p>AdTech 5603 Permanent Crafter's Tape, 0.31" x 315", Pack of 4</p><p>$7.84 ($0.07 / Foot)</p><a href="https://www.amazon.com/dp/B005FM6XF4?tag=eloabder-20&linkCode=osi&th=1&psc=1">View Product</a></div><div class="product"><a href="https://www.amazon.com/dp/B0CJF1FLFJ?tag=eloabder-20&linkCode=osi&th=1&psc=1"><img src="https://m.media-amazon.com/images/I/51dig1RqzdL._SL500_.jpg" alt="Product Image"></a><p>UPINS 150Pack Double Sided Foam Tape Strong Sticky Double Sided Foam Pads for Crafts Self-Adhesive Mounting Foam Tape Heavy Duty for Home Wall Decor 40 * 40 * 2mm</p><p>$8.99 ($0.06 / Count)</p><a href="https://www.amazon.com/dp/B0CJF1FLFJ?tag=eloabder-20&linkCode=osi&th=1&psc=1">View Product</a></div><div class="product"><a href="https://www.amazon.com/dp/B0D4YWRGCL?tag=eloabder-20&linkCode=osi&th=1&psc=1"><img src="https://m.media-amazon.com/images/I/41EqJ553-KL._SL500_.jpg" alt="Product Image"></a><p>Amanbo Glue Tape for Scrapbooking, 6 Pack Scrapbook Tape, Double Sided Tape Roller for Crafts, Total 120 Ft x 0.24 in Tape Runner, Craft Supplies for Scrapbooking, Gift Wrapping and Photo Tape</p><p>$6.99</p><a href="https://www.amazon.com/dp/B0D4YWRGCL?tag=eloabder-20&linkCode=osi&th=1&psc=1">View Product</a></div>
<div class="product"><a href="https://www.amazon.com/dp/B0CC5HPPTN?tag=eloabder-20&linkCode=osi&th=1&psc=1"><img src="https://m.media-amazon.com/images/I/519M81S201L._SL500_.jpg" alt="Product Image"></a><p>Airbrush Paint - 30 Colors with 3 Thinner, Ready to Spray Airbrush Paint Set, Water-Based Acrylic Air brush Paints for Metal, Plastic Models, Canvas, Wood, 20ml/Bottle</p><p>$32.99 ($1.48 / Fl Oz)</p><a href="https://www.amazon.com/dp/B0CC5HPPTN?tag=eloabder-20&linkCode=osi&th=1&psc=1">View Product</a></div>
<div class="product"><a href="https://www.amazon.com/dp/B0CXPSGK36?tag=eloabder-20&linkCode=osi&th=1&psc=1"><img src="https://m.media-amazon.com/images/I/51dd2dYOtrL._SL500_.jpg" alt="Product Image"></a><p>Letter Stickers 30 Sheets 1500 PCS Large Alphabet Sticker 2 Inch Vinyl Self Adhesive Stick on Stickers for Water Bottles Cup Mailbox Number Address Craft Scrapbooking Bulletin Board Decor Multicolor</p><p>$9.99</p><a href="https://www.amazon.com/dp/B0CXPSGK36?tag=eloabder-20&linkCode=osi&th=1&psc=1">View Product</a></div><div class="product"><a href="https://www.amazon.com/dp/B07NNYFMGY?tag=eloabder-20&linkCode=osi&th=1&psc=1"><img src="https://m.media-amazon.com/images/I/51yDnU+gEXL._SL500_.jpg" alt="Product Image"></a><p>20 Sheets Alphabet Letter Stickers 10 Colors Self Adhesive Sticker Colorful PU Material Convex Feeling (Colored Letter Stickers 1)</p><p>$6.99 ($0.35 / Count)</p><a href="https://www.amazon.com/dp/B07NNYFMGY?tag=eloabder-20&linkCode=osi&th=1&psc=1">View Product</a></div>

<div class="product"><a href="https://www.amazon.com/dp/B01DDN8854?tag=eloabder-20&linkCode=osi&th=1&psc=1"><img src="https://m.media-amazon.com/images/I/61dPubDZBSL._SL500_.jpg" alt="Product Image"></a><p>Hugs 'n Kisses HNKHABY13 Applique Paper (20 Pack)</p><p>$19.72 ($0.99 / Count)</p><a href="https://www.amazon.com/dp/B01DDN8854?tag=eloabder-20&linkCode=osi&th=1&psc=1">View Product</a></div>
<div class="product"><a href="https://www.amazon.com/dp/B09KPNFJW1?tag=eloabder-20&linkCode=osi&th=1&psc=1"><img src="https://m.media-amazon.com/images/I/41abn5fELmL._SL500_.jpg" alt="Product Image"></a><p>UniPleased Disposable Aprons (50 Count), Plastic apron for Painting Party, Cooking, Housework, Picnic etc.</p><p>$5.69</p><a href="https://www.amazon.com/dp/B09KPNFJW1?tag=eloabder-20&linkCode=osi&th=1&psc=1">View Product</a></div>
<div class="product"><a href="https://www.amazon.com/dp/B087M21MM2?tag=eloabder-20&linkCode=osi&th=1&psc=1"><img src="https://m.media-amazon.com/images/I/41Xf-jehhLL._SL500_.jpg" alt="Product Image"></a><p>GOTIDEAL Stretched Canvas, Multi Pack 4x4, 5x7, 8x10,9x12, 11x14 Set of 10, Primed White - 100% Cotton Artist Canvas Boards for Painting, Acrylic Pouring, Oil Paint Dry & Wet Art Media</p><p>$24.99</p><a href="https://www.amazon.com/dp/B087M21MM2?tag=eloabder-20&linkCode=osi&th=1&psc=1">View Product</a></div><div class="product"><a href="https://www.amazon.com/dp/B00OQJYISG?tag=eloabder-20&linkCode=osi&th=1&psc=1"><img src="https://m.media-amazon.com/images/I/31fEDLPkkcL._SL500_.jpg" alt="Product Image"></a><p>6 Count 12” x 16” Super Value Canvas by Artist's Loft Necessities - Acid Free Cotton Canvas for Paint, Acrylic, & Oils - 1 Pack</p><p>$19.99</p><a href="https://www.amazon.com/dp/B00OQJYISG?tag=eloabder-20&linkCode=osi&th=1&psc=1">View Product</a></div><div class="product"><a href="https://www.amazon.com/dp/B09CDKB9HY?tag=eloabder-20&linkCode=osi&th=1&psc=1"><img src="https://m.media-amazon.com/images/I/51+p5xnClGL._SL500_.jpg" alt="Product Image"></a><p>DPDIAN Canvas Boards for Painting 40 Pack, 8 inch x 10 inch Super Value Pack, Artist Canvas Panels for Oil & Acrylic Painting</p><p>$29.99</p><a href="https://www.amazon.com/dp/B09CDKB9HY?tag=eloabder-20&linkCode=osi&th=1&psc=1">View Product</a></div><div class="product"><a href="https://www.amazon.com/dp/B0CFBGP29G?tag=eloabder-20&linkCode=osi&th=1&psc=1"><img src="https://m.media-amazon.com/images/I/3147Az5plbL._SL500_.jpg" alt="Product Image"></a><p>ArtSkills Stretched Canvases for Painting, 12x16 Canvas Painting Supplies for Artists, Blank Canvas Pack, 2-Pack</p><p>$16.99</p><a href="https://www.amazon.com/dp/B0CFBGP29G?tag=eloabder-20&linkCode=osi&th=1&psc=1">View Product</a></div><div class="product"><a href="https://www.amazon.com/dp/B07BNGQ1SS?tag=eloabder-20&linkCode=osi&th=1&psc=1"><img src="https://m.media-amazon.com/images/I/410ZVtygUwS._SL500_.jpg" alt="Product Image"></a><p>PHOENIX Stretched Canvas for Painting 8x10 Inch/10 Value Pack, 8 Oz Triple Primed 5/8 Inch Profile 100% Cotton White Blank Canvas, Artist Framed Canvas for Oil Acrylic & Pouring Art</p><p>$22.99</p><a href="https://www.amazon.com/dp/B07BNGQ1SS?tag=eloabder-20&linkCode=osi&th=1&psc=1">View Product</a></div><div class="product"><a href="https://www.amazon.com/dp/B0922JP1H4?tag=eloabder-20&linkCode=osi&th=1&psc=1"><img src="https://m.media-amazon.com/images/I/41BmiEND1KL._SL500_.jpg" alt="Product Image"></a><p>GOTIDEAL Canvases for Painting, 18 Pack Canvas Boards Multipack 4x4, 5x7, 8x10, 9x12,11x14,Primed White Blank Artist Canvas Variety Pack for Acrylic Paint, Oil Paint, Watercolor, Gouache</p><p>$19.99</p><a href="https://www.amazon.com/dp/B0922JP1H4?tag=eloabder-20&linkCode=osi&th=1&psc=1">View Product</a></div>


<div class="product"><a href="https://www.amazon.com/dp/B0872VFHBH?tag=eloabder-20&linkCode=osi&th=1&psc=1"><img src="https://m.media-amazon.com/images/I/51k3bekQheS._SL500_.jpg" alt="Product Image"></a><p>Bachmore Drawing Pad 9X12 Inch (110lb/180g), 60 Sheets, Top Spiral Bound Multi-Media for Artist Pro & Amateurs | Acrylic Art, Ink, Paint, Oil Pastels,Watercolor Mixed Media Sketch</p><p>$11.99</p><a href="https://www.amazon.com/dp/B0872VFHBH?tag=eloabder-20&linkCode=osi&th=1&psc=1">View Product</a></div><div class="product"><a href="https://www.amazon.com/dp/B0027A75A4?tag=eloabder-20&linkCode=osi&th=1&psc=1"><img src="https://m.media-amazon.com/images/I/51dyOxxcgYL._SL500_.jpg" alt="Product Image"></a><p>Strathmore 200 Series Sketch Pad, 9x12 inch, 100 Sheets, Tape Bound - Artist Sketchbook for Drawing, Illustration, Art Class Students</p><p>$6.99 ($0.07 / Count)</p><a href="https://www.amazon.com/dp/B0027A75A4?tag=eloabder-20&linkCode=osi&th=1&psc=1">View Product</a></div><div class="product"><a href="https://www.amazon.com/dp/B0BV13YQKX?tag=eloabder-20&linkCode=osi&th=1&psc=1"><img src="https://m.media-amazon.com/images/I/41VYfMpvXUL._SL500_.jpg" alt="Product Image"></a><p>Canson Graduate Watercolor Pad, Foldover, 9x12 inch, 20 Sheets | Artist Paper for Adults and Students - Painting, Gouache, Mixed Media and Ink</p><p>$4.97 ($0.41 / Count)</p><a href="https://www.amazon.com/dp/B0BV13YQKX?tag=eloabder-20&linkCode=osi&th=1&psc=1">View Product</a></div><div class="product"><a href="https://www.amazon.com/dp/B0024KMQ6K?tag=eloabder-20&linkCode=osi&th=1&psc=1"><img src="https://m.media-amazon.com/images/I/51sYdvPPUCL._SL500_.jpg" alt="Product Image"></a><p>Strathmore 400 Series Pastel Pad, Assorted Colors, 9"x12" Glue Bound, 24 Sheets</p><p>$9.11</p><a href="https://www.amazon.com/dp/B0024KMQ6K?tag=eloabder-20&linkCode=osi&th=1&psc=1">View Product</a></div><div class="product"><a href="https://www.amazon.com/dp/B00246O6PI?tag=eloabder-20&linkCode=osi&th=1&psc=1"><img src="https://m.media-amazon.com/images/I/517TUmckOIL._SL500_.jpg" alt="Product Image"></a><p>Strathmore 300 Series Drawing Paper Pad, Top Wire Bound, 11x14 inches, 50 Sheets (70lb/114g) - Artist Paper for Adults and Students - Charcoal, Colored Pencil, Ink, Pastel, Marker</p><p>$13.33</p><a href="https://www.amazon.com/dp/B00246O6PI?tag=eloabder-20&linkCode=osi&th=1&psc=1">View Product</a></div>
<div class="product"><a href="https://www.amazon.com/dp/B08ZMH7LJY?tag=eloabder-20&linkCode=osi&th=1&psc=1"><img src="https://m.media-amazon.com/images/I/51mJIsLJA-S._SL500_.jpg" alt="Product Image"></a><p>PANDAFLY Professional Drawing Sketching Pencil Set - 12 Pieces Graphite Pencils(14B - 2H), Ideal for Drawing Art, Sketching, Shading, Artist Pencils for Beginners & Pro Artists</p><p>$5.11</p><a href="https://www.amazon.com/dp/B08ZMH7LJY?tag=eloabder-20&linkCode=osi&th=1&psc=1">View Product</a></div><div class="product"><a href="https://www.amazon.com/dp/B088K1G5NL?tag=eloabder-20&linkCode=osi&th=1&psc=1"><img src="https://m.media-amazon.com/images/I/51F2bOMZWnL._SL500_.jpg" alt="Product Image"></a><p>MARKART Professional Drawing Sketching Pencil Set - 14 Pieces,Graphite,(12B - 4H), Ideal for Drawing Art, Sketching, Shading, Artist Pencils for Beginners & Pro Artists</p><p>$5.24</p><a href="https://www.amazon.com/dp/B088K1G5NL?tag=eloabder-20&linkCode=osi&th=1&psc=1">View Product</a></div><div class="product"><a href="https://www.amazon.com/dp/B08FHMRW4L?tag=eloabder-20&linkCode=osi&th=1&psc=1"><img src="https://m.media-amazon.com/images/I/51Pmn5gjyzL._SL500_.jpg" alt="Product Image"></a><p>Mr. Pen- Sketch Pencils for Drawing, 14 Pack, Drawing Pencils, Art Pencils, Graphite Pencils, Graphite Pencils for Drawing, Art Pencils for Drawing and Shading</p><p>$5.95</p><a href="https://www.amazon.com/dp/B08FHMRW4L?tag=eloabder-20&linkCode=osi&th=1&psc=1">View Product</a></div><div class="product"><a href="https://www.amazon.com/dp/B0BNQ58DC4?tag=eloabder-20&linkCode=osi&th=1&psc=1"><img src="https://m.media-amazon.com/images/I/51e-gQtCcCL._SL500_.jpg" alt="Product Image"></a><p>MARTCOLOR Drawing Sketching Pencils Set, 12 Pack Graphite Pencils(14B - 2H), Ideal for Drawing Art, Sketching, Shading, Artist Pencils for Beginners & Pro Artists</p><p>$5.99</p><a href="https://www.amazon.com/dp/B0BNQ58DC4?tag=eloabder-20&linkCode=osi&th=1&psc=1">View Product</a></div>

<div class="product"><a href="https://www.amazon.com/dp/B0851M3749?tag=eloabder-20&linkCode=osi&th=1&psc=1"><img src="https://m.media-amazon.com/images/I/41KKSGSDl5L._SL500_.jpg" alt="Product Image"></a><p>N NOROCME 12 PCS Blending Stumps and Tortillions Paper Art Blenders with Sandpaper Pencil Sharpener Pointer for Student Artist Charcoal Sketch Drawing Tools</p><p>$4.99</p><a href="https://www.amazon.com/dp/B0851M3749?tag=eloabder-20&linkCode=osi&th=1&psc=1">View Product</a></div><div class="product"><a href="https://www.amazon.com/dp/B09J3HKN8F?tag=eloabder-20&linkCode=osi&th=1&psc=1"><img src="https://m.media-amazon.com/images/I/51Qvx81eQLL._SL500_.jpg" alt="Product Image"></a><p>Eraser Pencils Set for Artists, Wooden Sketch Eraser Pen for Charcoal Drawings, Professional Highlight Painting Eraser for Sketching, Revise Erasing Details for Students Limner</p><p>$6.99</p><a href="https://www.amazon.com/dp/B09J3HKN8F?tag=eloabder-20&linkCode=osi&th=1&psc=1">View Product</a></div>
<div class="product"><a href="https://www.amazon.com/dp/B09WCQ89T8?tag=eloabder-20&linkCode=osi&th=1&psc=1"><img src="https://m.media-amazon.com/images/I/41gZz0qgBFL._SL500_.jpg" alt="Product Image"></a><p>Bernat BABY BLANKET BB Blue Dreams Yarn - 1 Pack of 10.5oz/300g - Polyester - #6 Super Bulky - 220 Yards - Knitting/Crochet</p><p>$6.97</p><a href="https://www.amazon.com/dp/B09WCQ89T8?tag=eloabder-20&linkCode=osi&th=1&psc=1">View Product</a></div><div class="product"><a href="https://www.amazon.com/dp/B07V5JVNFD?tag=eloabder-20&linkCode=osi&th=1&psc=1"><img src="https://m.media-amazon.com/images/I/41IS+HdtiOL._SL500_.jpg" alt="Product Image"></a><p>Lion Brand Yarn Basic Stitch Anti-Pilling Knitting Yarn, Yarn for Crocheting, 1-Pack, Baby Blue</p><p>$8.40 ($0.02 / Foot)</p><a href="https://www.amazon.com/dp/B07V5JVNFD?tag=eloabder-20&linkCode=osi&th=1&psc=1">View Product</a></div><div class="product"><a href="https://www.amazon.com/dp/B01M0AJID2?tag=eloabder-20&linkCode=osi&th=1&psc=1"><img src="https://m.media-amazon.com/images/I/41yVau0AUpL._SL500_.jpg" alt="Product Image"></a><p>Lion Brand Yarn (1 Skein) Lion Brand Yarn Babysoft Baby Yarn Yarn, Little Boy Blue Multicolor</p><p>$7.19 ($0.01 / Foot)</p><a href="https://www.amazon.com/dp/B01M0AJID2?tag=eloabder-20&linkCode=osi&th=1&psc=1">View Product</a></div><div class="product"><a href="https://www.amazon.com/dp/B09W1KHF42?tag=eloabder-20&linkCode=osi&th=1&psc=1"><img src="https://m.media-amazon.com/images/I/41maDlrio5L._SL500_.jpg" alt="Product Image"></a><p>Red Heart Super Saver Light Blue Yarn - 3 Pack of 198g/7oz - Acrylic - 4 Medium (Worsted) - 364 Yards - Knitting/Crochet</p><p>$13.29 ($4.43 / Count)</p><a href="https://www.amazon.com/dp/B09W1KHF42?tag=eloabder-20&linkCode=osi&th=1&psc=1">View Product</a></div><div class="product"><a href="https://www.amazon.com/dp/B08LKVZ3CX?tag=eloabder-20&linkCode=osi&th=1&psc=1"><img src="https://m.media-amazon.com/images/I/41GLizNx8UL._SL500_.jpg" alt="Product Image"></a><p>Bernat Baby Blanket Baby Blue Yarn - 3 Pack of 100g/3.5oz - Polyester - 6 Super Bulky - 72 Yards - Knitting/Crochet</p><p>$21.81</p><a href="https://www.amazon.com/dp/B08LKVZ3CX?tag=eloabder-20&linkCode=osi&th=1&psc=1">View Product</a></div><div class="product"><a href="https://www.amazon.com/dp/B0CHJ95WHJ?tag=eloabder-20&linkCode=osi&th=1&psc=1"><img src="https://m.media-amazon.com/images/I/314E1EQdihL._SL500_.jpg" alt="Product Image"></a><p>NORCIA Soft Velvet Yarn Chenille Yarn for Crocheting Baby Blanket Yarn for Knitting Amigurumi Yarn Fancy Yarn for Crochet Weaving Craft (Baby Blue, 1 Skein)</p><p>$9.99</p><a href="https://www.amazon.com/dp/B0CHJ95WHJ?tag=eloabder-20&linkCode=osi&th=1&psc=1">View Product</a></div>
<div class="product"><a href="https://www.amazon.com/dp/B0779F2TXJ?tag=eloabder-20&linkCode=osi&th=1&psc=1"><img src="https://m.media-amazon.com/images/I/31kqZr8DJzL._SL500_.jpg" alt="Product Image"></a><p>OPENDGO Feather Ballpoint Pen ，Black Ink Vintage Feather Quill Refined Plated Rod Quill Ballpoint Pen For School Writing ▏Wedding Gift Signature Pen (Black)</p><p>$6.97</p><a href="https://www.amazon.com/dp/B0779F2TXJ?tag=eloabder-20&linkCode=osi&th=1&psc=1">View Product</a></div><div class="product"><a href="https://www.amazon.com/dp/B0CQF3BJ3S?tag=eloabder-20&linkCode=osi&th=1&psc=1"><img src="https://m.media-amazon.com/images/I/41gs6AOiP6L._SL500_.jpg" alt="Product Image"></a><p>3 in 1 Retractable Ballpoint Pen with Light and Stylus, Nice Pens for Journaling Writing in The Dark - White/Red Light Tip- 0.7mm Black Ink</p><p>$12.99</p><a href="https://www.amazon.com/dp/B0CQF3BJ3S?tag=eloabder-20&linkCode=osi&th=1&psc=1">View Product</a></div><div class="product"><a href="https://www.amazon.com/dp/B08BBZ3B8G?tag=eloabder-20&linkCode=osi&th=1&psc=1"><img src="https://m.media-amazon.com/images/I/41cMHyw60wL._SL500_.jpg" alt="Product Image"></a><p>Mr. Pen- Pens, Black Pens, 12 Pack, Fast Dry, No Smear Pens, Bible Pens, Pens for Journaling, Pens No Bleed Through, Pens Fine Point, Journal Pens, Fine Tip, Planner Pens, Ball Point Journal Pens</p><p>$9.99</p><a href="https://www.amazon.com/dp/B08BBZ3B8G?tag=eloabder-20&linkCode=osi&th=1&psc=1">View Product</a></div><div class="product"><a href="https://www.amazon.com/dp/B0D4YWWGX6?tag=eloabder-20&linkCode=osi&th=1&psc=1"><img src="https://m.media-amazon.com/images/I/31xHBCCzJqL._SL500_.jpg" alt="Product Image"></a><p>PATIKIL 21cm/8" Feather Ballpoint Pen, 1Pcs Ink Vintage Quill Pen Refined Plated Dip Pen for Calligraphy Writing Signature Wedding Gift, Yellow</p><p>$7.49</p><a href="https://www.amazon.com/dp/B0D4YWWGX6?tag=eloabder-20&linkCode=osi&th=1&psc=1">View Product</a></div>

<div class="product"><a href="https://www.amazon.com/dp/B001TLDEVQ?tag=eloabder-20&linkCode=osi&th=1&psc=1"><img src="https://m.media-amazon.com/images/I/41jYF39F6lL._SL500_.jpg" alt="Product Image"></a><p>Beadalon SuppleMax Illusion Beading Cord, 0.40 mm / 0.016 in, Clear Monofilament, 50 m / 164 ft</p><p>$4.74</p><a href="https://www.amazon.com/dp/B001TLDEVQ?tag=eloabder-20&linkCode=osi&th=1&psc=1">View Product</a></div><div class="product"><a href="https://www.amazon.com/dp/B0D2HVFZ7Q?tag=eloabder-20&linkCode=osi&th=1&psc=1"><img src="https://m.media-amazon.com/images/I/41R66LMYz7L._SL500_.jpg" alt="Product Image"></a><p>Zxiixz 116Yards 0.5mm Bracelet String, Waxed String Cord for Bracelet Making, Beading Thread for Bracelet Beads, Friendship Bracelet String for Bracelet Making, Waxed Polyester Cord for Jewelry Making</p><p>$6.99</p><a href="https://www.amazon.com/dp/B0D2HVFZ7Q?tag=eloabder-20&linkCode=osi&th=1&psc=1">View Product</a></div><div class="product"><a href="https://www.amazon.com/dp/B07BNF8KH5?tag=eloabder-20&linkCode=osi&th=1&psc=1"><img src="https://m.media-amazon.com/images/I/51jVByheyVL._SL500_.jpg" alt="Product Image"></a><p>PH PandaHall 100 Yards 1mm Waxed Cotton Cord Thread Beading String for Bracelet Necklace Making Crafting Beading Macrame Vase Decor, Burlywood</p><p>$7.19 ($0.02 / Foot)</p><a href="https://www.amazon.com/dp/B07BNF8KH5?tag=eloabder-20&linkCode=osi&th=1&psc=1">View Product</a></div><div class="product"><a href="https://www.amazon.com/dp/B07HBPGXJG?tag=eloabder-20&linkCode=osi&th=1&psc=1"><img src="https://m.media-amazon.com/images/I/41xi8gO6kDL._SL500_.jpg" alt="Product Image"></a><p>Paxcoo 0.8mm Elastic String, Stretchy Bracelet String Crystal String Bead Cord for Bracelet, Beading and Jewelry Making (120m)</p><p>$6.99 ($0.02 / Foot)</p><a href="https://www.amazon.com/dp/B07HBPGXJG?tag=eloabder-20&linkCode=osi&th=1&psc=1">View Product</a></div><div class="product"><a href="https://www.amazon.com/dp/B0CNPST7D9?tag=eloabder-20&linkCode=osi&th=1&psc=1"><img src="https://m.media-amazon.com/images/I/41A9VISFC4L._SL500_.jpg" alt="Product Image"></a><p>Kblick Black Nylon String Cord - 1MM 100 Yards Black Twine, Bracelet String for Bracelet Making, Braided Ornament Lanyard Sting, Jewelry Thread Clay Bead String for Crafts, Macrame Satin Cord</p><p>$5.99 ($0.02 / Foot)</p><a href="https://www.amazon.com/dp/B0CNPST7D9?tag=eloabder-20&linkCode=osi&th=1&psc=1">View Product</a></div><div class="product"><a href="https://www.amazon.com/dp/B08GC3JF9X?tag=eloabder-20&linkCode=osi&th=1&psc=1"><img src="https://m.media-amazon.com/images/I/41FQZYhvQpL._SL500_.jpg" alt="Product Image"></a><p>Cheriswelry 100M 0.8mm Nylon Beading Cord Black Chinese Knotting Rattail Macrame Thread String Roll for Jewelry Making Kumihimo Wrapping Supplies DIY Crafts</p><p>$6.99 ($0.02 / Fl Oz)</p><a href="https://www.amazon.com/dp/B08GC3JF9X?tag=eloabder-20&linkCode=osi&th=1&psc=1">View Product</a></div><div class="product"><a href="https://www.amazon.com/dp/B0B3V9RWQC?tag=eloabder-20&linkCode=osi&th=1&psc=1"><img src="https://m.media-amazon.com/images/I/41F-OP+yCxL._SL500_.jpg" alt="Product Image"></a><p>Griffin Silk Bead Cord Perlseide – Black Color – Size 3 (0.50mm) – 2 Meters per Card – Stainless Steel Needle Attached – for Knotting Pearls, Gemstones, Crystals and Beads</p><p>$4.99 ($0.76 / Foot)</p><a href="https://www.amazon.com/dp/B0B3V9RWQC?tag=eloabder-20&linkCode=osi&th=1&psc=1">View Product</a></div><div class="product"><a href="https://www.amazon.com/dp/B08F49YVQP?tag=eloabder-20&linkCode=osi&th=1&psc=1"><img src="https://m.media-amazon.com/images/I/41yCMIpj0rS._SL500_.jpg" alt="Product Image"></a><p>1mm Stretchy Bracelet String, Sturdy Rainbow Elastic String Elastic Cord for Jewelry Making, Necklaces, Beading and Crafts</p><p>$6.99 ($0.04 / Foot)</p><a href="https://www.amazon.com/dp/B08F49YVQP?tag=eloabder-20&linkCode=osi&th=1&psc=1">View Product</a></div>

<div class="product"><a href="https://www.amazon.com/dp/B001GMUBJ6?tag=eloabder-20&linkCode=osi&th=1&psc=1"><img src="https://m.media-amazon.com/images/I/41V5qzn3H5L._SL500_.jpg" alt="Product Image"></a><p>The Beadsmith Fireline by Berkley – Micro-Fused Braided Thread – 6lb. Test, 006”/.15mm Diameter, 50 Yard Spool, Crystal Color – Super Strong Stringing Material for Jewelry Making and Bead Weaving</p><p>$12.59</p><a href="https://www.amazon.com/dp/B001GMUBJ6?tag=eloabder-20&linkCode=osi&th=1&psc=1">View Product</a></div><div class="product"><a href="https://www.amazon.com/dp/B001UAKK0Y?tag=eloabder-20&linkCode=osi&th=1&psc=1"><img src="https://m.media-amazon.com/images/I/41rY1D0wfuL._SL500_.jpg" alt="Product Image"></a><p>Beadalon Wildfire, 0.006 in, 0.15 mm, Break Strength 10 lb / 4.5 kg, Frost, 50 yd / 45 m</p><p>$8.85 ($0.06 / Foot)</p><a href="https://www.amazon.com/dp/B001UAKK0Y?tag=eloabder-20&linkCode=osi&th=1&psc=1">View Product</a></div><div class="product"><a href="https://www.amazon.com/dp/B095WY58F4?tag=eloabder-20&linkCode=osi&th=1&psc=1"><img src="https://m.media-amazon.com/images/I/41mXRfJqcjL._SL500_.jpg" alt="Product Image"></a><p>PH PandaHall 0.1mm Nylon Seed Bead Thread 100 Yards Black White Bracelet Cord Beading Thread Invisible Sewing Thread Nylon Braided Thread String for Leather Stitching Beading Jewelry Bracelets Making</p><p>$9.99 ($0.03 / Foot)</p><a href="https://www.amazon.com/dp/B095WY58F4?tag=eloabder-20&linkCode=osi&th=1&psc=1">View Product</a></div><div class="product"><a href="https://www.amazon.com/dp/B08RN2R2SZ?tag=eloabder-20&linkCode=osi&th=1&psc=1"><img src="https://m.media-amazon.com/images/I/41Tg2MMC++L._SL500_.jpg" alt="Product Image"></a><p>KO Nylon Beading Thread, White Color, Japanese Pre-Waxed 100% Nylon, 330TEX, Tangle Resistant Knotting Cords, 50m /55 yds Spool, Use for Seed Bead Projects, Loom Work & Bead Weaving</p><p>$7.06 ($0.04 / Foot)</p><a href="https://www.amazon.com/dp/B08RN2R2SZ?tag=eloabder-20&linkCode=osi&th=1&psc=1">View Product</a></div><div class="product"><a href="https://www.amazon.com/dp/B09J89ST79?tag=eloabder-20&linkCode=osi&th=1&psc=1"><img src="https://m.media-amazon.com/images/I/41hLuuOZeXL._SL500_.jpg" alt="Product Image"></a><p>2 Roll Polyester Thread, Heavy Duty Thread, 1500Yard/Reel 210D/3 nylon thread for sewing, Sewing Thread for Upholstery, Outdoor Market, Drapery, Leather, Beading, Crafts</p><p>$7.99 ($0.00 / Foot)</p><a href="https://www.amazon.com/dp/B09J89ST79?tag=eloabder-20&linkCode=osi&th=1&psc=1">View Product</a></div><div class="product"><a href="https://www.amazon.com/dp/B0C6MSY7QQ?tag=eloabder-20&linkCode=osi&th=1&psc=1"><img src="https://m.media-amazon.com/images/I/31Bn-MyA62L._SL500_.jpg" alt="Product Image"></a><p>PH PandaHall 0.1mm Nylon String 100 Yards Beading Thread White Nylon Seed Bead Thread Bracelet Beading Thread Sewing String for Leather Stitching Beading Jewelry Bracelets Making</p><p>$7.99 ($0.03 / Foot)</p><a href="https://www.amazon.com/dp/B0C6MSY7QQ?tag=eloabder-20&linkCode=osi&th=1&psc=1">View Product</a></div>

<div class="product"><a href="https://www.amazon.com/dp/B07NMNDT1W?tag=eloabder-20&linkCode=osi&th=1&psc=1"><img src="https://m.media-amazon.com/images/I/41-zwQIcVcL._SL500_.jpg" alt="Product Image"></a><p>Howemon White Beeswax Pellets 2LB 100% Pure and Natural Triple Filtered for Skin, Face, Body and Hair Care DIY Creams, Lotions, Lip Balm and Soap Making Supplies</p><p>$13.99 ($0.44 / Fl Oz)</p><a href="https://www.amazon.com/dp/B07NMNDT1W?tag=eloabder-20&linkCode=osi&th=1&psc=1">View Product</a></div><div class="product"><a href="https://www.amazon.com/dp/B00B3U0FW4?tag=eloabder-20&linkCode=osi&th=1&psc=1"><img src="https://m.media-amazon.com/images/I/51rWFCST+TL._SL500_.jpg" alt="Product Image"></a><p>Beesworks Yellow Beeswax Pellets (1 lb) | 100% Pure, Cosmetic Grade, Triple-Filtered Beeswax for DIY Skin care, Lip Balm, Lotion, and Candle Making</p><p>$13.99 ($0.87 / Ounce)</p><a href="https://www.amazon.com/dp/B00B3U0FW4?tag=eloabder-20&linkCode=osi&th=1&psc=1">View Product</a></div><div class="product"><a href="https://www.amazon.com/dp/B01LWX2IO1?tag=eloabder-20&linkCode=osi&th=1&psc=1"><img src="https://m.media-amazon.com/images/I/41MlNqhDyCL._SL500_.jpg" alt="Product Image"></a><p>Beesworks Yellow Beeswax Bars (6 oz) | 100% Pure, Cosmetic Grade, Triple-Filtered Beeswax for DIY Skin Care, Lip Balm, Lotion and Candle Making (1 oz Bars - Pack of 6)</p><p>$6.99</p><a href="https://www.amazon.com/dp/B01LWX2IO1?tag=eloabder-20&linkCode=osi&th=1&psc=1">View Product</a></div><div class="product"><a href="https://www.amazon.com/dp/B0BV77F19N?tag=eloabder-20&linkCode=osi&th=1&psc=1"><img src="https://m.media-amazon.com/images/I/41xzHaO1-EL._SL500_.jpg" alt="Product Image"></a><p>Beeswax Pellets 10LB Cosmetic Beeswax Triple Filtered Beeswax Pastilles for Candle Making Great for DIY Projects Creams Lotions Lip Balm and Soap Making Supplies(10LB)</p><p>$32.99</p><a href="https://www.amazon.com/dp/B0BV77F19N?tag=eloabder-20&linkCode=osi&th=1&psc=1">View Product</a></div><div class="product"><a href="https://www.amazon.com/dp/B0C9QSG3CY?tag=eloabder-20&linkCode=osi&th=1&psc=1"><img src="https://m.media-amazon.com/images/I/414XQcU6SRL._SL500_.jpg" alt="Product Image"></a><p>YASNAY White Beeswax Pellets 2LB, 100% Organic Beeswax, Beeswax for Candle Making, Body, Skin Care DIY, Lip Balm and Soap Making Supplies</p><p>$11.99</p><a href="https://www.amazon.com/dp/B0C9QSG3CY?tag=eloabder-20&linkCode=osi&th=1&psc=1">View Product</a></div><div class="product"><a href="https://www.amazon.com/dp/B097HTC4WN?tag=eloabder-20&linkCode=osi&th=1&psc=1"><img src="https://m.media-amazon.com/images/I/51pwMM7C6-L._SL500_.jpg" alt="Product Image"></a><p>Eco Lux 8 Yellow Beeswax Blocks 100% Pure Natural Organic Bees Wax 6.5oz</p><p>$8.49 ($1.35 / Ounce)</p><a href="https://www.amazon.com/dp/B097HTC4WN?tag=eloabder-20&linkCode=osi&th=1&psc=1">View Product</a></div><div class="product"><a href="https://www.amazon.com/dp/B00HDHQQCE?tag=eloabder-20&linkCode=osi&th=1&psc=1"><img src="https://m.media-amazon.com/images/I/41vF-7MwNhL._SL500_.jpg" alt="Product Image"></a><p>Murray's 100% Pure Beeswax 4 oz</p><p>$5.98 ($1.50 / Ounce)</p><a href="https://www.amazon.com/dp/B00HDHQQCE?tag=eloabder-20&linkCode=osi&th=1&psc=1">View Product</a></div><div class="product"><a href="https://www.amazon.com/dp/B09YM8JTLM?tag=eloabder-20&linkCode=osi&th=1&psc=1"><img src="https://m.media-amazon.com/images/I/41cjNuBnFEL._SL500_.jpg" alt="Product Image"></a><p>TRINIDa Beeswax Pellets 2LB(32 oz), 100% Organic Yellow Bees Wax for DIY Candles, Beeswax for Candle Making, Skin, Body, Face, and Hair Care, Lotions, DIY Creams, Lip Balm and Soap Making Supplies</p><p>$11.99</p><a href="https://www.amazon.com/dp/B09YM8JTLM?tag=eloabder-20&linkCode=osi&th=1&psc=1">View Product</a></div><div class="product"><a href="https://www.amazon.com/dp/B00F3CNMV4?tag=eloabder-20&linkCode=osi&th=1&psc=1"><img src="https://m.media-amazon.com/images/I/31pjrRAEa4L._SL500_.jpg" alt="Product Image"></a><p>Stakich Yellow Beeswax Block - Natural, Triple Filtered - 1 Pound, Honey Scent</p><p>$13.95 ($0.87 / Ounce)</p><a href="https://www.amazon.com/dp/B00F3CNMV4?tag=eloabder-20&linkCode=osi&th=1&psc=1">View Product</a></div><div class="product"><a href="https://www.amazon.com/dp/B0BXFZBZS9?tag=eloabder-20&linkCode=osi&th=1&psc=1"><img src="https://m.media-amazon.com/images/I/4178i9IB9KL._SL500_.jpg" alt="Product Image"></a><p>5LB Beeswax Pellets Beeswax for Candle Making Organic Beeswax Pellets for Skin Beeswax Beads Beeswax Bulk Beeswax for Lotion Making Organic for DIY and Craft Project</p><p>$22.99</p><a href="https://www.amazon.com/dp/B0BXFZBZS9?tag=eloabder-20&linkCode=osi&th=1&psc=1">View Product</a></div>
<div class="product"><a href="https://www.amazon.com/dp/B0052F1BVK?tag=eloabder-20&linkCode=osi&th=1&psc=1"><img src="https://m.media-amazon.com/images/I/41zE9eiGoLL._SL500_.jpg" alt="Product Image"></a><p>ACC Staples Large Binder Clips, 2" Width, 1" Capacity, Black, 12/Pk</p><p>$6.30</p><a href="https://www.amazon.com/dp/B0052F1BVK?tag=eloabder-20&linkCode=osi&th=1&psc=1">View Product</a></div><div class="product"><a href="https://www.amazon.com/dp/B07MLFR771?tag=eloabder-20&linkCode=osi&th=1&psc=1"><img src="https://m.media-amazon.com/images/I/51N2wxA7N0L._SL500_.jpg" alt="Product Image"></a><p>CooBigo 50 Pack Binder Ring, Metal Book Ring Paper Ring Holder 5/8-Inch Loose Leaf Binder Ring Clip for Index Card, Flash Card Ring, Card Calendar, Keychain Key Ring - Bronze</p><p>$6.99</p><a href="https://www.amazon.com/dp/B07MLFR771?tag=eloabder-20&linkCode=osi&th=1&psc=1">View Product</a></div><div class="product"><a href="https://www.amazon.com/dp/B01563NHGY?tag=eloabder-20&linkCode=osi&th=1&psc=1"><img src="https://m.media-amazon.com/images/I/41gj+0ZftqL._SL500_.jpg" alt="Product Image"></a><p>vanki Pack of 40 Cute Lovely Smiling Face Spring-Loaded File Organizer Paper Holder Metal Binder Clips, Assorted Color</p><p>$8.99</p><a href="https://www.amazon.com/dp/B01563NHGY?tag=eloabder-20&linkCode=osi&th=1&psc=1">View Product</a></div><div class="product"><a href="https://www.amazon.com/dp/B000GOUDSO?tag=eloabder-20&linkCode=osi&th=1&psc=1"><img src="https://m.media-amazon.com/images/I/41ZANISHgML._SL500_.jpg" alt="Product Image"></a><p>Small Binder Clips .75" 8/Pkg-Assorted Colors</p><p>$4.46</p><a href="https://www.amazon.com/dp/B000GOUDSO?tag=eloabder-20&linkCode=osi&th=1&psc=1">View Product</a></div>
<div class="product"><a href="https://www.amazon.com/dp/B07PRPX4VR?tag=eloabder-20&linkCode=osi&th=1&psc=1"><img src="https://m.media-amazon.com/images/I/41IMH12fdPL._SL500_.jpg" alt="Product Image"></a><p>Durable Sheet Lifters, Durable Easy Flow, 11" x 3", Lifts Sheets Over Rings and Protects Sheets from Tearing, Fit Standard 3-Ring Binders, Black (20 Pack)</p><p>$14.99</p><a href="https://www.amazon.com/dp/B07PRPX4VR?tag=eloabder-20&linkCode=osi&th=1&psc=1">View Product</a></div><div class="product"><a href="https://www.amazon.com/dp/B0CM8QJHFW?tag=eloabder-20&linkCode=osi&th=1&psc=1"><img src="https://m.media-amazon.com/images/I/31cJGS74oCL._SL500_.jpg" alt="Product Image"></a><p>Wantane D-Shaped Tape Storage Ring Tape Storage Ring 4" D-Shaped Washi Tape Storage Ring for DIY Decoration and Storage（Nickel）-2PCS</p><p>$7.99</p><a href="https://www.amazon.com/dp/B0CM8QJHFW?tag=eloabder-20&linkCode=osi&th=1&psc=1">View Product</a></div>
<div class="product"><a href="https://www.amazon.com/dp/B00006IAS3?tag=eloabder-20&linkCode=osi&th=1&psc=1"><img src="https://m.media-amazon.com/images/I/317DvSXhT1L._SL500_.jpg" alt="Product Image"></a><p>GBC Binding System, Manual, Desktop Binding Punch, 6 Sheet Punch Capacity, ProClick P50 (2515650)</p><p>$123.89</p><a href="https://www.amazon.com/dp/B00006IAS3?tag=eloabder-20&linkCode=osi&th=1&psc=1">View Product</a></div><div class="product"><a href="https://www.amazon.com/dp/B004BP81KQ?tag=eloabder-20&linkCode=osi&th=1&psc=1"><img src="https://m.media-amazon.com/images/I/51SqfeZ12KL._SL500_.jpg" alt="Product Image"></a><p>We R Memory Keepers Cinch Book Binding Wire (1-Inch, Silver (2 Pack))</p><p>$5.99</p><a href="https://www.amazon.com/dp/B004BP81KQ?tag=eloabder-20&linkCode=osi&th=1&psc=1">View Product</a></div>

<div class="product"><a href="https://www.amazon.com/dp/B0007ZJ8TM?tag=eloabder-20&linkCode=osi&th=1&psc=1"><img src="https://m.media-amazon.com/images/I/41i49sz3UAL._SL500_.jpg" alt="Product Image"></a><p>Speedball Super Black India Ink, 2-Ounce</p><p>$9.99 ($9.99 / Count)</p><a href="https://www.amazon.com/dp/B0007ZJ8TM?tag=eloabder-20&linkCode=osi&th=1&psc=1">View Product</a></div><div class="product"><a href="https://www.amazon.com/dp/B0026I10AI?tag=eloabder-20&linkCode=osi&th=1&psc=1"><img src="https://m.media-amazon.com/images/I/31vklP4uBsL._SL500_.jpg" alt="Product Image"></a><p>Dr. Ph. Martin's Bombay India (7BY) Ink Bottle, 1.0 oz, Black</p><p>$6.99</p><a href="https://www.amazon.com/dp/B0026I10AI?tag=eloabder-20&linkCode=osi&th=1&psc=1">View Product</a></div><div class="product"><a href="https://www.amazon.com/dp/B000KNP96C?tag=eloabder-20&linkCode=osi&th=1&psc=1"><img src="https://m.media-amazon.com/images/I/51e9srYtG0L._SL500_.jpg" alt="Product Image"></a><p>Winsor & Newton Drawing Ink, 14ml Bottle, Black Indian</p><p>$10.99</p><a href="https://www.amazon.com/dp/B000KNP96C?tag=eloabder-20&linkCode=osi&th=1&psc=1">View Product</a></div><div class="product"><a href="https://www.amazon.com/dp/B07BQG5QF4?tag=eloabder-20&linkCode=osi&th=1&psc=1"><img src="https://m.media-amazon.com/images/I/41nEMDYZaiL._SL500_.jpg" alt="Product Image"></a><p>Speedball Super Black India Ink, 16-Ounce</p><p>$19.99</p><a href="https://www.amazon.com/dp/B07BQG5QF4?tag=eloabder-20&linkCode=osi&th=1&psc=1">View Product</a></div><div class="product"><a href="https://www.amazon.com/dp/B001038NLY?tag=eloabder-20&linkCode=osi&th=1&psc=1"><img src="https://m.media-amazon.com/images/I/418i4sxJJ0L._SL500_.jpg" alt="Product Image"></a><p>Speedball Fabric Screen Printing Ink, 8-Ounce, Black for T-Shirt and Silkscreen Printmaking</p><p>$12.99 ($1.62 / Fl Oz)</p><a href="https://www.amazon.com/dp/B001038NLY?tag=eloabder-20&linkCode=osi&th=1&psc=1">View Product</a></div><div class="product"><a href="https://www.amazon.com/dp/B00161OPSA?tag=eloabder-20&linkCode=osi&th=1&psc=1"><img src="https://m.media-amazon.com/images/I/41C32y3CJAL._SL500_.jpg" alt="Product Image"></a><p>Tsukineko VersaFine inkpad, Full-Size, Onyx Black</p><p>$4.99 ($4.99 / Count)</p><a href="https://www.amazon.com/dp/B00161OPSA?tag=eloabder-20&linkCode=osi&th=1&psc=1">View Product</a></div>
<div class="product"><a href="https://www.amazon.com/dp/B07Q4TJCDJ?tag=eloabder-20&linkCode=osi&th=1&psc=1"><img src="https://m.media-amazon.com/images/I/315HYvYg-BL._SL500_.jpg" alt="Product Image"></a><p>Primbeeks 300pcs Blank Business Cards, Premium Blank White Cards, 3.5" x 2.2" Small Blank Cards, Blank Cardstock Cards, Small Note Cards, white blank cards, white business cards, kraft paper cards</p><p>$7.99</p><a href="https://www.amazon.com/dp/B07Q4TJCDJ?tag=eloabder-20&linkCode=osi&th=1&psc=1">View Product</a></div><div class="product"><a href="https://www.amazon.com/dp/B0CRGHFLT8?tag=eloabder-20&linkCode=osi&th=1&psc=1"><img src="https://m.media-amazon.com/images/I/41S1NLpb8hL._SL500_.jpg" alt="Product Image"></a><p>Watercolor Cards and Envelopes Set - 50 Folded 5x7 Inch Blank Heavyweight Paper Cards (140lb/300gsm) with Matching Envelopes for DIY Greeting Cards, Festivals, and Events</p><p>$17.99 ($0.36 / Count)</p><a href="https://www.amazon.com/dp/B0CRGHFLT8?tag=eloabder-20&linkCode=osi&th=1&psc=1">View Product</a></div><div class="product"><a href="https://www.amazon.com/dp/B08MX4TZ3H?tag=eloabder-20&linkCode=osi&th=1&psc=1"><img src="https://m.media-amazon.com/images/I/41D2u4vdLQL._SL500_.jpg" alt="Product Image"></a><p>50 Pack Blank Kraft Cards Cardstock Thick Paper Brown Greeting Cards for DIY Gift Card Menus, Baby Shower and Wedding Invitations (Multicolored, 5x7IN)</p><p>$8.99</p><a href="https://www.amazon.com/dp/B08MX4TZ3H?tag=eloabder-20&linkCode=osi&th=1&psc=1">View Product</a></div><div class="product"><a href="https://www.amazon.com/dp/B08BDGGVMK?tag=eloabder-20&linkCode=osi&th=1&psc=1"><img src="https://m.media-amazon.com/images/I/41W-dTUoBqL._SL500_.jpg" alt="Product Image"></a><p>100pcs 3.54"x2" Blank Kraft Paper Business Card, Words Message Notes paper Tags, Mini Craft Cardboard Festival gifts - 6 colors</p><p>$5.98</p><a href="https://www.amazon.com/dp/B08BDGGVMK?tag=eloabder-20&linkCode=osi&th=1&psc=1">View Product</a></div><div class="product"><a href="https://www.amazon.com/dp/B08BFDJJ78?tag=eloabder-20&linkCode=osi&th=1&psc=1"><img src="https://m.media-amazon.com/images/I/61LZ1Csb+dL._SL500_.jpg" alt="Product Image"></a><p>Nettbe 100pcs 3.54"x2" Blank Kraft Paper Business Card, Words Message Notes paper Tags, Mini Craft Cardboard Festival gifts</p><p>$5.99</p><a href="https://www.amazon.com/dp/B08BFDJJ78?tag=eloabder-20&linkCode=osi&th=1&psc=1">View Product</a></div><div class="product"><a href="https://www.amazon.com/dp/B07Q8YBJM3?tag=eloabder-20&linkCode=osi&th=1&psc=1"><img src="https://m.media-amazon.com/images/I/31w6U4cCqEL._SL500_.jpg" alt="Product Image"></a><p>Primbeeks 228pcs Blank Business Cards, Premium Blank White Cards, 3.5" x 2.2" Small Blank Cards, Blank Cardstock Cards, Small Note Cards, white blank cards, white business cards, kraft paper cards</p><p>$5.99</p><a href="https://www.amazon.com/dp/B07Q8YBJM3?tag=eloabder-20&linkCode=osi&th=1&psc=1">View Product</a></div><div class="product"><a href="https://www.amazon.com/dp/B08X4Z9TGN?tag=eloabder-20&linkCode=osi&th=1&psc=1"><img src="https://m.media-amazon.com/images/I/41Jqhe35tDL._SL500_.jpg" alt="Product Image"></a><p>321Done Blank Rustic Cards, Made in USA - 4x6 Thick, Heavy Cardstock - Make Invites, Greeting, Note, Thank You Cards - Plain Kraft for Writing, Stamping, Printing, Art - No Envelopes - Set of 50</p><p>$14.99</p><a href="https://www.amazon.com/dp/B08X4Z9TGN?tag=eloabder-20&linkCode=osi&th=1&psc=1">View Product</a></div><div class="product"><a href="https://www.amazon.com/dp/B0D2KDWBNM?tag=eloabder-20&linkCode=osi&th=1&psc=1"><img src="https://m.media-amazon.com/images/I/31dAhnBJ7aL._SL500_.jpg" alt="Product Image"></a><p>4x6 Blank White Cardstock (Set of 100) - Card Stock for Printer Postcards, Photo Paper Invitations, Greeting, Note, Thank You, DIY Making, Index Cards - Plain for Writing, Stamping, Printing, Art</p><p>$8.99</p><a href="https://www.amazon.com/dp/B0D2KDWBNM?tag=eloabder-20&linkCode=osi&th=1&psc=1">View Product</a></div><div class="product"><a href="https://www.amazon.com/dp/B0BB858RYN?tag=eloabder-20&linkCode=osi&th=1&psc=1"><img src="https://m.media-amazon.com/images/I/317zmriPKNL._SL500_.jpg" alt="Product Image"></a><p>WANDERINGS Handmade White Deckle Edge Blank Greeting Cards- Folded to 5x7” - Pack of 25 - Writers, Artists, Crafters - Thank Yous, Invitations, Menus, Greeting Cards, Notes - Thick 150 GSM</p><p>$21.99 ($0.88 / Count)</p><a href="https://www.amazon.com/dp/B0BB858RYN?tag=eloabder-20&linkCode=osi&th=1&psc=1">View Product</a></div><div class="product"><a href="https://www.amazon.com/dp/B0BZPPXRZW?tag=eloabder-20&linkCode=osi&th=1&psc=1"><img src="https://m.media-amazon.com/images/I/21Da-WQhrpL._SL500_.jpg" alt="Product Image"></a><p>100 Pack Thick Paper Cardstock Blank Heavy Cards Stock for Invitations, Greeting Cards Making, Postcards, Photos, 250GSM Thick Paper (White, 2x3.5 inches)</p><p>$5.99</p><a href="https://www.amazon.com/dp/B0BZPPXRZW?tag=eloabder-20&linkCode=osi&th=1&psc=1">View Product</a></div>
<div class="product"><a href="https://www.amazon.com/dp/B0BZRDQKH6?tag=eloabder-20&linkCode=osi&th=1&psc=1"><img src="https://m.media-amazon.com/images/I/41GYYRiusgL._SL500_.jpg" alt="Product Image"></a><p>feela 8 Pack Unlined Kraft Paper Notebooks, Blank Journal Note Pad for Drawing Writing, Small Sketchbook Travel Journal Bulk for Women Kids Students Office School Supplies, A5, 60 Pages, 8.3” X 5.5”</p><p>$9.99</p><a href="https://www.amazon.com/dp/B0BZRDQKH6?tag=eloabder-20&linkCode=osi&th=1&psc=1">View Product</a></div><div class="product"><a href="https://www.amazon.com/dp/B0BXLB74KK?tag=eloabder-20&linkCode=osi&th=1&psc=1"><img src="https://m.media-amazon.com/images/I/313vYzg7HpL._SL500_.jpg" alt="Product Image"></a><p>ZZTX 4 Pack Blank Kraft Notebooks, Blank Paper Sketchbooks for Drawing Doodling Writing,Travel Journal Set, A5, 36 Pages, 8.3” X 5.5”</p><p>$5.99</p><a href="https://www.amazon.com/dp/B0BXLB74KK?tag=eloabder-20&linkCode=osi&th=1&psc=1">View Product</a></div><div class="product"><a href="https://www.amazon.com/dp/B0BW5TNPXJ?tag=eloabder-20&linkCode=osi&th=1&psc=1"><img src="https://m.media-amazon.com/images/I/31Wu8UP78iL._SL500_.jpg" alt="Product Image"></a><p>EOOUT Kraft Notebooks, Blank Page Journals in Bulk, 16pcs A5, 8.3 X 5.5 Inches, 60 Pages, 80gsm, Travel Journal Set, for Art Camp, Travelers, Students and Office Supplies Sketchbooks Bulk for Kids</p><p>$15.99</p><a href="https://www.amazon.com/dp/B0BW5TNPXJ?tag=eloabder-20&linkCode=osi&th=1&psc=1">View Product</a></div><div class="product"><a href="https://www.amazon.com/dp/B08P3F46SD?tag=eloabder-20&linkCode=osi&th=1&psc=1"><img src="https://m.media-amazon.com/images/I/41jeBDcZJ1L._SL500_.jpg" alt="Product Image"></a><p>Krafty Soft Cover Blank Notebook Journal, Spiral Sketchbook Pad, Drawing Book, 60 Sheets/140gsm (A4)/120 Pages</p><p>$7.99</p><a href="https://www.amazon.com/dp/B08P3F46SD?tag=eloabder-20&linkCode=osi&th=1&psc=1">View Product</a></div><div class="product"><a href="https://www.amazon.com/dp/B0CWNPMC4T?tag=eloabder-20&linkCode=osi&th=1&psc=1"><img src="https://m.media-amazon.com/images/I/31BZeVGe6TL._SL500_.jpg" alt="Product Image"></a><p>zmybcpack 5 Pack Blank Journal Notebooks, Blank Paper Sketchbook for Drawing Writing, Travel Journal Notebook Kraft Paper Notebook for Travelers, Students, Office, A5, 8.26” x 5.5”, 60 Pages/30 Sheets</p><p>$8.99</p><a href="https://www.amazon.com/dp/B0CWNPMC4T?tag=eloabder-20&linkCode=osi&th=1&psc=1">View Product</a></div><div class="product"><a href="https://www.amazon.com/dp/B07WHYP9WN?tag=eloabder-20&linkCode=osi&th=1&psc=1"><img src="https://m.media-amazon.com/images/I/41ZhyCux1yL._SL500_.jpg" alt="Product Image"></a><p>Thick Blank Journal Notebook with Unlined / Unruled / Plain Pages | Deluxe 120gsm Ink Resistant Paper for Writing, Sketch Book, 160 Pages | Hardcover Sketchbook with Pen Holder, Pocket, Ribbon (Black)</p><p>$14.99</p><a href="https://www.amazon.com/dp/B07WHYP9WN?tag=eloabder-20&linkCode=osi&th=1&psc=1">View Product</a></div>
<div class="product"><a href="https://www.amazon.com/dp/B07MT7HKZW?tag=eloabder-20&linkCode=osi&th=1&psc=1"><img src="https://m.media-amazon.com/images/I/413JwH5JREL._SL500_.jpg" alt="Product Image"></a><p>Spiral Sketch Book Large Notebook（Built-in Drawing Board） Kraft Cover Blank Sketch Pad Wirebound Sketching for Drawing Painting 8.5x11-Inch (2 Pack) 200 Sheets, 100 Sheets, 200Pages Each</p><p>$17.99 ($9.00 / Count)</p><a href="https://www.amazon.com/dp/B07MT7HKZW?tag=eloabder-20&linkCode=osi&th=1&psc=1">View Product</a></div><div class="product"><a href="https://www.amazon.com/dp/B0BDQ82WB9?tag=eloabder-20&linkCode=osi&th=1&psc=1"><img src="https://m.media-amazon.com/images/I/51FoWr3GPwL._SL500_.jpg" alt="Product Image"></a><p>feela 170 Pack Blank Kraft Notebooks, Unlined Sketchbook Mini Cute Note Pad for Drawing Writing, Journal Bulk For Kids Students Office School Supplies, A6, 48 Pages, 4.25” X 5.5”, Black and Brown</p><p>$51.99</p><a href="https://www.amazon.com/dp/B0BDQ82WB9?tag=eloabder-20&linkCode=osi&th=1&psc=1">View Product</a></div><div class="product"><a href="https://www.amazon.com/dp/B0B3WWHWT2?tag=eloabder-20&linkCode=osi&th=1&psc=1"><img src="https://m.media-amazon.com/images/I/31m0FzXtPxL._SL500_.jpg" alt="Product Image"></a><p>Tamaki 6 Pack Colorful Blank Books for kids to Write, Drawing, Cute Sketchbook for Kid, 6 Colors (4.25 x 5.5 Inches)</p><p>$6.99</p><a href="https://www.amazon.com/dp/B0B3WWHWT2?tag=eloabder-20&linkCode=osi&th=1&psc=1">View Product</a></div>
<div class="product"><a href="https://www.amazon.com/dp/B0BGH2P9M6?tag=eloabder-20&linkCode=osi&th=1&psc=1"><img src="https://m.media-amazon.com/images/I/41ozOaYoHEL._SL500_.jpg" alt="Product Image"></a><p>EOOUT 100pcs A5 Kraft Notebooks, Blank Page Journals in Bulk, Sketchbooks Bulk for Kids, 60 Pages, 80GSM, 8.3 X 5.5 Inch, Travel Journal Set, for Art Camp, Travelers, Students and Office Supplies</p><p>$51.99</p><a href="https://www.amazon.com/dp/B0BGH2P9M6?tag=eloabder-20&linkCode=osi&th=1&psc=1">View Product</a></div><div class="product"><a href="https://www.amazon.com/dp/B07MT99F94?tag=eloabder-20&linkCode=osi&th=1&psc=1"><img src="https://m.media-amazon.com/images/I/41Ug7gpSWDL._SL500_.jpg" alt="Product Image"></a><p>Spiral Sketch Book Large Notebook（Built-in Drawing Board） Kraft Cover Blank Sketch Pad Wirebound Sketching for Drawing Painting 8.5x11-Inch (1 Pack) 200 Pages, 100 Sheets</p><p>$9.99</p><a href="https://www.amazon.com/dp/B07MT99F94?tag=eloabder-20&linkCode=osi&th=1&psc=1">View Product</a></div><div class="product"><a href="https://www.amazon.com/dp/B07CM32KLM?tag=eloabder-20&linkCode=osi&th=1&psc=1"><img src="https://m.media-amazon.com/images/I/41ENhBLE9DL._SL500_.jpg" alt="Product Image"></a><p>Kraft Cover Drawing Notebook & Sketchbook – Set of 2 Blank Plain Sketch Books – 125g Thick Paper A5 Size, 150x210mm Paper Ideal for Drawing & Sketching- 128 sheets/256 pages – 180 Degree Opening, 2pcs</p><p>$20.99 ($0.08 / Count)</p><a href="https://www.amazon.com/dp/B07CM32KLM?tag=eloabder-20&linkCode=osi&th=1&psc=1">View Product</a></div><div class="product"><a href="https://www.amazon.com/dp/B08ZLMLF7C?tag=eloabder-20&linkCode=osi&th=1&psc=1"><img src="https://m.media-amazon.com/images/I/41X-5yj83vL._SL500_.jpg" alt="Product Image"></a><p>BEECHMORE BOOKS Sketch Book, A4 8.5 x 11.5 inch Blank Sketchbook for Drawing, Paint and Draw, 156 Pages Thick Paper 160gsm, Hardcover Leather Art Notebook, Boxed for Gifts (Chestnut Brown)</p><p>$21.20</p><a href="https://www.amazon.com/dp/B08ZLMLF7C?tag=eloabder-20&linkCode=osi&th=1&psc=1">View Product</a></div>
<div class="product"><a href="https://www.amazon.com/dp/B075M9MSFH?tag=eloabder-20&linkCode=osi&th=1&psc=1"><img src="https://m.media-amazon.com/images/I/51x+szTX6TL._SL500_.jpg" alt="Product Image"></a><p>Bianyo Bleedproof Marker Paper Pad, A4(8.27"X11.69"), 50 Sheets, 18 LB / 70 GSM, Glue-Bound, 100% Cotton, White, Ideal for Use with Markers and Ink Mediums</p><p>$9.99</p><a href="https://www.amazon.com/dp/B075M9MSFH?tag=eloabder-20&linkCode=osi&th=1&psc=1">View Product</a></div><div class="product"><a href="https://www.amazon.com/dp/B08FX5S2NL?tag=eloabder-20&linkCode=osi&th=1&psc=1"><img src="https://m.media-amazon.com/images/I/41CA0ZfazKL._SL500_.jpg" alt="Product Image"></a><p>Marker Paper Sketchbook, Bleedproof Art Marker Pad, (8.27 X 11.69) Inch, White, 40 Sheets</p><p>$6.99</p><a href="https://www.amazon.com/dp/B08FX5S2NL?tag=eloabder-20&linkCode=osi&th=1&psc=1">View Product</a></div><div class="product"><a href="https://www.amazon.com/dp/B0CJRBFSJ8?tag=eloabder-20&linkCode=osi&th=1&psc=1"><img src="https://m.media-amazon.com/images/I/51DLA8TpwEL._SL500_.jpg" alt="Product Image"></a><p>Shuttle Art Marker Pad, 8.3”x8.9” Portable Square Sketchbook, 80 Sheets Marker Drawing Paper, 120LB/200GSM Bleedproof Art Paper, Spiral-Bound, Great for Professional Artist to Draw, Paint & Sketch</p><p>$16.99</p><a href="https://www.amazon.com/dp/B0CJRBFSJ8?tag=eloabder-20&linkCode=osi&th=1&psc=1">View Product</a></div><div class="product"><a href="https://www.amazon.com/dp/B09N7VX5Z5?tag=eloabder-20&linkCode=osi&th=1&psc=1"><img src="https://m.media-amazon.com/images/I/51xCPs9HZyL._SL500_.jpg" alt="Product Image"></a><p>Marker Paper Sketchbook - Marker Sketchbook with Bleedproof Smooth Coated Art Paper, 120 GSM 80 LBS - Marker Pad for Alcohol Markers, Sketching, Drawing - 8.11 x 8.5 Inch | 50 Sheets, 2 Pack</p><p>$15.99 ($8.00 / Count)</p><a href="https://www.amazon.com/dp/B09N7VX5Z5?tag=eloabder-20&linkCode=osi&th=1&psc=1">View Product</a></div><div class="product"><a href="https://www.amazon.com/dp/B07CK94W9T?tag=eloabder-20&linkCode=osi&th=1&psc=1"><img src="https://m.media-amazon.com/images/I/41ocoSNDjdL._SL500_.jpg" alt="Product Image"></a><p>BOXUN Premium 50 Sheets Sketch Marker Paper Pad, Bleedproof Artist Drawing Paper, 8.27 x 11.69 Inch</p><p>$8.29 ($0.17 / Count)</p><a href="https://www.amazon.com/dp/B07CK94W9T?tag=eloabder-20&linkCode=osi&th=1&psc=1">View Product</a></div><div class="product"><a href="https://www.amazon.com/dp/B0CPXWD11W?tag=eloabder-20&linkCode=osi&th=1&psc=1"><img src="https://m.media-amazon.com/images/I/51ApKzpDVNL._SL500_.jpg" alt="Product Image"></a><p>FEITAKE Marker Paper Pad Sketchbook Bleedproof for Alcohol Markers 120lb/200gsm Double Sided Thick Art Drawing Papers 60pages (30Sheets) / A4(8.3"x11.7") Gift for Artists Students Kids</p><p>$13.99 ($0.47 / Count)</p><a href="https://www.amazon.com/dp/B0CPXWD11W?tag=eloabder-20&linkCode=osi&th=1&psc=1">View Product</a></div><div class="product"><a href="https://www.amazon.com/dp/B0025TWYW6?tag=eloabder-20&linkCode=osi&th=1&psc=1"><img src="https://m.media-amazon.com/images/I/51t6UkUHCvL._SL500_.jpg" alt="Product Image"></a><p>Bee Paper Bleedproof Marker Pack, 8-1/2-Inch by 11-Inch, 50 Sheets per Pack</p><p>$17.09 ($0.34 / Count)</p><a href="https://www.amazon.com/dp/B0025TWYW6?tag=eloabder-20&linkCode=osi&th=1&psc=1">View Product</a></div><div class="product"><a href="https://www.amazon.com/dp/B0CJRBYYQB?tag=eloabder-20&linkCode=osi&th=1&psc=1"><img src="https://m.media-amazon.com/images/I/41knBnjZ25L._SL500_.jpg" alt="Product Image"></a><p>Shuttle Art Marker Pad, 8.3”x7.67” Portable Square Sketchbook, 50 Sheets Marker Drawing Paper, 60LB/90GSM Smooth Surface Bleedproof Art Paper, Glue-Bound, Great for Beginners to Draw, Paint & Sketch</p><p>$8.99 ($0.18 / Count)</p><a href="https://www.amazon.com/dp/B0CJRBYYQB?tag=eloabder-20&linkCode=osi&th=1&psc=1">View Product</a></div>
<div class="product"><a href="https://www.amazon.com/dp/B00881IU8M?tag=eloabder-20&linkCode=osi&th=1&psc=1"><img src="https://m.media-amazon.com/images/I/41hbSgdLBtL._SL500_.jpg" alt="Product Image"></a><p>Speedball Fabric & Paper Block Printing Ink 6-Color Set, 1.25-Ounce x 6</p><p>$28.99 ($28.99 / Count)</p><a href="https://www.amazon.com/dp/B00881IU8M?tag=eloabder-20&linkCode=osi&th=1&psc=1">View Product</a></div><div class="product"><a href="https://www.amazon.com/dp/B000J09PFM?tag=eloabder-20&linkCode=osi&th=1&psc=1"><img src="https://m.media-amazon.com/images/I/51yPRc4nvoL._SL500_.jpg" alt="Product Image"></a><p>Speedball Water-Soluble Block Printing Ink Starter Set, 6 Bold Colors with Satin Finish, 1.25-Ounce Tubes</p><p>$29.99 ($4.00 / Fl Oz)</p><a href="https://www.amazon.com/dp/B000J09PFM?tag=eloabder-20&linkCode=osi&th=1&psc=1">View Product</a></div><div class="product"><a href="https://www.amazon.com/dp/B000BYT24U?tag=eloabder-20&linkCode=osi&th=1&psc=1"><img src="https://m.media-amazon.com/images/I/51pDlo+LlKL._SL500_.jpg" alt="Product Image"></a><p>Speedball Water-Soluble Block Printing Ink, 8-Ounce Jar, Black</p><p>$14.49</p><a href="https://www.amazon.com/dp/B000BYT24U?tag=eloabder-20&linkCode=osi&th=1&psc=1">View Product</a></div><div class="product"><a href="https://www.amazon.com/dp/B00C1JUJWW?tag=eloabder-20&linkCode=osi&th=1&psc=1"><img src="https://m.media-amazon.com/images/I/41zDtJ6f5hL._SL500_.jpg" alt="Product Image"></a><p>Speedball Fabric Block Printing Ink, 2.5-Ounce, Black</p><p>$9.99 ($4.00 / Fl Oz)</p><a href="https://www.amazon.com/dp/B00C1JUJWW?tag=eloabder-20&linkCode=osi&th=1&psc=1">View Product</a></div><div class="product"><a href="https://www.amazon.com/dp/B004PZ1ZJG?tag=eloabder-20&linkCode=osi&th=1&psc=1"><img src="https://m.media-amazon.com/images/I/41+GkhhpR5L._SL500_.jpg" alt="Product Image"></a><p>Speedball Water-Soluble Block Printing Ink Starter Set, 4-Color Set, 1.25-Ounce Tubes</p><p>$20.99</p><a href="https://www.amazon.com/dp/B004PZ1ZJG?tag=eloabder-20&linkCode=osi&th=1&psc=1">View Product</a></div><div class="product"><a href="https://www.amazon.com/dp/B0017CZF3C?tag=eloabder-20&linkCode=osi&th=1&psc=1"><img src="https://m.media-amazon.com/images/I/41S17SYPAZL._SL500_.jpg" alt="Product Image"></a><p>Speedball Water Soluble Block Printing Ink, Black, 2-1/2 Ounces - 380663</p><p>$9.99</p><a href="https://www.amazon.com/dp/B0017CZF3C?tag=eloabder-20&linkCode=osi&th=1&psc=1">View Product</a></div><div class="product"><a href="https://www.amazon.com/dp/B0BXNX8FSH?tag=eloabder-20&linkCode=osi&th=1&psc=1"><img src="https://m.media-amazon.com/images/I/51JGm1VxVOL._SL500_.jpg" alt="Product Image"></a><p>Falling in Art Water-Soluble Block Printing Ink, 6-Color Printmaking Ink Set for Linoleum Block, 3.5 floz</p><p>$28.99</p><a href="https://www.amazon.com/dp/B0BXNX8FSH?tag=eloabder-20&linkCode=osi&th=1&psc=1">View Product</a></div><div class="product"><a href="https://www.amazon.com/dp/B0027ACJBO?tag=eloabder-20&linkCode=osi&th=1&psc=1"><img src="https://m.media-amazon.com/images/I/41OzayB9ojL._SL500_.jpg" alt="Product Image"></a><p>Speedball 3476 Oil-Based Block Printing Ink Starter Set for Professional, Permanent Prints AP Certified – 1.25 FL OZ Tubes</p><p>$33.99</p><a href="https://www.amazon.com/dp/B0027ACJBO?tag=eloabder-20&linkCode=osi&th=1&psc=1">View Product</a></div>
<div class="product"><a href="https://www.amazon.com/dp/B0027AGDWK?tag=eloabder-20&linkCode=osi&th=1&psc=1"><img src="https://m.media-amazon.com/images/I/515LDer6GPL._SL500_.jpg" alt="Product Image"></a><p>Speedball Deluxe Block Printing Kit - Includes Inks, Brayer, Bench Hook, Lino Handle and Cutters, Speedy-Carve Block, Mounted Linoleum Block</p><p>$59.99</p><a href="https://www.amazon.com/dp/B0027AGDWK?tag=eloabder-20&linkCode=osi&th=1&psc=1">View Product</a></div><div class="product"><a href="https://www.amazon.com/dp/B07ZJBZN5S?tag=eloabder-20&linkCode=osi&th=1&psc=1"><img src="https://m.media-amazon.com/images/I/41UbN58y9uS._SL500_.jpg" alt="Product Image"></a><p>SGHUO 12pcs 4"x6" Pink Rubber Carving Blocks Linoleum Block Stamp Making Kit</p><p>$22.99 ($1.92 / Count)</p><a href="https://www.amazon.com/dp/B07ZJBZN5S?tag=eloabder-20&linkCode=osi&th=1&psc=1">View Product</a></div>
<div class="product"><a href="https://www.amazon.com/dp/B00L2DYUM8?tag=eloabder-20&linkCode=osi&th=1&psc=1"><img src="https://m.media-amazon.com/images/I/51l5FZ0+5AL._SL500_.jpg" alt="Product Image"></a><p>Strathmore 300 Series Printmaking Paper Pad, Glue Bound, 5x7 inches, 40 Sheets (120g) - Artist Paper for Adults and Students - Block Printing, Linocut, Screen Printing, White</p><p>$7.26</p><a href="https://www.amazon.com/dp/B00L2DYUM8?tag=eloabder-20&linkCode=osi&th=1&psc=1">View Product</a></div><div class="product"><a href="https://www.amazon.com/dp/B07BSYS5XC?tag=eloabder-20&linkCode=osi&th=1&psc=1"><img src="https://m.media-amazon.com/images/I/51Uwfq0jv+L._SL500_.jpg" alt="Product Image"></a><p>Ucreate Printmaking Paper, 9"x12", White, 100 Sheet, P9001</p><p>$9.79</p><a href="https://www.amazon.com/dp/B07BSYS5XC?tag=eloabder-20&linkCode=osi&th=1&psc=1">View Product</a></div><div class="product"><a href="https://www.amazon.com/dp/B00K5562WA?tag=eloabder-20&linkCode=osi&th=1&psc=1"><img src="https://m.media-amazon.com/images/I/51Dm+TeJGdL._SL500_.jpg" alt="Product Image"></a><p>Strathmore Printmaking Paper Pad 8"X10"-20 Sheets -62433800, White</p><p>$10.19</p><a href="https://www.amazon.com/dp/B00K5562WA?tag=eloabder-20&linkCode=osi&th=1&psc=1">View Product</a></div><div class="product"><a href="https://www.amazon.com/dp/B001DNH8I0?tag=eloabder-20&linkCode=osi&th=1&psc=1"><img src="https://m.media-amazon.com/images/I/51UzoKdUojL._SL500_.jpg" alt="Product Image"></a><p>Black Ink 9-Inch by 12-Inch Bleached Mulberry Block Printing Paper, 25-Pack</p><p>$19.35 ($0.77 / Count)</p><a href="https://www.amazon.com/dp/B001DNH8I0?tag=eloabder-20&linkCode=osi&th=1&psc=1">View Product</a></div><div class="product"><a href="https://www.amazon.com/dp/B00C6G6L5Y?tag=eloabder-20&linkCode=osi&th=1&psc=1"><img src="https://m.media-amazon.com/images/I/5103h0Rm8sL._SL500_.jpg" alt="Product Image"></a><p>Black Ink Thai Mulberry Block Printing Paper Packs small assorted colors</p><p>$21.99</p><a href="https://www.amazon.com/dp/B00C6G6L5Y?tag=eloabder-20&linkCode=osi&th=1&psc=1">View Product</a></div>
<div class="product"><a href="https://www.amazon.com/dp/B003IG27OK?tag=eloabder-20&linkCode=osi&th=1&psc=1"><img src="https://m.media-amazon.com/images/I/416NUaYo1DL._SL500_.jpg" alt="Product Image"></a><p>Speedball Block Printing Baren - Comfortable Wooden Handle, Made in the USA - 4 Inches</p><p>$29.49</p><a href="https://www.amazon.com/dp/B003IG27OK?tag=eloabder-20&linkCode=osi&th=1&psc=1">View Product</a></div>
<div class="product"><a href="https://www.amazon.com/dp/B0CMZYY8CJ?tag=eloabder-20&linkCode=osi&th=1&psc=1"><img src="https://m.media-amazon.com/images/I/41TifSIP7SL._SL500_.jpg" alt="Product Image"></a><p>Ecoofor Blotting Paper for Flower Press, 20 Sheets Highly Absorbent and Reusable Blotter Paper for Flower Press Paper Craft 9 x 9 inch</p><p>$9.99</p><a href="https://www.amazon.com/dp/B0CMZYY8CJ?tag=eloabder-20&linkCode=osi&th=1&psc=1">View Product</a></div><div class="product"><a href="https://www.amazon.com/dp/B0CYRT3RM4?tag=eloabder-20&linkCode=osi&th=1&psc=1"><img src="https://m.media-amazon.com/images/I/31+qvVq3giL._SL500_.jpg" alt="Product Image"></a><p>Hygge & Sage Premium Natural Fiber Blotting Paper for Flower Press Art; 20 Large Sheets for a Press up to 8x11 Inches; Absorbent, Versatile, and Acid-Free Reusable Blotter Paper for Flower Pressing</p><p>$9.50 ($0.48 / Count)</p><a href="https://www.amazon.com/dp/B0CYRT3RM4?tag=eloabder-20&linkCode=osi&th=1&psc=1">View Product</a></div><div class="product"><a href="https://www.amazon.com/dp/B0D41GDLHM?tag=eloabder-20&linkCode=osi&th=1&psc=1"><img src="https://m.media-amazon.com/images/I/41LIF5dHXaL._SL500_.jpg" alt="Product Image"></a><p>Aboofx 20 Sheets Blotting Paper for Flower Press, 15" x 10" Extra Large Highly Absorbent Blotter Paper for Flower Press Reusable Herbarium Paper Craft Blotter Paper Sheets</p><p>$19.99</p><a href="https://www.amazon.com/dp/B0D41GDLHM?tag=eloabder-20&linkCode=osi&th=1&psc=1">View Product</a></div><div class="product"><a href="https://www.amazon.com/dp/B0CQMMYSBR?tag=eloabder-20&linkCode=osi&th=1&psc=1"><img src="https://m.media-amazon.com/images/I/413SlUi6IDL._SL500_.jpg" alt="Product Image"></a><p>Wisreach Blotting Paper for Flower Press, 20 Sheets Flower Press Paper Highly Absorbent and Reusable Blotter Paper for Flower Art A4 Size 8.26 x 11.4 inch</p><p>$9.99</p><a href="https://www.amazon.com/dp/B0CQMMYSBR?tag=eloabder-20&linkCode=osi&th=1&psc=1">View Product</a></div><div class="product"><a href="https://www.amazon.com/dp/B093FQ22PG?tag=eloabder-20&linkCode=osi&th=1&psc=1"><img src="https://m.media-amazon.com/images/I/41B2jXhe+QL._SL500_.jpg" alt="Product Image"></a><p>Blotting Paper for Flower Press by Berstuk® • Large A4 Flower Press Paper • Highly Absorbent and Reusable Herbarium Paper • Pack of 10 Blotter Paper Sheets</p><p>$6.99 ($69.90 / 100 Sheets)</p><a href="https://www.amazon.com/dp/B093FQ22PG?tag=eloabder-20&linkCode=osi&th=1&psc=1">View Product</a></div><div class="product"><a href="https://www.amazon.com/dp/B0C6PW4VGB?tag=eloabder-20&linkCode=osi&th=1&psc=1"><img src="https://m.media-amazon.com/images/I/21C64VB3iVL._SL500_.jpg" alt="Product Image"></a><p>PATIKIL 16"x12" Flower Press Paper, 1 Set/30 Sheet Refill Lining Blotter Paper Absorbent Reusable Blotting Paper for DIY Art Handicraft Scrapbook</p><p>$11.19</p><a href="https://www.amazon.com/dp/B0C6PW4VGB?tag=eloabder-20&linkCode=osi&th=1&psc=1">View Product</a></div><div class="product"><a href="https://www.amazon.com/dp/B0C6PTK915?tag=eloabder-20&linkCode=osi&th=1&psc=1"><img src="https://m.media-amazon.com/images/I/21UviFCGjtL._SL500_.jpg" alt="Product Image"></a><p>PATIKIL 12"x8" Flower Press Paper, 2 Set/60 Sheet Refill Lining Blotter Paper Absorbent Reusable Blotting Paper for DIY Art Handicraft Scrapbook</p><p>$13.69</p><a href="https://www.amazon.com/dp/B0C6PTK915?tag=eloabder-20&linkCode=osi&th=1&psc=1">View Product</a></div><div class="product"><a href="https://www.amazon.com/dp/B0CDJZ4MD7?tag=eloabder-20&linkCode=osi&th=1&psc=1"><img src="https://m.media-amazon.com/images/I/41iwkW+QQOL._SL500_.jpg" alt="Product Image"></a><p>30 PCS Blotting Paper for Flower Press Large A4 Flower Press Paper Highly Absorbent and Reusable Blotter Paper Refill Lining Paper for Flower Press Art Craft Scrapbook Making, 11.8 x 7.9 Inches Blue</p><p>$9.99</p><a href="https://www.amazon.com/dp/B0CDJZ4MD7?tag=eloabder-20&linkCode=osi&th=1&psc=1">View Product</a></div>

<div class="product"><a href="https://www.amazon.com/dp/B0D2T4F1DZ?tag=eloabder-20&linkCode=osi&th=1&psc=1"><img src="https://m.media-amazon.com/images/I/41KNcatyBWL._SL500_.jpg" alt="Product Image"></a><p>10pcs Book Cloth,14”x10”,Fabric Surface and Paper Backed, book cloth for book binding,book binding fabric,5 Colors Bookbinding Cloth for DIY fabric book cover,bookbinding paper (Style B)</p><p>$9.99</p><a href="https://www.amazon.com/dp/B0D2T4F1DZ?tag=eloabder-20&linkCode=osi&th=1&psc=1">View Product</a></div><div class="product"><a href="https://www.amazon.com/dp/B0CMD2LWR8?tag=eloabder-20&linkCode=osi&th=1&psc=1"><img src="https://m.media-amazon.com/images/I/31QVUZVSB+L._SL500_.jpg" alt="Product Image"></a><p>Mozeat Lens 33 ft Bookbinding Tape Book Tape Repair Book Binding Tape Cloth Book Repair Kit 2 Inch Wide Book Spine Tape Cloth Bookbinding Repair Tape White Book Tape for Reinforcing Book Spine Tape</p><p>$7.99</p><a href="https://www.amazon.com/dp/B0CMD2LWR8?tag=eloabder-20&linkCode=osi&th=1&psc=1">View Product</a></div><div class="product"><a href="https://www.amazon.com/dp/B0D1KC168C?tag=eloabder-20&linkCode=osi&th=1&psc=1"><img src="https://m.media-amazon.com/images/I/31wWgk-1V4L._SL500_.jpg" alt="Product Image"></a><p>AKONEGE Book Cloth for Book Binding 35 x 16 Inch Fabric Surface and Paper Backed, Strong, Easy to Use, Fabric Materials Bookbinding Supplies Bookcloth for Scrapbooking Album DIY Crafts, Black</p><p>$9.99</p><a href="https://www.amazon.com/dp/B0D1KC168C?tag=eloabder-20&linkCode=osi&th=1&psc=1">View Product</a></div><div class="product"><a href="https://www.amazon.com/dp/B0BC48CCWW?tag=eloabder-20&linkCode=osi&th=1&psc=1"><img src="https://m.media-amazon.com/images/I/41vTc+L-XyL._SL500_.jpg" alt="Product Image"></a><p>Wooqu Book Cloth, Fabric Surface and Paper Backed, Easy to Use, Strong, 17x29”, for Book Binding, Dark Green</p><p>$13.99</p><a href="https://www.amazon.com/dp/B0BC48CCWW?tag=eloabder-20&linkCode=osi&th=1&psc=1">View Product</a></div><div class="product"><a href="https://www.amazon.com/dp/B00W3S7LU4?tag=eloabder-20&linkCode=osi&th=1&psc=1"><img src="https://m.media-amazon.com/images/I/41mUL1LmSHS._SL500_.jpg" alt="Product Image"></a><p>BookGuard 2 inch Premium Bookbinding Repair Cloth Tape, 15 Yard Roll Burgundy</p><p>$14.95</p><a href="https://www.amazon.com/dp/B00W3S7LU4?tag=eloabder-20&linkCode=osi&th=1&psc=1">View Product</a></div>

<div class="product"><a href="https://www.amazon.com/dp/B08217DGL7?tag=eloabder-20&linkCode=osi&th=1&psc=1"><img src="https://m.media-amazon.com/images/I/51Gy-qfph7L._SL500_.jpg" alt="Product Image"></a><p>24 Colors Waxed Thread, Leather Sewing Thread,Hand Stitching Thread for Hand Sewing Leather and Bookbinding, 13Yards Per Color</p><p>$11.99 ($0.01 / Foot)</p><a href="https://www.amazon.com/dp/B08217DGL7?tag=eloabder-20&linkCode=osi&th=1&psc=1">View Product</a></div><div class="product"><a href="https://www.amazon.com/dp/B08GCHJ3FP?tag=eloabder-20&linkCode=osi&th=1&psc=1"><img src="https://m.media-amazon.com/images/I/41TK-XNxTFL._SL500_.jpg" alt="Product Image"></a><p>FANDOL 100% Natural Linen Thread Waxed thread for Bookbingding, Leather Sewing, Beading or Macrame (Natural)</p><p>$14.98</p><a href="https://www.amazon.com/dp/B08GCHJ3FP?tag=eloabder-20&linkCode=osi&th=1&psc=1">View Product</a></div><div class="product"><a href="https://www.amazon.com/dp/B0025U108E?tag=eloabder-20&linkCode=osi&th=1&psc=1"><img src="https://m.media-amazon.com/images/I/4172yrURiVL._SL500_.jpg" alt="Product Image"></a><p>Books by Hand Linen Thread, Archival Quality Natural Unbleached and Unwaxed, 50 Yards 35/3 Gauge, Ideal for Bookbinding and Sewing Signatures</p><p>$9.47</p><a href="https://www.amazon.com/dp/B0025U108E?tag=eloabder-20&linkCode=osi&th=1&psc=1">View Product</a></div><div class="product"><a href="https://www.amazon.com/dp/B08S78KLRN?tag=eloabder-20&linkCode=osi&th=1&psc=1"><img src="https://m.media-amazon.com/images/I/413NGMtJdrL._SL500_.jpg" alt="Product Image"></a><p>Jupean Waxed Thread, 150m /164Yards Beige Leather Waxed Thread, Leather Sewing Thread, Hand Stitching Thread for Hand Sewing Leather, Bookbinding, and Beginners Leather Craft DIY</p><p>$6.49 ($0.01 / Foot)</p><a href="https://www.amazon.com/dp/B08S78KLRN?tag=eloabder-20&linkCode=osi&th=1&psc=1">View Product</a></div><div class="product"><a href="https://www.amazon.com/dp/B015D9E6UM?tag=eloabder-20&linkCode=osi&th=1&psc=1"><img src="https://m.media-amazon.com/images/I/51VnWPI+Q5L._SL500_.jpg" alt="Product Image"></a><p>Lineco, Natural Waxed Linen Thread 20 Yards, Books by Hand Natural, Black, Brown Color for Sewing, Bookbinding (3/Pkg)</p><p>$13.77</p><a href="https://www.amazon.com/dp/B015D9E6UM?tag=eloabder-20&linkCode=osi&th=1&psc=1">View Product</a></div>
<div class="product"><a href="https://www.amazon.com/dp/B0CMD53C1C?tag=eloabder-20&linkCode=osi&th=1&psc=1"><img src="https://m.media-amazon.com/images/I/31dU4wqS0rL._SL500_.jpg" alt="Product Image"></a><p>5-in-1 Bookbinding Kit,Book Cover Guide, Bookbinding Cover Tool, Stainless Steel Book Binding Kit, Bookbinding Ruler, Scrapbooking Tools for Making Book Cover Chipboard Covers Album Planner</p><p>$7.88</p><a href="https://www.amazon.com/dp/B0CMD53C1C?tag=eloabder-20&linkCode=osi&th=1&psc=1">View Product</a></div>
<div class="product"><a href="https://www.amazon.com/dp/B007TIEG6U?tag=eloabder-20&linkCode=osi&th=1&psc=1"><img src="https://m.media-amazon.com/images/I/31d6r6R5lGL._SL500_.jpg" alt="Product Image"></a><p>Handy Art Empty 2 ounce Marker Bottle, Dauber Tip and Cap, 12-Each (900-003) , White</p><p>$23.12 ($1.93 / Count)</p><a href="https://www.amazon.com/dp/B007TIEG6U?tag=eloabder-20&linkCode=osi&th=1&psc=1">View Product</a></div>
<div class="product"><a href="https://www.amazon.com/dp/B07YDNKSH6?tag=eloabder-20&linkCode=osi&th=1&psc=1"><img src="https://m.media-amazon.com/images/I/41JGrHa7mSL._SL500_.jpg" alt="Product Image"></a><p>4-Inch Rubber Brayer Roller for Printmaking, Great for Gluing Application Also. (Original Version)</p><p>$6.99</p><a href="https://www.amazon.com/dp/B07YDNKSH6?tag=eloabder-20&linkCode=osi&th=1&psc=1">View Product</a></div>
<div class="product"><a href="https://www.amazon.com/dp/B005U7BNPE?tag=eloabder-20&linkCode=osi&th=1&psc=1"><img src="https://m.media-amazon.com/images/I/418YfTClSxL._SL500_.jpg" alt="Product Image"></a><p>Apple Barrel Acrylic Paint in Assorted Colors (2 oz), 20513, Bright Yellow</p><p>$0.58 ($0.29 / Fl Oz)</p><a href="https://www.amazon.com/dp/B005U7BNPE?tag=eloabder-20&linkCode=osi&th=1&psc=1">View Product</a></div><div class="product"><a href="https://www.amazon.com/dp/B099DWCRZ5?tag=eloabder-20&linkCode=osi&th=1&psc=1"><img src="https://m.media-amazon.com/images/I/41rr5hT-8TL._SL500_.jpg" alt="Product Image"></a><p>milo Fluorescent Acrylic Paint Set of 6 Colors | 4 oz Bottles | Student Neon Colors Acrylics Painting Pack | Made in the USA | Non-Toxic Art & Craft Paints for Artists, Kids, & Hobby Painters</p><p>$22.90 ($0.95 / Fl Oz)</p><a href="https://www.amazon.com/dp/B099DWCRZ5?tag=eloabder-20&linkCode=osi&th=1&psc=1">View Product</a></div><div class="product"><a href="https://www.amazon.com/dp/B07ZPPPWPL?tag=eloabder-20&linkCode=osi&th=1&psc=1"><img src="https://m.media-amazon.com/images/I/51Vqk2rrZwL._SL500_.jpg" alt="Product Image"></a><p>Apple Barrel, Pastel Dreams & Vivid Wonders Collection Acrylic Craft Paint, PROMOTCK, 2 fl oz each, 18 assorted matte colors, 18 count</p><p>$22.66 ($0.63 / Fl Oz)</p><a href="https://www.amazon.com/dp/B07ZPPPWPL?tag=eloabder-20&linkCode=osi&th=1&psc=1">View Product</a></div><div class="product"><a href="https://www.amazon.com/dp/B0CKQR52XC?tag=eloabder-20&linkCode=osi&th=1&psc=1"><img src="https://m.media-amazon.com/images/I/51WTPlhN2WL._SL500_.jpg" alt="Product Image"></a><p>ARTME Glow in The Dark Paint, 10 Bright Colors 60ml/2oz Blacklight Paint Set, Neon Craft Paint, Acrylic Glow Fluorescent Paint Perfect for Art Painting, DIY projects, Halloween and Christmas</p><p>$23.99 ($1.20 / Fl Oz)</p><a href="https://www.amazon.com/dp/B0CKQR52XC?tag=eloabder-20&linkCode=osi&th=1&psc=1">View Product</a></div><div class="product"><a href="https://www.amazon.com/dp/B09XXHBL3Y?tag=eloabder-20&linkCode=osi&th=1&psc=1"><img src="https://m.media-amazon.com/images/I/51taBeDdeIL._SL500_.jpg" alt="Product Image"></a><p>Fantastory Glow in the Dark Acrylic Paint, 10 Extra Bright Colors, 30ml/1oz Waterproof Glow in Dark Paint,Indoor Outdoor Blacklight Paint for Kids,Adults, Rocks,Walls,Halloween,Craft &Fabric</p><p>$9.99 ($1.00 / Fl Oz)</p><a href="https://www.amazon.com/dp/B09XXHBL3Y?tag=eloabder-20&linkCode=osi&th=1&psc=1">View Product</a></div><div class="product"><a href="https://www.amazon.com/dp/B0BS3JM8ZR?tag=eloabder-20&linkCode=osi&th=1&psc=1"><img src="https://m.media-amazon.com/images/I/51S8FteGgPL._SL500_.jpg" alt="Product Image"></a><p>Acrylic Paint, Shuttle Art 24 Colors Acrylic Paint Bottle Set, 250ml/8.45oz Each, Rich Pigments, High Viscosity, Bulk Paint for Artists, Beginners and Kids Painting on Rocks Crafts Canvas Wood Ceramic</p><p>$49.99 ($0.25 / Fl Oz)</p><a href="https://www.amazon.com/dp/B0BS3JM8ZR?tag=eloabder-20&linkCode=osi&th=1&psc=1">View Product</a></div><div class="product"><a href="https://www.amazon.com/dp/B00CIW3EDI?tag=eloabder-20&linkCode=osi&th=1&psc=1"><img src="https://m.media-amazon.com/images/I/41PMnxyBo5L._SL500_.jpg" alt="Product Image"></a><p>FolkArt Multi-Surface Acrylic Paint in Assorted Colors (2 oz), 2896, Bright Pink</p><p>$1.47 ($0.74 / Fl Oz)</p><a href="https://www.amazon.com/dp/B00CIW3EDI?tag=eloabder-20&linkCode=osi&th=1&psc=1">View Product</a></div><div class="product"><a href="https://www.amazon.com/dp/B085ZB5ZK9?tag=eloabder-20&linkCode=osi&th=1&psc=1"><img src="https://m.media-amazon.com/images/I/51nmRq1eicL._SL500_.jpg" alt="Product Image"></a><p>FolkArt 4 Bottle Multi-Surface Acrylic Paint Set, 2oz, Neon Blacklight Colors</p><p>$8.12 ($1.02 / Fl Oz)</p><a href="https://www.amazon.com/dp/B085ZB5ZK9?tag=eloabder-20&linkCode=osi&th=1&psc=1">View Product</a></div><div class="product"><a href="https://www.amazon.com/dp/B08N585VN5?tag=eloabder-20&linkCode=osi&th=1&psc=1"><img src="https://m.media-amazon.com/images/I/51nwFBdxwVL._SL500_.jpg" alt="Product Image"></a><p>Acrylic Paint Set Value Pack of 12 Colors | Craft Painting Kit with 2 oz Squeeze Bottles for Beginners, Artists, Professionals | Non-Toxic Water Based Paints for Canvas, Paper, Wood | Bright Hues</p><p>$11.99 ($0.50 / Fl Oz)</p><a href="https://www.amazon.com/dp/B08N585VN5?tag=eloabder-20&linkCode=osi&th=1&psc=1">View Product</a></div>
<div class="product"><a href="https://www.amazon.com/dp/B0009RRT9Y?tag=eloabder-20&linkCode=osi&th=1&psc=1"><img src="https://m.media-amazon.com/images/I/51ZhyYPOB5L._SL500_.jpg" alt="Product Image"></a><p>General Pencil Company The Masters Brush Cleaner & Preserver 2.5 0z.</p><p>$12.00</p><a href="https://www.amazon.com/dp/B0009RRT9Y?tag=eloabder-20&linkCode=osi&th=1&psc=1">View Product</a></div><div class="product"><a href="https://www.amazon.com/dp/B00F38YVQS?tag=eloabder-20&linkCode=osi&th=1&psc=1"><img src="https://m.media-amazon.com/images/I/51yjmSTzzML._SL500_.jpg" alt="Product Image"></a><p>B & J Original Brush Cleaner - 2.5 Oz/12ct Display</p><p>$12.77</p><a href="https://www.amazon.com/dp/B00F38YVQS?tag=eloabder-20&linkCode=osi&th=1&psc=1">View Product</a></div><div class="product"><a href="https://www.amazon.com/dp/B004BN7QQ8?tag=eloabder-20&linkCode=osi&th=1&psc=1"><img src="https://m.media-amazon.com/images/I/31fEWB-h4VL._SL500_.jpg" alt="Product Image"></a><p>Winsor & Newton Brush Cleaner & Restorer, 16.0-oz Bottle</p><p>$21.87 ($1.37 / Fl Oz)</p><a href="https://www.amazon.com/dp/B004BN7QQ8?tag=eloabder-20&linkCode=osi&th=1&psc=1">View Product</a></div><div class="product"><a href="https://www.amazon.com/dp/B09NCHL2LM?tag=eloabder-20&linkCode=osi&th=1&psc=1"><img src="https://m.media-amazon.com/images/I/31UzwasdL6L._SL500_.jpg" alt="Product Image"></a><p>U.S. Art Supply Brush Cleaner and Restorer, 4 Ounce Bottle - Quickly Cleans Paint Brushes, Airbrushes, Art Tools - Cleaning Solution to Remove Dried On Acrylic, Oil and Water-Based Paint Colors</p><p>$8.99 ($2.25 / Fl Oz)</p><a href="https://www.amazon.com/dp/B09NCHL2LM?tag=eloabder-20&linkCode=osi&th=1&psc=1">View Product</a></div><div class="product"><a href="https://www.amazon.com/dp/B09J8L55SK?tag=eloabder-20&linkCode=osi&th=1&psc=1"><img src="https://m.media-amazon.com/images/I/41qgWS2nSsL._SL500_.jpg" alt="Product Image"></a><p>Green Piece® Paint Brush Cleaner and Restorer for Art Paint Brushes - 100% Natural - Non-Toxic - Wet or Dry Paint - No Chemicals - Oil or Acrylic Paints, Wood and Metal - Amazing Power - 18 Oz</p><p>$19.88</p><a href="https://www.amazon.com/dp/B09J8L55SK?tag=eloabder-20&linkCode=osi&th=1&psc=1">View Product</a></div><div class="product"><a href="https://www.amazon.com/dp/B0027A79I2?tag=eloabder-20&linkCode=osi&th=1&psc=1"><img src="https://m.media-amazon.com/images/I/31J6S+mCjuL._SL500_.jpg" alt="Product Image"></a><p>Pink Soap 12-Ounce Paint Brush Cleaner and Conditioner, Solution Cleans and Restores, Removes Dried Paint on Airbrushes and Other Artist Tools & Supplies</p><p>$15.49 ($1.29 / Fl Oz)</p><a href="https://www.amazon.com/dp/B0027A79I2?tag=eloabder-20&linkCode=osi&th=1&psc=1">View Product</a></div><div class="product"><a href="https://www.amazon.com/dp/B0027AEANE?tag=eloabder-20&linkCode=osi&th=1&psc=1"><img src="https://m.media-amazon.com/images/I/51bHOLU1pVL._SL500_.jpg" alt="Product Image"></a><p>General Pencil General 105-BP Pencil Masters Brush Cleaner & Preserver, 1 Pack, Clear</p><p>$9.99 ($4.00 / Ounce)</p><a href="https://www.amazon.com/dp/B0027AEANE?tag=eloabder-20&linkCode=osi&th=1&psc=1">View Product</a></div>

<div class="product"><a href="https://www.amazon.com/dp/B00N9UUWLA?tag=eloabder-20&linkCode=osi&th=1&psc=1"><img src="https://m.media-amazon.com/images/I/41be4n09wZL._SL500_.jpg" alt="Product Image"></a><p>Pentel Arts Portable Pocket Brush Pen (Medium Point), 1Pen & 2Refills</p><p>$7.00</p><a href="https://www.amazon.com/dp/B00N9UUWLA?tag=eloabder-20&linkCode=osi&th=1&psc=1">View Product</a></div><div class="product"><a href="https://www.amazon.com/dp/B07DQ4292Y?tag=eloabder-20&linkCode=osi&th=1&psc=1"><img src="https://m.media-amazon.com/images/I/41-kgHpaPvL._SL500_.jpg" alt="Product Image"></a><p>Tombow 62039 Fudenosuke Brush Pens, 3-Pack. Soft, Hard, and Twin Tip Markers for Calligraphy and Art Drawings</p><p>$7.59 ($2.53 / Count)</p><a href="https://www.amazon.com/dp/B07DQ4292Y?tag=eloabder-20&linkCode=osi&th=1&psc=1">View Product</a></div><div class="product"><a href="https://www.amazon.com/dp/B0995FNMKW?tag=eloabder-20&linkCode=osi&th=1&psc=1"><img src="https://m.media-amazon.com/images/I/51kpGsTNvlL._SL500_.jpg" alt="Product Image"></a><p>WRITECH Arts Sign Brush Pen Brush Tip Marker Felt Tip Water Based Ink Color Pens 12 Assorted Vintage Colors Great for Lettering Journaling Calligraphy (Vintage)</p><p>$13.99 ($1.17 / Count)</p><a href="https://www.amazon.com/dp/B0995FNMKW?tag=eloabder-20&linkCode=osi&th=1&psc=1">View Product</a></div><div class="product"><a href="https://www.amazon.com/dp/B07H89R749?tag=eloabder-20&linkCode=osi&th=1&psc=1"><img src="https://m.media-amazon.com/images/I/51nTGZ-eAsL._SL500_.jpg" alt="Product Image"></a><p>Tombow Fudenosuke Brush Pen - Hard - 10 Colors Set (WS-BH10C)</p><p>$11.73</p><a href="https://www.amazon.com/dp/B07H89R749?tag=eloabder-20&linkCode=osi&th=1&psc=1">View Product</a></div><div class="product"><a href="https://www.amazon.com/dp/B002PIFTRE?tag=eloabder-20&linkCode=osi&th=1&psc=1"><img src="https://m.media-amazon.com/images/I/41IVnNPD1hL._SL500_.jpg" alt="Product Image"></a><p>Pentel Color Brush Pen, Black (GFLBP101)</p><p>$7.89</p><a href="https://www.amazon.com/dp/B002PIFTRE?tag=eloabder-20&linkCode=osi&th=1&psc=1">View Product</a></div>
<div class="product"><a href="https://www.amazon.com/dp/B0CLLSY2BT?tag=eloabder-20&linkCode=osi&th=1&psc=1"><img src="https://m.media-amazon.com/images/I/51sQM3lrN9L._SL500_.jpg" alt="Product Image"></a><p>CUGEBANNA Paint Brush Washer,Airtight Stainless Steel Brush Cleaner for Oil Painting Acrylic,Brush Washer with Cleaning Beads and Wringer</p><p>$22.99</p><a href="https://www.amazon.com/dp/B0CLLSY2BT?tag=eloabder-20&linkCode=osi&th=1&psc=1">View Product</a></div><div class="product"><a href="https://www.amazon.com/dp/B013PB35N4?tag=eloabder-20&linkCode=osi&th=1&psc=1"><img src="https://m.media-amazon.com/images/I/419miJHrhtL._SL500_.jpg" alt="Product Image"></a><p>US Art Supply Deluxe Brush Cleaner-Brush Washer with Wash Tank</p><p>$18.99</p><a href="https://www.amazon.com/dp/B013PB35N4?tag=eloabder-20&linkCode=osi&th=1&psc=1">View Product</a></div>

<div class="product"><a href="https://www.amazon.com/dp/B0D3HPD7WP?tag=eloabder-20&linkCode=osi&th=1&psc=1"><img src="https://m.media-amazon.com/images/I/31KSmmAWUWL._SL500_.jpg" alt="Product Image"></a><p>50 Sheets Grey Cardstock Paper, Colored Printer Paper 8.5 x 11, Thick Construction Paper for Cards Making, Scrapbook，Office Printing, Invitations, Certificates，DIY Crafting 92 lb/250gsm</p><p>$9.99</p><a href="https://www.amazon.com/dp/B0D3HPD7WP?tag=eloabder-20&linkCode=osi&th=1&psc=1">View Product</a></div>
<div class="product"><a href="https://www.amazon.com/dp/B076CP6F36?tag=eloabder-20&linkCode=osi&th=1&psc=1"><img src="https://m.media-amazon.com/images/I/51rfEIvgI+L._SL500_.jpg" alt="Product Image"></a><p>Apple Barrel, Vibrant Spectrum Collection Acrylic Craft Paint, PROMOABIII, 2 fl oz each, 16 assorted matte colors, 16 count</p><p>$15.97 ($0.50 / Fl Oz)</p><a href="https://www.amazon.com/dp/B076CP6F36?tag=eloabder-20&linkCode=osi&th=1&psc=1">View Product</a></div><div class="product"><a href="https://www.amazon.com/dp/B0BKFLSYQF?tag=eloabder-20&linkCode=osi&th=1&psc=1"><img src="https://m.media-amazon.com/images/I/51a0PmPRknL._SL500_.jpg" alt="Product Image"></a><p>72 Pack Acrylic Paint Set, Shuttle Art 60 Colors Acrylic Paint Including Extra White Black & 12 Brushes, 2oz/60ml, Rich Pigmented, Water Proof, Ideal for Artists, Beginners on Canvas Rock Wood Ceramic</p><p>$45.99 ($23.00 / Fl Oz)</p><a href="https://www.amazon.com/dp/B0BKFLSYQF?tag=eloabder-20&linkCode=osi&th=1&psc=1">View Product</a></div><div class="product"><a href="https://www.amazon.com/dp/B08CB3JH79?tag=eloabder-20&linkCode=osi&th=1&psc=1"><img src="https://m.media-amazon.com/images/I/51OUZsFdnTL._SL500_.jpg" alt="Product Image"></a><p>Acrylic Paint Set of 36 Colors 2fl oz 60ml Bottles,Non Toxic 36 Colors Acrylic Paint No Fading Rich Pigment for Kids Adults Artists Canvas Crafts Wood Painting</p><p>$32.99 ($0.46 / Fl Oz)</p><a href="https://www.amazon.com/dp/B08CB3JH79?tag=eloabder-20&linkCode=osi&th=1&psc=1">View Product</a></div><div class="product"><a href="https://www.amazon.com/dp/B0018NBVKQ?tag=eloabder-20&linkCode=osi&th=1&psc=1"><img src="https://m.media-amazon.com/images/I/31YlSvZMTCL._SL500_.jpg" alt="Product Image"></a><p>Apple Barrel Acrylic Paint in Assorted Colors (8 Ounce), 20403 White</p><p>$2.67 ($0.33 / Fl Oz)</p><a href="https://www.amazon.com/dp/B0018NBVKQ?tag=eloabder-20&linkCode=osi&th=1&psc=1">View Product</a></div><div class="product"><a href="https://www.amazon.com/dp/B077WSBLZ1?tag=eloabder-20&linkCode=osi&th=1&psc=1"><img src="https://m.media-amazon.com/images/I/51KPkXpLn1L._SL500_.jpg" alt="Product Image"></a><p>Shuttle Art Acrylic Paint Set, 30 x12ml Tubes Artist Quality Non Toxic Rich Pigments Colors Great for Kids Adults Professional Painting on Rocks Canvas Wood Clay Fabric Ceramic Crafts</p><p>$12.99 ($1.08 / Fl Oz)</p><a href="https://www.amazon.com/dp/B077WSBLZ1?tag=eloabder-20&linkCode=osi&th=1&psc=1">View Product</a></div><div class="product"><a href="https://www.amazon.com/dp/B00889Z5Y6?tag=eloabder-20&linkCode=osi&th=1&psc=1"><img src="https://m.media-amazon.com/images/I/41MQjsyDbSL._SL500_.jpg" alt="Product Image"></a><p>Apple Barrel Acrylic Paint in Assorted Colors (2 oz), 20764, Apricot</p><p>$0.58 ($0.29 / Fl Oz)</p><a href="https://www.amazon.com/dp/B00889Z5Y6?tag=eloabder-20&linkCode=osi&th=1&psc=1">View Product</a></div><div class="product"><a href="https://www.amazon.com/dp/B09TWQD5ZL?tag=eloabder-20&linkCode=osi&th=1&psc=1"><img src="https://m.media-amazon.com/images/I/41B0L003QXL._SL500_.jpg" alt="Product Image"></a><p>Artkey Acrylic Paint Set - 24 colors 2 oz/59 ml Acrylic Paints Professional Artists Painting Kit for Canvases Fabric Rock Leather Easter Egg Wood Ceramic Glass Art Craft Painting</p><p>$19.99 ($0.42 / Fl Oz)</p><a href="https://www.amazon.com/dp/B09TWQD5ZL?tag=eloabder-20&linkCode=osi&th=1&psc=1">View Product</a></div><div class="product"><a href="https://www.amazon.com/dp/B07Z93LQDB?tag=eloabder-20&linkCode=osi&th=1&psc=1"><img src="https://m.media-amazon.com/images/I/51veoN6zK0L._SL500_.jpg" alt="Product Image"></a><p>Shuttle Art Acrylic Paint Set, 36 Colors Acrylic Paint with Brushes & Palette, 2oz Bottles, Rich Pigments Non-toxic Paint for Artists Kids & Adults, Art Supplies for Canvas Rock Ceramic Wood Painting</p><p>$27.99</p><a href="https://www.amazon.com/dp/B07Z93LQDB?tag=eloabder-20&linkCode=osi&th=1&psc=1">View Product</a></div><div class="product"><a href="https://www.amazon.com/dp/B002665SYY?tag=eloabder-20&linkCode=osi&th=1&psc=1"><img src="https://m.media-amazon.com/images/I/31sJJeWK6OS._SL500_.jpg" alt="Product Image"></a><p>Liquitex BASICS Acrylic Paint, 250ml (8.5-oz) Tube, Titanium White</p><p>$9.99 ($1.18 / Fl Oz)</p><a href="https://www.amazon.com/dp/B002665SYY?tag=eloabder-20&linkCode=osi&th=1&psc=1">View Product</a></div>
<div class="product"><a href="https://www.amazon.com/dp/B0CC98XLGL?tag=eloabder-20&linkCode=osi&th=1&psc=1"><img src="https://m.media-amazon.com/images/I/51ZLw+nThiL._SL500_.jpg" alt="Product Image"></a><p>HUIRUSO 4 Pack Double Sided Tape Roller, Scrapbook Supplies, Glue Tape Roller for Crafts, Double-Sided Adhesive Tape Runner for Scrapbooking, School Office Journaling Supplies (0.31 in X 26.25 ft)</p><p>$6.99 ($1.75 / Count)</p><a href="https://www.amazon.com/dp/B0CC98XLGL?tag=eloabder-20&linkCode=osi&th=1&psc=1">View Product</a></div><div class="product"><a href="https://www.amazon.com/dp/B007XAAE6K?tag=eloabder-20&linkCode=osi&th=1&psc=1"><img src="https://m.media-amazon.com/images/I/414qxYVR0wL._SL500_.jpg" alt="Product Image"></a><p>Scotch Double Sided Tape Runner, 1-Pack, 0.27 in x 26 ft., Perfect for Holiday Crafts, Gifts, and More</p><p>$4.47</p><a href="https://www.amazon.com/dp/B007XAAE6K?tag=eloabder-20&linkCode=osi&th=1&psc=1">View Product</a></div><div class="product"><a href="https://www.amazon.com/dp/B0BZVGPFSK?tag=eloabder-20&linkCode=osi&th=1&psc=1"><img src="https://m.media-amazon.com/images/I/51-ue9+7JkL._SL500_.jpg" alt="Product Image"></a><p>Birllaid Double Sided Tape for Walls, Picture Hanging Strips Removable Mounting Dots Adhesive Heavy Duty, Removable for Art Craft, Decoration, Party Supplies, Multipurpose</p><p>$11.99</p><a href="https://www.amazon.com/dp/B0BZVGPFSK?tag=eloabder-20&linkCode=osi&th=1&psc=1">View Product</a></div><div class="product"><a href="https://www.amazon.com/dp/B0CGVN9SL1?tag=eloabder-20&linkCode=osi&th=1&psc=1"><img src="https://m.media-amazon.com/images/I/41Hy+i4CnoL._SL500_.jpg" alt="Product Image"></a><p>30Ft x 1 Inch Hook and Loop Strips with Adhesive,Double Rolls of Heavy Duty Self Adhesive Tape with Backing, Nylon Self Adhesive Tape for Home Office School and Crafting,White</p><p>$9.99</p><a href="https://www.amazon.com/dp/B0CGVN9SL1?tag=eloabder-20&linkCode=osi&th=1&psc=1">View Product</a></div><div class="product"><a href="https://www.amazon.com/dp/B07Y3VDPLF?tag=eloabder-20&linkCode=osi&th=1&psc=1"><img src="https://m.media-amazon.com/images/I/41cyKQ2OMuL._SL500_.jpg" alt="Product Image"></a><p>Melsan 1x4 inch Hook and Loop Strips with Adhesive - 15 Sets, Strong Back Adhesive Fasten Mounting Tape for Home or Office Use - Instead of Holes and Screws, Black</p><p>$7.82</p><a href="https://www.amazon.com/dp/B07Y3VDPLF?tag=eloabder-20&linkCode=osi&th=1&psc=1">View Product</a></div><div class="product"><a href="https://www.amazon.com/dp/B07V57VJT5?tag=eloabder-20&linkCode=osi&th=1&psc=1"><img src="https://m.media-amazon.com/images/I/514JO3bvl3L._SL500_.jpg" alt="Product Image"></a><p>XFasten Adhesive Roller for Scrapbooking, 8mm x 30ft 4-Pack Double Sided Glue Tape Roller, Scrapbook Supplies for Adults, Photo Tape for Scrapbooking</p><p>$9.99 ($2.50 / Count)</p><a href="https://www.amazon.com/dp/B07V57VJT5?tag=eloabder-20&linkCode=osi&th=1&psc=1">View Product</a></div><div class="product"><a href="https://www.amazon.com/dp/B07JLTGQHX?tag=eloabder-20&linkCode=osi&th=1&psc=1"><img src="https://m.media-amazon.com/images/I/51Eqfo7kUZL._SL500_.jpg" alt="Product Image"></a><p>UPINS 120 Pack Double Sided Foam Tape Square Self-Adhesive Foam Tape Black Strong Tape Pads for DIY Art Crafts Supplies</p><p>$9.99 ($0.08 / Count)</p><a href="https://www.amazon.com/dp/B07JLTGQHX?tag=eloabder-20&linkCode=osi&th=1&psc=1">View Product</a></div><div class="product"><a href="https://www.amazon.com/dp/B005FM6XF4?tag=eloabder-20&linkCode=osi&th=1&psc=1"><img src="https://m.media-amazon.com/images/I/51-vp1WJ89L._SL500_.jpg" alt="Product Image"></a><p>AdTech 5603 Permanent Crafter's Tape, 0.31" x 315", Pack of 4</p><p>$7.84 ($0.07 / Foot)</p><a href="https://www.amazon.com/dp/B005FM6XF4?tag=eloabder-20&linkCode=osi&th=1&psc=1">View Product</a></div><div class="product"><a href="https://www.amazon.com/dp/B0CJF1FLFJ?tag=eloabder-20&linkCode=osi&th=1&psc=1"><img src="https://m.media-amazon.com/images/I/51dig1RqzdL._SL500_.jpg" alt="Product Image"></a><p>UPINS 150Pack Double Sided Foam Tape Strong Sticky Double Sided Foam Pads for Crafts Self-Adhesive Mounting Foam Tape Heavy Duty for Home Wall Decor 40 * 40 * 2mm</p><p>$8.99 ($0.06 / Count)</p><a href="https://www.amazon.com/dp/B0CJF1FLFJ?tag=eloabder-20&linkCode=osi&th=1&psc=1">View Product</a></div><div class="product"><a href="https://www.amazon.com/dp/B0D4YWRGCL?tag=eloabder-20&linkCode=osi&th=1&psc=1"><img src="https://m.media-amazon.com/images/I/41EqJ553-KL._SL500_.jpg" alt="Product Image"></a><p>Amanbo Glue Tape for Scrapbooking, 6 Pack Scrapbook Tape, Double Sided Tape Roller for Crafts, Total 120 Ft x 0.24 in Tape Runner, Craft Supplies for Scrapbooking, Gift Wrapping and Photo Tape</p><p>$6.99</p><a href="https://www.amazon.com/dp/B0D4YWRGCL?tag=eloabder-20&linkCode=osi&th=1&psc=1">View Product</a></div>
<div class="product"><a href="https://www.amazon.com/dp/B0CC5HPPTN?tag=eloabder-20&linkCode=osi&th=1&psc=1"><img src="https://m.media-amazon.com/images/I/519M81S201L._SL500_.jpg" alt="Product Image"></a><p>Airbrush Paint - 30 Colors with 3 Thinner, Ready to Spray Airbrush Paint Set, Water-Based Acrylic Air brush Paints for Metal, Plastic Models, Canvas, Wood, 20ml/Bottle</p><p>$32.99 ($1.48 / Fl Oz)</p><a href="https://www.amazon.com/dp/B0CC5HPPTN?tag=eloabder-20&linkCode=osi&th=1&psc=1">View Product</a></div>
<div class="product"><a href="https://www.amazon.com/dp/B0CXPSGK36?tag=eloabder-20&linkCode=osi&th=1&psc=1"><img src="https://m.media-amazon.com/images/I/51dd2dYOtrL._SL500_.jpg" alt="Product Image"></a><p>Letter Stickers 30 Sheets 1500 PCS Large Alphabet Sticker 2 Inch Vinyl Self Adhesive Stick on Stickers for Water Bottles Cup Mailbox Number Address Craft Scrapbooking Bulletin Board Decor Multicolor</p><p>$9.99</p><a href="https://www.amazon.com/dp/B0CXPSGK36?tag=eloabder-20&linkCode=osi&th=1&psc=1">View Product</a></div><div class="product"><a href="https://www.amazon.com/dp/B07NNYFMGY?tag=eloabder-20&linkCode=osi&th=1&psc=1"><img src="https://m.media-amazon.com/images/I/51yDnU+gEXL._SL500_.jpg" alt="Product Image"></a><p>20 Sheets Alphabet Letter Stickers 10 Colors Self Adhesive Sticker Colorful PU Material Convex Feeling (Colored Letter Stickers 1)</p><p>$6.99 ($0.35 / Count)</p><a href="https://www.amazon.com/dp/B07NNYFMGY?tag=eloabder-20&linkCode=osi&th=1&psc=1">View Product</a></div>

<div class="product"><a href="https://www.amazon.com/dp/B01DDN8854?tag=eloabder-20&linkCode=osi&th=1&psc=1"><img src="https://m.media-amazon.com/images/I/61dPubDZBSL._SL500_.jpg" alt="Product Image"></a><p>Hugs 'n Kisses HNKHABY13 Applique Paper (20 Pack)</p><p>$19.72 ($0.99 / Count)</p><a href="https://www.amazon.com/dp/B01DDN8854?tag=eloabder-20&linkCode=osi&th=1&psc=1">View Product</a></div>
<div class="product"><a href="https://www.amazon.com/dp/B09KPNFJW1?tag=eloabder-20&linkCode=osi&th=1&psc=1"><img src="https://m.media-amazon.com/images/I/41abn5fELmL._SL500_.jpg" alt="Product Image"></a><p>UniPleased Disposable Aprons (50 Count), Plastic apron for Painting Party, Cooking, Housework, Picnic etc.</p><p>$5.69</p><a href="https://www.amazon.com/dp/B09KPNFJW1?tag=eloabder-20&linkCode=osi&th=1&psc=1">View Product</a></div>
<div class="product"><a href="https://www.amazon.com/dp/B087M21MM2?tag=eloabder-20&linkCode=osi&th=1&psc=1"><img src="https://m.media-amazon.com/images/I/41Xf-jehhLL._SL500_.jpg" alt="Product Image"></a><p>GOTIDEAL Stretched Canvas, Multi Pack 4x4, 5x7, 8x10,9x12, 11x14 Set of 10, Primed White - 100% Cotton Artist Canvas Boards for Painting, Acrylic Pouring, Oil Paint Dry & Wet Art Media</p><p>$24.99</p><a href="https://www.amazon.com/dp/B087M21MM2?tag=eloabder-20&linkCode=osi&th=1&psc=1">View Product</a></div><div class="product"><a href="https://www.amazon.com/dp/B00OQJYISG?tag=eloabder-20&linkCode=osi&th=1&psc=1"><img src="https://m.media-amazon.com/images/I/31fEDLPkkcL._SL500_.jpg" alt="Product Image"></a><p>6 Count 12” x 16” Super Value Canvas by Artist's Loft Necessities - Acid Free Cotton Canvas for Paint, Acrylic, & Oils - 1 Pack</p><p>$19.99</p><a href="https://www.amazon.com/dp/B00OQJYISG?tag=eloabder-20&linkCode=osi&th=1&psc=1">View Product</a></div><div class="product"><a href="https://www.amazon.com/dp/B09CDKB9HY?tag=eloabder-20&linkCode=osi&th=1&psc=1"><img src="https://m.media-amazon.com/images/I/51+p5xnClGL._SL500_.jpg" alt="Product Image"></a><p>DPDIAN Canvas Boards for Painting 40 Pack, 8 inch x 10 inch Super Value Pack, Artist Canvas Panels for Oil & Acrylic Painting</p><p>$29.99</p><a href="https://www.amazon.com/dp/B09CDKB9HY?tag=eloabder-20&linkCode=osi&th=1&psc=1">View Product</a></div><div class="product"><a href="https://www.amazon.com/dp/B0CFBGP29G?tag=eloabder-20&linkCode=osi&th=1&psc=1"><img src="https://m.media-amazon.com/images/I/3147Az5plbL._SL500_.jpg" alt="Product Image"></a><p>ArtSkills Stretched Canvases for Painting, 12x16 Canvas Painting Supplies for Artists, Blank Canvas Pack, 2-Pack</p><p>$16.99</p><a href="https://www.amazon.com/dp/B0CFBGP29G?tag=eloabder-20&linkCode=osi&th=1&psc=1">View Product</a></div><div class="product"><a href="https://www.amazon.com/dp/B07BNGQ1SS?tag=eloabder-20&linkCode=osi&th=1&psc=1"><img src="https://m.media-amazon.com/images/I/410ZVtygUwS._SL500_.jpg" alt="Product Image"></a><p>PHOENIX Stretched Canvas for Painting 8x10 Inch/10 Value Pack, 8 Oz Triple Primed 5/8 Inch Profile 100% Cotton White Blank Canvas, Artist Framed Canvas for Oil Acrylic & Pouring Art</p><p>$22.99</p><a href="https://www.amazon.com/dp/B07BNGQ1SS?tag=eloabder-20&linkCode=osi&th=1&psc=1">View Product</a></div><div class="product"><a href="https://www.amazon.com/dp/B0922JP1H4?tag=eloabder-20&linkCode=osi&th=1&psc=1"><img src="https://m.media-amazon.com/images/I/41BmiEND1KL._SL500_.jpg" alt="Product Image"></a><p>GOTIDEAL Canvases for Painting, 18 Pack Canvas Boards Multipack 4x4, 5x7, 8x10, 9x12,11x14,Primed White Blank Artist Canvas Variety Pack for Acrylic Paint, Oil Paint, Watercolor, Gouache</p><p>$19.99</p><a href="https://www.amazon.com/dp/B0922JP1H4?tag=eloabder-20&linkCode=osi&th=1&psc=1">View Product</a></div>


<div class="product"><a href="https://www.amazon.com/dp/B0872VFHBH?tag=eloabder-20&linkCode=osi&th=1&psc=1"><img src="https://m.media-amazon.com/images/I/51k3bekQheS._SL500_.jpg" alt="Product Image"></a><p>Bachmore Drawing Pad 9X12 Inch (110lb/180g), 60 Sheets, Top Spiral Bound Multi-Media for Artist Pro & Amateurs | Acrylic Art, Ink, Paint, Oil Pastels,Watercolor Mixed Media Sketch</p><p>$11.99</p><a href="https://www.amazon.com/dp/B0872VFHBH?tag=eloabder-20&linkCode=osi&th=1&psc=1">View Product</a></div><div class="product"><a href="https://www.amazon.com/dp/B0027A75A4?tag=eloabder-20&linkCode=osi&th=1&psc=1"><img src="https://m.media-amazon.com/images/I/51dyOxxcgYL._SL500_.jpg" alt="Product Image"></a><p>Strathmore 200 Series Sketch Pad, 9x12 inch, 100 Sheets, Tape Bound - Artist Sketchbook for Drawing, Illustration, Art Class Students</p><p>$6.99 ($0.07 / Count)</p><a href="https://www.amazon.com/dp/B0027A75A4?tag=eloabder-20&linkCode=osi&th=1&psc=1">View Product</a></div><div class="product"><a href="https://www.amazon.com/dp/B0BV13YQKX?tag=eloabder-20&linkCode=osi&th=1&psc=1"><img src="https://m.media-amazon.com/images/I/41VYfMpvXUL._SL500_.jpg" alt="Product Image"></a><p>Canson Graduate Watercolor Pad, Foldover, 9x12 inch, 20 Sheets | Artist Paper for Adults and Students - Painting, Gouache, Mixed Media and Ink</p><p>$4.97 ($0.41 / Count)</p><a href="https://www.amazon.com/dp/B0BV13YQKX?tag=eloabder-20&linkCode=osi&th=1&psc=1">View Product</a></div><div class="product"><a href="https://www.amazon.com/dp/B0024KMQ6K?tag=eloabder-20&linkCode=osi&th=1&psc=1"><img src="https://m.media-amazon.com/images/I/51sYdvPPUCL._SL500_.jpg" alt="Product Image"></a><p>Strathmore 400 Series Pastel Pad, Assorted Colors, 9"x12" Glue Bound, 24 Sheets</p><p>$9.11</p><a href="https://www.amazon.com/dp/B0024KMQ6K?tag=eloabder-20&linkCode=osi&th=1&psc=1">View Product</a></div><div class="product"><a href="https://www.amazon.com/dp/B00246O6PI?tag=eloabder-20&linkCode=osi&th=1&psc=1"><img src="https://m.media-amazon.com/images/I/517TUmckOIL._SL500_.jpg" alt="Product Image"></a><p>Strathmore 300 Series Drawing Paper Pad, Top Wire Bound, 11x14 inches, 50 Sheets (70lb/114g) - Artist Paper for Adults and Students - Charcoal, Colored Pencil, Ink, Pastel, Marker</p><p>$13.33</p><a href="https://www.amazon.com/dp/B00246O6PI?tag=eloabder-20&linkCode=osi&th=1&psc=1">View Product</a></div>
<div class="product"><a href="https://www.amazon.com/dp/B08ZMH7LJY?tag=eloabder-20&linkCode=osi&th=1&psc=1"><img src="https://m.media-amazon.com/images/I/51mJIsLJA-S._SL500_.jpg" alt="Product Image"></a><p>PANDAFLY Professional Drawing Sketching Pencil Set - 12 Pieces Graphite Pencils(14B - 2H), Ideal for Drawing Art, Sketching, Shading, Artist Pencils for Beginners & Pro Artists</p><p>$5.11</p><a href="https://www.amazon.com/dp/B08ZMH7LJY?tag=eloabder-20&linkCode=osi&th=1&psc=1">View Product</a></div><div class="product"><a href="https://www.amazon.com/dp/B088K1G5NL?tag=eloabder-20&linkCode=osi&th=1&psc=1"><img src="https://m.media-amazon.com/images/I/51F2bOMZWnL._SL500_.jpg" alt="Product Image"></a><p>MARKART Professional Drawing Sketching Pencil Set - 14 Pieces,Graphite,(12B - 4H), Ideal for Drawing Art, Sketching, Shading, Artist Pencils for Beginners & Pro Artists</p><p>$5.24</p><a href="https://www.amazon.com/dp/B088K1G5NL?tag=eloabder-20&linkCode=osi&th=1&psc=1">View Product</a></div><div class="product"><a href="https://www.amazon.com/dp/B08FHMRW4L?tag=eloabder-20&linkCode=osi&th=1&psc=1"><img src="https://m.media-amazon.com/images/I/51Pmn5gjyzL._SL500_.jpg" alt="Product Image"></a><p>Mr. Pen- Sketch Pencils for Drawing, 14 Pack, Drawing Pencils, Art Pencils, Graphite Pencils, Graphite Pencils for Drawing, Art Pencils for Drawing and Shading</p><p>$5.95</p><a href="https://www.amazon.com/dp/B08FHMRW4L?tag=eloabder-20&linkCode=osi&th=1&psc=1">View Product</a></div><div class="product"><a href="https://www.amazon.com/dp/B0BNQ58DC4?tag=eloabder-20&linkCode=osi&th=1&psc=1"><img src="https://m.media-amazon.com/images/I/51e-gQtCcCL._SL500_.jpg" alt="Product Image"></a><p>MARTCOLOR Drawing Sketching Pencils Set, 12 Pack Graphite Pencils(14B - 2H), Ideal for Drawing Art, Sketching, Shading, Artist Pencils for Beginners & Pro Artists</p><p>$5.99</p><a href="https://www.amazon.com/dp/B0BNQ58DC4?tag=eloabder-20&linkCode=osi&th=1&psc=1">View Product</a></div>

<div class="product"><a href="https://www.amazon.com/dp/B0851M3749?tag=eloabder-20&linkCode=osi&th=1&psc=1"><img src="https://m.media-amazon.com/images/I/41KKSGSDl5L._SL500_.jpg" alt="Product Image"></a><p>N NOROCME 12 PCS Blending Stumps and Tortillions Paper Art Blenders with Sandpaper Pencil Sharpener Pointer for Student Artist Charcoal Sketch Drawing Tools</p><p>$4.99</p><a href="https://www.amazon.com/dp/B0851M3749?tag=eloabder-20&linkCode=osi&th=1&psc=1">View Product</a></div><div class="product"><a href="https://www.amazon.com/dp/B09J3HKN8F?tag=eloabder-20&linkCode=osi&th=1&psc=1"><img src="https://m.media-amazon.com/images/I/51Qvx81eQLL._SL500_.jpg" alt="Product Image"></a><p>Eraser Pencils Set for Artists, Wooden Sketch Eraser Pen for Charcoal Drawings, Professional Highlight Painting Eraser for Sketching, Revise Erasing Details for Students Limner</p><p>$6.99</p><a href="https://www.amazon.com/dp/B09J3HKN8F?tag=eloabder-20&linkCode=osi&th=1&psc=1">View Product</a></div>
<div class="product"><a href="https://www.amazon.com/dp/B09WCQ89T8?tag=eloabder-20&linkCode=osi&th=1&psc=1"><img src="https://m.media-amazon.com/images/I/41gZz0qgBFL._SL500_.jpg" alt="Product Image"></a><p>Bernat BABY BLANKET BB Blue Dreams Yarn - 1 Pack of 10.5oz/300g - Polyester - #6 Super Bulky - 220 Yards - Knitting/Crochet</p><p>$6.97</p><a href="https://www.amazon.com/dp/B09WCQ89T8?tag=eloabder-20&linkCode=osi&th=1&psc=1">View Product</a></div><div class="product"><a href="https://www.amazon.com/dp/B07V5JVNFD?tag=eloabder-20&linkCode=osi&th=1&psc=1"><img src="https://m.media-amazon.com/images/I/41IS+HdtiOL._SL500_.jpg" alt="Product Image"></a><p>Lion Brand Yarn Basic Stitch Anti-Pilling Knitting Yarn, Yarn for Crocheting, 1-Pack, Baby Blue</p><p>$8.40 ($0.02 / Foot)</p><a href="https://www.amazon.com/dp/B07V5JVNFD?tag=eloabder-20&linkCode=osi&th=1&psc=1">View Product</a></div><div class="product"><a href="https://www.amazon.com/dp/B01M0AJID2?tag=eloabder-20&linkCode=osi&th=1&psc=1"><img src="https://m.media-amazon.com/images/I/41yVau0AUpL._SL500_.jpg" alt="Product Image"></a><p>Lion Brand Yarn (1 Skein) Lion Brand Yarn Babysoft Baby Yarn Yarn, Little Boy Blue Multicolor</p><p>$7.19 ($0.01 / Foot)</p><a href="https://www.amazon.com/dp/B01M0AJID2?tag=eloabder-20&linkCode=osi&th=1&psc=1">View Product</a></div><div class="product"><a href="https://www.amazon.com/dp/B09W1KHF42?tag=eloabder-20&linkCode=osi&th=1&psc=1"><img src="https://m.media-amazon.com/images/I/41maDlrio5L._SL500_.jpg" alt="Product Image"></a><p>Red Heart Super Saver Light Blue Yarn - 3 Pack of 198g/7oz - Acrylic - 4 Medium (Worsted) - 364 Yards - Knitting/Crochet</p><p>$13.29 ($4.43 / Count)</p><a href="https://www.amazon.com/dp/B09W1KHF42?tag=eloabder-20&linkCode=osi&th=1&psc=1">View Product</a></div><div class="product"><a href="https://www.amazon.com/dp/B08LKVZ3CX?tag=eloabder-20&linkCode=osi&th=1&psc=1"><img src="https://m.media-amazon.com/images/I/41GLizNx8UL._SL500_.jpg" alt="Product Image"></a><p>Bernat Baby Blanket Baby Blue Yarn - 3 Pack of 100g/3.5oz - Polyester - 6 Super Bulky - 72 Yards - Knitting/Crochet</p><p>$21.81</p><a href="https://www.amazon.com/dp/B08LKVZ3CX?tag=eloabder-20&linkCode=osi&th=1&psc=1">View Product</a></div><div class="product"><a href="https://www.amazon.com/dp/B0CHJ95WHJ?tag=eloabder-20&linkCode=osi&th=1&psc=1"><img src="https://m.media-amazon.com/images/I/314E1EQdihL._SL500_.jpg" alt="Product Image"></a><p>NORCIA Soft Velvet Yarn Chenille Yarn for Crocheting Baby Blanket Yarn for Knitting Amigurumi Yarn Fancy Yarn for Crochet Weaving Craft (Baby Blue, 1 Skein)</p><p>$9.99</p><a href="https://www.amazon.com/dp/B0CHJ95WHJ?tag=eloabder-20&linkCode=osi&th=1&psc=1">View Product</a></div>
<div class="product"><a href="https://www.amazon.com/dp/B0779F2TXJ?tag=eloabder-20&linkCode=osi&th=1&psc=1"><img src="https://m.media-amazon.com/images/I/31kqZr8DJzL._SL500_.jpg" alt="Product Image"></a><p>OPENDGO Feather Ballpoint Pen ，Black Ink Vintage Feather Quill Refined Plated Rod Quill Ballpoint Pen For School Writing ▏Wedding Gift Signature Pen (Black)</p><p>$6.97</p><a href="https://www.amazon.com/dp/B0779F2TXJ?tag=eloabder-20&linkCode=osi&th=1&psc=1">View Product</a></div><div class="product"><a href="https://www.amazon.com/dp/B0CQF3BJ3S?tag=eloabder-20&linkCode=osi&th=1&psc=1"><img src="https://m.media-amazon.com/images/I/41gs6AOiP6L._SL500_.jpg" alt="Product Image"></a><p>3 in 1 Retractable Ballpoint Pen with Light and Stylus, Nice Pens for Journaling Writing in The Dark - White/Red Light Tip- 0.7mm Black Ink</p><p>$12.99</p><a href="https://www.amazon.com/dp/B0CQF3BJ3S?tag=eloabder-20&linkCode=osi&th=1&psc=1">View Product</a></div><div class="product"><a href="https://www.amazon.com/dp/B08BBZ3B8G?tag=eloabder-20&linkCode=osi&th=1&psc=1"><img src="https://m.media-amazon.com/images/I/41cMHyw60wL._SL500_.jpg" alt="Product Image"></a><p>Mr. Pen- Pens, Black Pens, 12 Pack, Fast Dry, No Smear Pens, Bible Pens, Pens for Journaling, Pens No Bleed Through, Pens Fine Point, Journal Pens, Fine Tip, Planner Pens, Ball Point Journal Pens</p><p>$9.99</p><a href="https://www.amazon.com/dp/B08BBZ3B8G?tag=eloabder-20&linkCode=osi&th=1&psc=1">View Product</a></div><div class="product"><a href="https://www.amazon.com/dp/B0D4YWWGX6?tag=eloabder-20&linkCode=osi&th=1&psc=1"><img src="https://m.media-amazon.com/images/I/31xHBCCzJqL._SL500_.jpg" alt="Product Image"></a><p>PATIKIL 21cm/8" Feather Ballpoint Pen, 1Pcs Ink Vintage Quill Pen Refined Plated Dip Pen for Calligraphy Writing Signature Wedding Gift, Yellow</p><p>$7.49</p><a href="https://www.amazon.com/dp/B0D4YWWGX6?tag=eloabder-20&linkCode=osi&th=1&psc=1">View Product</a></div>

<div class="product"><a href="https://www.amazon.com/dp/B001TLDEVQ?tag=eloabder-20&linkCode=osi&th=1&psc=1"><img src="https://m.media-amazon.com/images/I/41jYF39F6lL._SL500_.jpg" alt="Product Image"></a><p>Beadalon SuppleMax Illusion Beading Cord, 0.40 mm / 0.016 in, Clear Monofilament, 50 m / 164 ft</p><p>$4.74</p><a href="https://www.amazon.com/dp/B001TLDEVQ?tag=eloabder-20&linkCode=osi&th=1&psc=1">View Product</a></div><div class="product"><a href="https://www.amazon.com/dp/B0D2HVFZ7Q?tag=eloabder-20&linkCode=osi&th=1&psc=1"><img src="https://m.media-amazon.com/images/I/41R66LMYz7L._SL500_.jpg" alt="Product Image"></a><p>Zxiixz 116Yards 0.5mm Bracelet String, Waxed String Cord for Bracelet Making, Beading Thread for Bracelet Beads, Friendship Bracelet String for Bracelet Making, Waxed Polyester Cord for Jewelry Making</p><p>$6.99</p><a href="https://www.amazon.com/dp/B0D2HVFZ7Q?tag=eloabder-20&linkCode=osi&th=1&psc=1">View Product</a></div><div class="product"><a href="https://www.amazon.com/dp/B07BNF8KH5?tag=eloabder-20&linkCode=osi&th=1&psc=1"><img src="https://m.media-amazon.com/images/I/51jVByheyVL._SL500_.jpg" alt="Product Image"></a><p>PH PandaHall 100 Yards 1mm Waxed Cotton Cord Thread Beading String for Bracelet Necklace Making Crafting Beading Macrame Vase Decor, Burlywood</p><p>$7.19 ($0.02 / Foot)</p><a href="https://www.amazon.com/dp/B07BNF8KH5?tag=eloabder-20&linkCode=osi&th=1&psc=1">View Product</a></div><div class="product"><a href="https://www.amazon.com/dp/B07HBPGXJG?tag=eloabder-20&linkCode=osi&th=1&psc=1"><img src="https://m.media-amazon.com/images/I/41xi8gO6kDL._SL500_.jpg" alt="Product Image"></a><p>Paxcoo 0.8mm Elastic String, Stretchy Bracelet String Crystal String Bead Cord for Bracelet, Beading and Jewelry Making (120m)</p><p>$6.99 ($0.02 / Foot)</p><a href="https://www.amazon.com/dp/B07HBPGXJG?tag=eloabder-20&linkCode=osi&th=1&psc=1">View Product</a></div><div class="product"><a href="https://www.amazon.com/dp/B0CNPST7D9?tag=eloabder-20&linkCode=osi&th=1&psc=1"><img src="https://m.media-amazon.com/images/I/41A9VISFC4L._SL500_.jpg" alt="Product Image"></a><p>Kblick Black Nylon String Cord - 1MM 100 Yards Black Twine, Bracelet String for Bracelet Making, Braided Ornament Lanyard Sting, Jewelry Thread Clay Bead String for Crafts, Macrame Satin Cord</p><p>$5.99 ($0.02 / Foot)</p><a href="https://www.amazon.com/dp/B0CNPST7D9?tag=eloabder-20&linkCode=osi&th=1&psc=1">View Product</a></div><div class="product"><a href="https://www.amazon.com/dp/B08GC3JF9X?tag=eloabder-20&linkCode=osi&th=1&psc=1"><img src="https://m.media-amazon.com/images/I/41FQZYhvQpL._SL500_.jpg" alt="Product Image"></a><p>Cheriswelry 100M 0.8mm Nylon Beading Cord Black Chinese Knotting Rattail Macrame Thread String Roll for Jewelry Making Kumihimo Wrapping Supplies DIY Crafts</p><p>$6.99 ($0.02 / Fl Oz)</p><a href="https://www.amazon.com/dp/B08GC3JF9X?tag=eloabder-20&linkCode=osi&th=1&psc=1">View Product</a></div><div class="product"><a href="https://www.amazon.com/dp/B0B3V9RWQC?tag=eloabder-20&linkCode=osi&th=1&psc=1"><img src="https://m.media-amazon.com/images/I/41F-OP+yCxL._SL500_.jpg" alt="Product Image"></a><p>Griffin Silk Bead Cord Perlseide – Black Color – Size 3 (0.50mm) – 2 Meters per Card – Stainless Steel Needle Attached – for Knotting Pearls, Gemstones, Crystals and Beads</p><p>$4.99 ($0.76 / Foot)</p><a href="https://www.amazon.com/dp/B0B3V9RWQC?tag=eloabder-20&linkCode=osi&th=1&psc=1">View Product</a></div><div class="product"><a href="https://www.amazon.com/dp/B08F49YVQP?tag=eloabder-20&linkCode=osi&th=1&psc=1"><img src="https://m.media-amazon.com/images/I/41yCMIpj0rS._SL500_.jpg" alt="Product Image"></a><p>1mm Stretchy Bracelet String, Sturdy Rainbow Elastic String Elastic Cord for Jewelry Making, Necklaces, Beading and Crafts</p><p>$6.99 ($0.04 / Foot)</p><a href="https://www.amazon.com/dp/B08F49YVQP?tag=eloabder-20&linkCode=osi&th=1&psc=1">View Product</a></div>

<div class="product"><a href="https://www.amazon.com/dp/B001GMUBJ6?tag=eloabder-20&linkCode=osi&th=1&psc=1"><img src="https://m.media-amazon.com/images/I/41V5qzn3H5L._SL500_.jpg" alt="Product Image"></a><p>The Beadsmith Fireline by Berkley – Micro-Fused Braided Thread – 6lb. Test, 006”/.15mm Diameter, 50 Yard Spool, Crystal Color – Super Strong Stringing Material for Jewelry Making and Bead Weaving</p><p>$12.59</p><a href="https://www.amazon.com/dp/B001GMUBJ6?tag=eloabder-20&linkCode=osi&th=1&psc=1">View Product</a></div><div class="product"><a href="https://www.amazon.com/dp/B001UAKK0Y?tag=eloabder-20&linkCode=osi&th=1&psc=1"><img src="https://m.media-amazon.com/images/I/41rY1D0wfuL._SL500_.jpg" alt="Product Image"></a><p>Beadalon Wildfire, 0.006 in, 0.15 mm, Break Strength 10 lb / 4.5 kg, Frost, 50 yd / 45 m</p><p>$8.85 ($0.06 / Foot)</p><a href="https://www.amazon.com/dp/B001UAKK0Y?tag=eloabder-20&linkCode=osi&th=1&psc=1">View Product</a></div><div class="product"><a href="https://www.amazon.com/dp/B095WY58F4?tag=eloabder-20&linkCode=osi&th=1&psc=1"><img src="https://m.media-amazon.com/images/I/41mXRfJqcjL._SL500_.jpg" alt="Product Image"></a><p>PH PandaHall 0.1mm Nylon Seed Bead Thread 100 Yards Black White Bracelet Cord Beading Thread Invisible Sewing Thread Nylon Braided Thread String for Leather Stitching Beading Jewelry Bracelets Making</p><p>$9.99 ($0.03 / Foot)</p><a href="https://www.amazon.com/dp/B095WY58F4?tag=eloabder-20&linkCode=osi&th=1&psc=1">View Product</a></div><div class="product"><a href="https://www.amazon.com/dp/B08RN2R2SZ?tag=eloabder-20&linkCode=osi&th=1&psc=1"><img src="https://m.media-amazon.com/images/I/41Tg2MMC++L._SL500_.jpg" alt="Product Image"></a><p>KO Nylon Beading Thread, White Color, Japanese Pre-Waxed 100% Nylon, 330TEX, Tangle Resistant Knotting Cords, 50m /55 yds Spool, Use for Seed Bead Projects, Loom Work & Bead Weaving</p><p>$7.06 ($0.04 / Foot)</p><a href="https://www.amazon.com/dp/B08RN2R2SZ?tag=eloabder-20&linkCode=osi&th=1&psc=1">View Product</a></div><div class="product"><a href="https://www.amazon.com/dp/B09J89ST79?tag=eloabder-20&linkCode=osi&th=1&psc=1"><img src="https://m.media-amazon.com/images/I/41hLuuOZeXL._SL500_.jpg" alt="Product Image"></a><p>2 Roll Polyester Thread, Heavy Duty Thread, 1500Yard/Reel 210D/3 nylon thread for sewing, Sewing Thread for Upholstery, Outdoor Market, Drapery, Leather, Beading, Crafts</p><p>$7.99 ($0.00 / Foot)</p><a href="https://www.amazon.com/dp/B09J89ST79?tag=eloabder-20&linkCode=osi&th=1&psc=1">View Product</a></div><div class="product"><a href="https://www.amazon.com/dp/B0C6MSY7QQ?tag=eloabder-20&linkCode=osi&th=1&psc=1"><img src="https://m.media-amazon.com/images/I/31Bn-MyA62L._SL500_.jpg" alt="Product Image"></a><p>PH PandaHall 0.1mm Nylon String 100 Yards Beading Thread White Nylon Seed Bead Thread Bracelet Beading Thread Sewing String for Leather Stitching Beading Jewelry Bracelets Making</p><p>$7.99 ($0.03 / Foot)</p><a href="https://www.amazon.com/dp/B0C6MSY7QQ?tag=eloabder-20&linkCode=osi&th=1&psc=1">View Product</a></div>

<div class="product"><a href="https://www.amazon.com/dp/B07NMNDT1W?tag=eloabder-20&linkCode=osi&th=1&psc=1"><img src="https://m.media-amazon.com/images/I/41-zwQIcVcL._SL500_.jpg" alt="Product Image"></a><p>Howemon White Beeswax Pellets 2LB 100% Pure and Natural Triple Filtered for Skin, Face, Body and Hair Care DIY Creams, Lotions, Lip Balm and Soap Making Supplies</p><p>$13.99 ($0.44 / Fl Oz)</p><a href="https://www.amazon.com/dp/B07NMNDT1W?tag=eloabder-20&linkCode=osi&th=1&psc=1">View Product</a></div><div class="product"><a href="https://www.amazon.com/dp/B00B3U0FW4?tag=eloabder-20&linkCode=osi&th=1&psc=1"><img src="https://m.media-amazon.com/images/I/51rWFCST+TL._SL500_.jpg" alt="Product Image"></a><p>Beesworks Yellow Beeswax Pellets (1 lb) | 100% Pure, Cosmetic Grade, Triple-Filtered Beeswax for DIY Skin care, Lip Balm, Lotion, and Candle Making</p><p>$13.99 ($0.87 / Ounce)</p><a href="https://www.amazon.com/dp/B00B3U0FW4?tag=eloabder-20&linkCode=osi&th=1&psc=1">View Product</a></div><div class="product"><a href="https://www.amazon.com/dp/B01LWX2IO1?tag=eloabder-20&linkCode=osi&th=1&psc=1"><img src="https://m.media-amazon.com/images/I/41MlNqhDyCL._SL500_.jpg" alt="Product Image"></a><p>Beesworks Yellow Beeswax Bars (6 oz) | 100% Pure, Cosmetic Grade, Triple-Filtered Beeswax for DIY Skin Care, Lip Balm, Lotion and Candle Making (1 oz Bars - Pack of 6)</p><p>$6.99</p><a href="https://www.amazon.com/dp/B01LWX2IO1?tag=eloabder-20&linkCode=osi&th=1&psc=1">View Product</a></div><div class="product"><a href="https://www.amazon.com/dp/B0BV77F19N?tag=eloabder-20&linkCode=osi&th=1&psc=1"><img src="https://m.media-amazon.com/images/I/41xzHaO1-EL._SL500_.jpg" alt="Product Image"></a><p>Beeswax Pellets 10LB Cosmetic Beeswax Triple Filtered Beeswax Pastilles for Candle Making Great for DIY Projects Creams Lotions Lip Balm and Soap Making Supplies(10LB)</p><p>$32.99</p><a href="https://www.amazon.com/dp/B0BV77F19N?tag=eloabder-20&linkCode=osi&th=1&psc=1">View Product</a></div><div class="product"><a href="https://www.amazon.com/dp/B0C9QSG3CY?tag=eloabder-20&linkCode=osi&th=1&psc=1"><img src="https://m.media-amazon.com/images/I/414XQcU6SRL._SL500_.jpg" alt="Product Image"></a><p>YASNAY White Beeswax Pellets 2LB, 100% Organic Beeswax, Beeswax for Candle Making, Body, Skin Care DIY, Lip Balm and Soap Making Supplies</p><p>$11.99</p><a href="https://www.amazon.com/dp/B0C9QSG3CY?tag=eloabder-20&linkCode=osi&th=1&psc=1">View Product</a></div><div class="product"><a href="https://www.amazon.com/dp/B097HTC4WN?tag=eloabder-20&linkCode=osi&th=1&psc=1"><img src="https://m.media-amazon.com/images/I/51pwMM7C6-L._SL500_.jpg" alt="Product Image"></a><p>Eco Lux 8 Yellow Beeswax Blocks 100% Pure Natural Organic Bees Wax 6.5oz</p><p>$8.49 ($1.35 / Ounce)</p><a href="https://www.amazon.com/dp/B097HTC4WN?tag=eloabder-20&linkCode=osi&th=1&psc=1">View Product</a></div><div class="product"><a href="https://www.amazon.com/dp/B00HDHQQCE?tag=eloabder-20&linkCode=osi&th=1&psc=1"><img src="https://m.media-amazon.com/images/I/41vF-7MwNhL._SL500_.jpg" alt="Product Image"></a><p>Murray's 100% Pure Beeswax 4 oz</p><p>$5.98 ($1.50 / Ounce)</p><a href="https://www.amazon.com/dp/B00HDHQQCE?tag=eloabder-20&linkCode=osi&th=1&psc=1">View Product</a></div><div class="product"><a href="https://www.amazon.com/dp/B09YM8JTLM?tag=eloabder-20&linkCode=osi&th=1&psc=1"><img src="https://m.media-amazon.com/images/I/41cjNuBnFEL._SL500_.jpg" alt="Product Image"></a><p>TRINIDa Beeswax Pellets 2LB(32 oz), 100% Organic Yellow Bees Wax for DIY Candles, Beeswax for Candle Making, Skin, Body, Face, and Hair Care, Lotions, DIY Creams, Lip Balm and Soap Making Supplies</p><p>$11.99</p><a href="https://www.amazon.com/dp/B09YM8JTLM?tag=eloabder-20&linkCode=osi&th=1&psc=1">View Product</a></div><div class="product"><a href="https://www.amazon.com/dp/B00F3CNMV4?tag=eloabder-20&linkCode=osi&th=1&psc=1"><img src="https://m.media-amazon.com/images/I/31pjrRAEa4L._SL500_.jpg" alt="Product Image"></a><p>Stakich Yellow Beeswax Block - Natural, Triple Filtered - 1 Pound, Honey Scent</p><p>$13.95 ($0.87 / Ounce)</p><a href="https://www.amazon.com/dp/B00F3CNMV4?tag=eloabder-20&linkCode=osi&th=1&psc=1">View Product</a></div><div class="product"><a href="https://www.amazon.com/dp/B0BXFZBZS9?tag=eloabder-20&linkCode=osi&th=1&psc=1"><img src="https://m.media-amazon.com/images/I/4178i9IB9KL._SL500_.jpg" alt="Product Image"></a><p>5LB Beeswax Pellets Beeswax for Candle Making Organic Beeswax Pellets for Skin Beeswax Beads Beeswax Bulk Beeswax for Lotion Making Organic for DIY and Craft Project</p><p>$22.99</p><a href="https://www.amazon.com/dp/B0BXFZBZS9?tag=eloabder-20&linkCode=osi&th=1&psc=1">View Product</a></div>
<div class="product"><a href="https://www.amazon.com/dp/B0052F1BVK?tag=eloabder-20&linkCode=osi&th=1&psc=1"><img src="https://m.media-amazon.com/images/I/41zE9eiGoLL._SL500_.jpg" alt="Product Image"></a><p>ACC Staples Large Binder Clips, 2" Width, 1" Capacity, Black, 12/Pk</p><p>$6.30</p><a href="https://www.amazon.com/dp/B0052F1BVK?tag=eloabder-20&linkCode=osi&th=1&psc=1">View Product</a></div><div class="product"><a href="https://www.amazon.com/dp/B07MLFR771?tag=eloabder-20&linkCode=osi&th=1&psc=1"><img src="https://m.media-amazon.com/images/I/51N2wxA7N0L._SL500_.jpg" alt="Product Image"></a><p>CooBigo 50 Pack Binder Ring, Metal Book Ring Paper Ring Holder 5/8-Inch Loose Leaf Binder Ring Clip for Index Card, Flash Card Ring, Card Calendar, Keychain Key Ring - Bronze</p><p>$6.99</p><a href="https://www.amazon.com/dp/B07MLFR771?tag=eloabder-20&linkCode=osi&th=1&psc=1">View Product</a></div><div class="product"><a href="https://www.amazon.com/dp/B01563NHGY?tag=eloabder-20&linkCode=osi&th=1&psc=1"><img src="https://m.media-amazon.com/images/I/41gj+0ZftqL._SL500_.jpg" alt="Product Image"></a><p>vanki Pack of 40 Cute Lovely Smiling Face Spring-Loaded File Organizer Paper Holder Metal Binder Clips, Assorted Color</p><p>$8.99</p><a href="https://www.amazon.com/dp/B01563NHGY?tag=eloabder-20&linkCode=osi&th=1&psc=1">View Product</a></div><div class="product"><a href="https://www.amazon.com/dp/B000GOUDSO?tag=eloabder-20&linkCode=osi&th=1&psc=1"><img src="https://m.media-amazon.com/images/I/41ZANISHgML._SL500_.jpg" alt="Product Image"></a><p>Small Binder Clips .75" 8/Pkg-Assorted Colors</p><p>$4.46</p><a href="https://www.amazon.com/dp/B000GOUDSO?tag=eloabder-20&linkCode=osi&th=1&psc=1">View Product</a></div>
<div class="product"><a href="https://www.amazon.com/dp/B07PRPX4VR?tag=eloabder-20&linkCode=osi&th=1&psc=1"><img src="https://m.media-amazon.com/images/I/41IMH12fdPL._SL500_.jpg" alt="Product Image"></a><p>Durable Sheet Lifters, Durable Easy Flow, 11" x 3", Lifts Sheets Over Rings and Protects Sheets from Tearing, Fit Standard 3-Ring Binders, Black (20 Pack)</p><p>$14.99</p><a href="https://www.amazon.com/dp/B07PRPX4VR?tag=eloabder-20&linkCode=osi&th=1&psc=1">View Product</a></div><div class="product"><a href="https://www.amazon.com/dp/B0CM8QJHFW?tag=eloabder-20&linkCode=osi&th=1&psc=1"><img src="https://m.media-amazon.com/images/I/31cJGS74oCL._SL500_.jpg" alt="Product Image"></a><p>Wantane D-Shaped Tape Storage Ring Tape Storage Ring 4" D-Shaped Washi Tape Storage Ring for DIY Decoration and Storage（Nickel）-2PCS</p><p>$7.99</p><a href="https://www.amazon.com/dp/B0CM8QJHFW?tag=eloabder-20&linkCode=osi&th=1&psc=1">View Product</a></div>
<div class="product"><a href="https://www.amazon.com/dp/B00006IAS3?tag=eloabder-20&linkCode=osi&th=1&psc=1"><img src="https://m.media-amazon.com/images/I/317DvSXhT1L._SL500_.jpg" alt="Product Image"></a><p>GBC Binding System, Manual, Desktop Binding Punch, 6 Sheet Punch Capacity, ProClick P50 (2515650)</p><p>$123.89</p><a href="https://www.amazon.com/dp/B00006IAS3?tag=eloabder-20&linkCode=osi&th=1&psc=1">View Product</a></div><div class="product"><a href="https://www.amazon.com/dp/B004BP81KQ?tag=eloabder-20&linkCode=osi&th=1&psc=1"><img src="https://m.media-amazon.com/images/I/51SqfeZ12KL._SL500_.jpg" alt="Product Image"></a><p>We R Memory Keepers Cinch Book Binding Wire (1-Inch, Silver (2 Pack))</p><p>$5.99</p><a href="https://www.amazon.com/dp/B004BP81KQ?tag=eloabder-20&linkCode=osi&th=1&psc=1">View Product</a></div>

<div class="product"><a href="https://www.amazon.com/dp/B0007ZJ8TM?tag=eloabder-20&linkCode=osi&th=1&psc=1"><img src="https://m.media-amazon.com/images/I/41i49sz3UAL._SL500_.jpg" alt="Product Image"></a><p>Speedball Super Black India Ink, 2-Ounce</p><p>$9.99 ($9.99 / Count)</p><a href="https://www.amazon.com/dp/B0007ZJ8TM?tag=eloabder-20&linkCode=osi&th=1&psc=1">View Product</a></div><div class="product"><a href="https://www.amazon.com/dp/B0026I10AI?tag=eloabder-20&linkCode=osi&th=1&psc=1"><img src="https://m.media-amazon.com/images/I/31vklP4uBsL._SL500_.jpg" alt="Product Image"></a><p>Dr. Ph. Martin's Bombay India (7BY) Ink Bottle, 1.0 oz, Black</p><p>$6.99</p><a href="https://www.amazon.com/dp/B0026I10AI?tag=eloabder-20&linkCode=osi&th=1&psc=1">View Product</a></div><div class="product"><a href="https://www.amazon.com/dp/B000KNP96C?tag=eloabder-20&linkCode=osi&th=1&psc=1"><img src="https://m.media-amazon.com/images/I/51e9srYtG0L._SL500_.jpg" alt="Product Image"></a><p>Winsor & Newton Drawing Ink, 14ml Bottle, Black Indian</p><p>$10.99</p><a href="https://www.amazon.com/dp/B000KNP96C?tag=eloabder-20&linkCode=osi&th=1&psc=1">View Product</a></div><div class="product"><a href="https://www.amazon.com/dp/B07BQG5QF4?tag=eloabder-20&linkCode=osi&th=1&psc=1"><img src="https://m.media-amazon.com/images/I/41nEMDYZaiL._SL500_.jpg" alt="Product Image"></a><p>Speedball Super Black India Ink, 16-Ounce</p><p>$19.99</p><a href="https://www.amazon.com/dp/B07BQG5QF4?tag=eloabder-20&linkCode=osi&th=1&psc=1">View Product</a></div><div class="product"><a href="https://www.amazon.com/dp/B001038NLY?tag=eloabder-20&linkCode=osi&th=1&psc=1"><img src="https://m.media-amazon.com/images/I/418i4sxJJ0L._SL500_.jpg" alt="Product Image"></a><p>Speedball Fabric Screen Printing Ink, 8-Ounce, Black for T-Shirt and Silkscreen Printmaking</p><p>$12.99 ($1.62 / Fl Oz)</p><a href="https://www.amazon.com/dp/B001038NLY?tag=eloabder-20&linkCode=osi&th=1&psc=1">View Product</a></div><div class="product"><a href="https://www.amazon.com/dp/B00161OPSA?tag=eloabder-20&linkCode=osi&th=1&psc=1"><img src="https://m.media-amazon.com/images/I/41C32y3CJAL._SL500_.jpg" alt="Product Image"></a><p>Tsukineko VersaFine inkpad, Full-Size, Onyx Black</p><p>$4.99 ($4.99 / Count)</p><a href="https://www.amazon.com/dp/B00161OPSA?tag=eloabder-20&linkCode=osi&th=1&psc=1">View Product</a></div>
<div class="product"><a href="https://www.amazon.com/dp/B07Q4TJCDJ?tag=eloabder-20&linkCode=osi&th=1&psc=1"><img src="https://m.media-amazon.com/images/I/315HYvYg-BL._SL500_.jpg" alt="Product Image"></a><p>Primbeeks 300pcs Blank Business Cards, Premium Blank White Cards, 3.5" x 2.2" Small Blank Cards, Blank Cardstock Cards, Small Note Cards, white blank cards, white business cards, kraft paper cards</p><p>$7.99</p><a href="https://www.amazon.com/dp/B07Q4TJCDJ?tag=eloabder-20&linkCode=osi&th=1&psc=1">View Product</a></div><div class="product"><a href="https://www.amazon.com/dp/B0CRGHFLT8?tag=eloabder-20&linkCode=osi&th=1&psc=1"><img src="https://m.media-amazon.com/images/I/41S1NLpb8hL._SL500_.jpg" alt="Product Image"></a><p>Watercolor Cards and Envelopes Set - 50 Folded 5x7 Inch Blank Heavyweight Paper Cards (140lb/300gsm) with Matching Envelopes for DIY Greeting Cards, Festivals, and Events</p><p>$17.99 ($0.36 / Count)</p><a href="https://www.amazon.com/dp/B0CRGHFLT8?tag=eloabder-20&linkCode=osi&th=1&psc=1">View Product</a></div><div class="product"><a href="https://www.amazon.com/dp/B08MX4TZ3H?tag=eloabder-20&linkCode=osi&th=1&psc=1"><img src="https://m.media-amazon.com/images/I/41D2u4vdLQL._SL500_.jpg" alt="Product Image"></a><p>50 Pack Blank Kraft Cards Cardstock Thick Paper Brown Greeting Cards for DIY Gift Card Menus, Baby Shower and Wedding Invitations (Multicolored, 5x7IN)</p><p>$8.99</p><a href="https://www.amazon.com/dp/B08MX4TZ3H?tag=eloabder-20&linkCode=osi&th=1&psc=1">View Product</a></div><div class="product"><a href="https://www.amazon.com/dp/B08BDGGVMK?tag=eloabder-20&linkCode=osi&th=1&psc=1"><img src="https://m.media-amazon.com/images/I/41W-dTUoBqL._SL500_.jpg" alt="Product Image"></a><p>100pcs 3.54"x2" Blank Kraft Paper Business Card, Words Message Notes paper Tags, Mini Craft Cardboard Festival gifts - 6 colors</p><p>$5.98</p><a href="https://www.amazon.com/dp/B08BDGGVMK?tag=eloabder-20&linkCode=osi&th=1&psc=1">View Product</a></div><div class="product"><a href="https://www.amazon.com/dp/B08BFDJJ78?tag=eloabder-20&linkCode=osi&th=1&psc=1"><img src="https://m.media-amazon.com/images/I/61LZ1Csb+dL._SL500_.jpg" alt="Product Image"></a><p>Nettbe 100pcs 3.54"x2" Blank Kraft Paper Business Card, Words Message Notes paper Tags, Mini Craft Cardboard Festival gifts</p><p>$5.99</p><a href="https://www.amazon.com/dp/B08BFDJJ78?tag=eloabder-20&linkCode=osi&th=1&psc=1">View Product</a></div><div class="product"><a href="https://www.amazon.com/dp/B07Q8YBJM3?tag=eloabder-20&linkCode=osi&th=1&psc=1"><img src="https://m.media-amazon.com/images/I/31w6U4cCqEL._SL500_.jpg" alt="Product Image"></a><p>Primbeeks 228pcs Blank Business Cards, Premium Blank White Cards, 3.5" x 2.2" Small Blank Cards, Blank Cardstock Cards, Small Note Cards, white blank cards, white business cards, kraft paper cards</p><p>$5.99</p><a href="https://www.amazon.com/dp/B07Q8YBJM3?tag=eloabder-20&linkCode=osi&th=1&psc=1">View Product</a></div><div class="product"><a href="https://www.amazon.com/dp/B08X4Z9TGN?tag=eloabder-20&linkCode=osi&th=1&psc=1"><img src="https://m.media-amazon.com/images/I/41Jqhe35tDL._SL500_.jpg" alt="Product Image"></a><p>321Done Blank Rustic Cards, Made in USA - 4x6 Thick, Heavy Cardstock - Make Invites, Greeting, Note, Thank You Cards - Plain Kraft for Writing, Stamping, Printing, Art - No Envelopes - Set of 50</p><p>$14.99</p><a href="https://www.amazon.com/dp/B08X4Z9TGN?tag=eloabder-20&linkCode=osi&th=1&psc=1">View Product</a></div><div class="product"><a href="https://www.amazon.com/dp/B0D2KDWBNM?tag=eloabder-20&linkCode=osi&th=1&psc=1"><img src="https://m.media-amazon.com/images/I/31dAhnBJ7aL._SL500_.jpg" alt="Product Image"></a><p>4x6 Blank White Cardstock (Set of 100) - Card Stock for Printer Postcards, Photo Paper Invitations, Greeting, Note, Thank You, DIY Making, Index Cards - Plain for Writing, Stamping, Printing, Art</p><p>$8.99</p><a href="https://www.amazon.com/dp/B0D2KDWBNM?tag=eloabder-20&linkCode=osi&th=1&psc=1">View Product</a></div><div class="product"><a href="https://www.amazon.com/dp/B0BB858RYN?tag=eloabder-20&linkCode=osi&th=1&psc=1"><img src="https://m.media-amazon.com/images/I/317zmriPKNL._SL500_.jpg" alt="Product Image"></a><p>WANDERINGS Handmade White Deckle Edge Blank Greeting Cards- Folded to 5x7” - Pack of 25 - Writers, Artists, Crafters - Thank Yous, Invitations, Menus, Greeting Cards, Notes - Thick 150 GSM</p><p>$21.99 ($0.88 / Count)</p><a href="https://www.amazon.com/dp/B0BB858RYN?tag=eloabder-20&linkCode=osi&th=1&psc=1">View Product</a></div><div class="product"><a href="https://www.amazon.com/dp/B0BZPPXRZW?tag=eloabder-20&linkCode=osi&th=1&psc=1"><img src="https://m.media-amazon.com/images/I/21Da-WQhrpL._SL500_.jpg" alt="Product Image"></a><p>100 Pack Thick Paper Cardstock Blank Heavy Cards Stock for Invitations, Greeting Cards Making, Postcards, Photos, 250GSM Thick Paper (White, 2x3.5 inches)</p><p>$5.99</p><a href="https://www.amazon.com/dp/B0BZPPXRZW?tag=eloabder-20&linkCode=osi&th=1&psc=1">View Product</a></div>
<div class="product"><a href="https://www.amazon.com/dp/B0BZRDQKH6?tag=eloabder-20&linkCode=osi&th=1&psc=1"><img src="https://m.media-amazon.com/images/I/41GYYRiusgL._SL500_.jpg" alt="Product Image"></a><p>feela 8 Pack Unlined Kraft Paper Notebooks, Blank Journal Note Pad for Drawing Writing, Small Sketchbook Travel Journal Bulk for Women Kids Students Office School Supplies, A5, 60 Pages, 8.3” X 5.5”</p><p>$9.99</p><a href="https://www.amazon.com/dp/B0BZRDQKH6?tag=eloabder-20&linkCode=osi&th=1&psc=1">View Product</a></div><div class="product"><a href="https://www.amazon.com/dp/B0BXLB74KK?tag=eloabder-20&linkCode=osi&th=1&psc=1"><img src="https://m.media-amazon.com/images/I/313vYzg7HpL._SL500_.jpg" alt="Product Image"></a><p>ZZTX 4 Pack Blank Kraft Notebooks, Blank Paper Sketchbooks for Drawing Doodling Writing,Travel Journal Set, A5, 36 Pages, 8.3” X 5.5”</p><p>$5.99</p><a href="https://www.amazon.com/dp/B0BXLB74KK?tag=eloabder-20&linkCode=osi&th=1&psc=1">View Product</a></div><div class="product"><a href="https://www.amazon.com/dp/B0BW5TNPXJ?tag=eloabder-20&linkCode=osi&th=1&psc=1"><img src="https://m.media-amazon.com/images/I/31Wu8UP78iL._SL500_.jpg" alt="Product Image"></a><p>EOOUT Kraft Notebooks, Blank Page Journals in Bulk, 16pcs A5, 8.3 X 5.5 Inches, 60 Pages, 80gsm, Travel Journal Set, for Art Camp, Travelers, Students and Office Supplies Sketchbooks Bulk for Kids</p><p>$15.99</p><a href="https://www.amazon.com/dp/B0BW5TNPXJ?tag=eloabder-20&linkCode=osi&th=1&psc=1">View Product</a></div><div class="product"><a href="https://www.amazon.com/dp/B08P3F46SD?tag=eloabder-20&linkCode=osi&th=1&psc=1"><img src="https://m.media-amazon.com/images/I/41jeBDcZJ1L._SL500_.jpg" alt="Product Image"></a><p>Krafty Soft Cover Blank Notebook Journal, Spiral Sketchbook Pad, Drawing Book, 60 Sheets/140gsm (A4)/120 Pages</p><p>$7.99</p><a href="https://www.amazon.com/dp/B08P3F46SD?tag=eloabder-20&linkCode=osi&th=1&psc=1">View Product</a></div><div class="product"><a href="https://www.amazon.com/dp/B0CWNPMC4T?tag=eloabder-20&linkCode=osi&th=1&psc=1"><img src="https://m.media-amazon.com/images/I/31BZeVGe6TL._SL500_.jpg" alt="Product Image"></a><p>zmybcpack 5 Pack Blank Journal Notebooks, Blank Paper Sketchbook for Drawing Writing, Travel Journal Notebook Kraft Paper Notebook for Travelers, Students, Office, A5, 8.26” x 5.5”, 60 Pages/30 Sheets</p><p>$8.99</p><a href="https://www.amazon.com/dp/B0CWNPMC4T?tag=eloabder-20&linkCode=osi&th=1&psc=1">View Product</a></div><div class="product"><a href="https://www.amazon.com/dp/B07WHYP9WN?tag=eloabder-20&linkCode=osi&th=1&psc=1"><img src="https://m.media-amazon.com/images/I/41ZhyCux1yL._SL500_.jpg" alt="Product Image"></a><p>Thick Blank Journal Notebook with Unlined / Unruled / Plain Pages | Deluxe 120gsm Ink Resistant Paper for Writing, Sketch Book, 160 Pages | Hardcover Sketchbook with Pen Holder, Pocket, Ribbon (Black)</p><p>$14.99</p><a href="https://www.amazon.com/dp/B07WHYP9WN?tag=eloabder-20&linkCode=osi&th=1&psc=1">View Product</a></div>
<div class="product"><a href="https://www.amazon.com/dp/B07MT7HKZW?tag=eloabder-20&linkCode=osi&th=1&psc=1"><img src="https://m.media-amazon.com/images/I/413JwH5JREL._SL500_.jpg" alt="Product Image"></a><p>Spiral Sketch Book Large Notebook（Built-in Drawing Board） Kraft Cover Blank Sketch Pad Wirebound Sketching for Drawing Painting 8.5x11-Inch (2 Pack) 200 Sheets, 100 Sheets, 200Pages Each</p><p>$17.99 ($9.00 / Count)</p><a href="https://www.amazon.com/dp/B07MT7HKZW?tag=eloabder-20&linkCode=osi&th=1&psc=1">View Product</a></div><div class="product"><a href="https://www.amazon.com/dp/B0BDQ82WB9?tag=eloabder-20&linkCode=osi&th=1&psc=1"><img src="https://m.media-amazon.com/images/I/51FoWr3GPwL._SL500_.jpg" alt="Product Image"></a><p>feela 170 Pack Blank Kraft Notebooks, Unlined Sketchbook Mini Cute Note Pad for Drawing Writing, Journal Bulk For Kids Students Office School Supplies, A6, 48 Pages, 4.25” X 5.5”, Black and Brown</p><p>$51.99</p><a href="https://www.amazon.com/dp/B0BDQ82WB9?tag=eloabder-20&linkCode=osi&th=1&psc=1">View Product</a></div><div class="product"><a href="https://www.amazon.com/dp/B0B3WWHWT2?tag=eloabder-20&linkCode=osi&th=1&psc=1"><img src="https://m.media-amazon.com/images/I/31m0FzXtPxL._SL500_.jpg" alt="Product Image"></a><p>Tamaki 6 Pack Colorful Blank Books for kids to Write, Drawing, Cute Sketchbook for Kid, 6 Colors (4.25 x 5.5 Inches)</p><p>$6.99</p><a href="https://www.amazon.com/dp/B0B3WWHWT2?tag=eloabder-20&linkCode=osi&th=1&psc=1">View Product</a></div>
<div class="product"><a href="https://www.amazon.com/dp/B0BGH2P9M6?tag=eloabder-20&linkCode=osi&th=1&psc=1"><img src="https://m.media-amazon.com/images/I/41ozOaYoHEL._SL500_.jpg" alt="Product Image"></a><p>EOOUT 100pcs A5 Kraft Notebooks, Blank Page Journals in Bulk, Sketchbooks Bulk for Kids, 60 Pages, 80GSM, 8.3 X 5.5 Inch, Travel Journal Set, for Art Camp, Travelers, Students and Office Supplies</p><p>$51.99</p><a href="https://www.amazon.com/dp/B0BGH2P9M6?tag=eloabder-20&linkCode=osi&th=1&psc=1">View Product</a></div><div class="product"><a href="https://www.amazon.com/dp/B07MT99F94?tag=eloabder-20&linkCode=osi&th=1&psc=1"><img src="https://m.media-amazon.com/images/I/41Ug7gpSWDL._SL500_.jpg" alt="Product Image"></a><p>Spiral Sketch Book Large Notebook（Built-in Drawing Board） Kraft Cover Blank Sketch Pad Wirebound Sketching for Drawing Painting 8.5x11-Inch (1 Pack) 200 Pages, 100 Sheets</p><p>$9.99</p><a href="https://www.amazon.com/dp/B07MT99F94?tag=eloabder-20&linkCode=osi&th=1&psc=1">View Product</a></div><div class="product"><a href="https://www.amazon.com/dp/B07CM32KLM?tag=eloabder-20&linkCode=osi&th=1&psc=1"><img src="https://m.media-amazon.com/images/I/41ENhBLE9DL._SL500_.jpg" alt="Product Image"></a><p>Kraft Cover Drawing Notebook & Sketchbook – Set of 2 Blank Plain Sketch Books – 125g Thick Paper A5 Size, 150x210mm Paper Ideal for Drawing & Sketching- 128 sheets/256 pages – 180 Degree Opening, 2pcs</p><p>$20.99 ($0.08 / Count)</p><a href="https://www.amazon.com/dp/B07CM32KLM?tag=eloabder-20&linkCode=osi&th=1&psc=1">View Product</a></div><div class="product"><a href="https://www.amazon.com/dp/B08ZLMLF7C?tag=eloabder-20&linkCode=osi&th=1&psc=1"><img src="https://m.media-amazon.com/images/I/41X-5yj83vL._SL500_.jpg" alt="Product Image"></a><p>BEECHMORE BOOKS Sketch Book, A4 8.5 x 11.5 inch Blank Sketchbook for Drawing, Paint and Draw, 156 Pages Thick Paper 160gsm, Hardcover Leather Art Notebook, Boxed for Gifts (Chestnut Brown)</p><p>$21.20</p><a href="https://www.amazon.com/dp/B08ZLMLF7C?tag=eloabder-20&linkCode=osi&th=1&psc=1">View Product</a></div>
<div class="product"><a href="https://www.amazon.com/dp/B075M9MSFH?tag=eloabder-20&linkCode=osi&th=1&psc=1"><img src="https://m.media-amazon.com/images/I/51x+szTX6TL._SL500_.jpg" alt="Product Image"></a><p>Bianyo Bleedproof Marker Paper Pad, A4(8.27"X11.69"), 50 Sheets, 18 LB / 70 GSM, Glue-Bound, 100% Cotton, White, Ideal for Use with Markers and Ink Mediums</p><p>$9.99</p><a href="https://www.amazon.com/dp/B075M9MSFH?tag=eloabder-20&linkCode=osi&th=1&psc=1">View Product</a></div><div class="product"><a href="https://www.amazon.com/dp/B08FX5S2NL?tag=eloabder-20&linkCode=osi&th=1&psc=1"><img src="https://m.media-amazon.com/images/I/41CA0ZfazKL._SL500_.jpg" alt="Product Image"></a><p>Marker Paper Sketchbook, Bleedproof Art Marker Pad, (8.27 X 11.69) Inch, White, 40 Sheets</p><p>$6.99</p><a href="https://www.amazon.com/dp/B08FX5S2NL?tag=eloabder-20&linkCode=osi&th=1&psc=1">View Product</a></div><div class="product"><a href="https://www.amazon.com/dp/B0CJRBFSJ8?tag=eloabder-20&linkCode=osi&th=1&psc=1"><img src="https://m.media-amazon.com/images/I/51DLA8TpwEL._SL500_.jpg" alt="Product Image"></a><p>Shuttle Art Marker Pad, 8.3”x8.9” Portable Square Sketchbook, 80 Sheets Marker Drawing Paper, 120LB/200GSM Bleedproof Art Paper, Spiral-Bound, Great for Professional Artist to Draw, Paint & Sketch</p><p>$16.99</p><a href="https://www.amazon.com/dp/B0CJRBFSJ8?tag=eloabder-20&linkCode=osi&th=1&psc=1">View Product</a></div><div class="product"><a href="https://www.amazon.com/dp/B09N7VX5Z5?tag=eloabder-20&linkCode=osi&th=1&psc=1"><img src="https://m.media-amazon.com/images/I/51xCPs9HZyL._SL500_.jpg" alt="Product Image"></a><p>Marker Paper Sketchbook - Marker Sketchbook with Bleedproof Smooth Coated Art Paper, 120 GSM 80 LBS - Marker Pad for Alcohol Markers, Sketching, Drawing - 8.11 x 8.5 Inch | 50 Sheets, 2 Pack</p><p>$15.99 ($8.00 / Count)</p><a href="https://www.amazon.com/dp/B09N7VX5Z5?tag=eloabder-20&linkCode=osi&th=1&psc=1">View Product</a></div><div class="product"><a href="https://www.amazon.com/dp/B07CK94W9T?tag=eloabder-20&linkCode=osi&th=1&psc=1"><img src="https://m.media-amazon.com/images/I/41ocoSNDjdL._SL500_.jpg" alt="Product Image"></a><p>BOXUN Premium 50 Sheets Sketch Marker Paper Pad, Bleedproof Artist Drawing Paper, 8.27 x 11.69 Inch</p><p>$8.29 ($0.17 / Count)</p><a href="https://www.amazon.com/dp/B07CK94W9T?tag=eloabder-20&linkCode=osi&th=1&psc=1">View Product</a></div><div class="product"><a href="https://www.amazon.com/dp/B0CPXWD11W?tag=eloabder-20&linkCode=osi&th=1&psc=1"><img src="https://m.media-amazon.com/images/I/51ApKzpDVNL._SL500_.jpg" alt="Product Image"></a><p>FEITAKE Marker Paper Pad Sketchbook Bleedproof for Alcohol Markers 120lb/200gsm Double Sided Thick Art Drawing Papers 60pages (30Sheets) / A4(8.3"x11.7") Gift for Artists Students Kids</p><p>$13.99 ($0.47 / Count)</p><a href="https://www.amazon.com/dp/B0CPXWD11W?tag=eloabder-20&linkCode=osi&th=1&psc=1">View Product</a></div><div class="product"><a href="https://www.amazon.com/dp/B0025TWYW6?tag=eloabder-20&linkCode=osi&th=1&psc=1"><img src="https://m.media-amazon.com/images/I/51t6UkUHCvL._SL500_.jpg" alt="Product Image"></a><p>Bee Paper Bleedproof Marker Pack, 8-1/2-Inch by 11-Inch, 50 Sheets per Pack</p><p>$17.09 ($0.34 / Count)</p><a href="https://www.amazon.com/dp/B0025TWYW6?tag=eloabder-20&linkCode=osi&th=1&psc=1">View Product</a></div><div class="product"><a href="https://www.amazon.com/dp/B0CJRBYYQB?tag=eloabder-20&linkCode=osi&th=1&psc=1"><img src="https://m.media-amazon.com/images/I/41knBnjZ25L._SL500_.jpg" alt="Product Image"></a><p>Shuttle Art Marker Pad, 8.3”x7.67” Portable Square Sketchbook, 50 Sheets Marker Drawing Paper, 60LB/90GSM Smooth Surface Bleedproof Art Paper, Glue-Bound, Great for Beginners to Draw, Paint & Sketch</p><p>$8.99 ($0.18 / Count)</p><a href="https://www.amazon.com/dp/B0CJRBYYQB?tag=eloabder-20&linkCode=osi&th=1&psc=1">View Product</a></div>
<div class="product"><a href="https://www.amazon.com/dp/B00881IU8M?tag=eloabder-20&linkCode=osi&th=1&psc=1"><img src="https://m.media-amazon.com/images/I/41hbSgdLBtL._SL500_.jpg" alt="Product Image"></a><p>Speedball Fabric & Paper Block Printing Ink 6-Color Set, 1.25-Ounce x 6</p><p>$28.99 ($28.99 / Count)</p><a href="https://www.amazon.com/dp/B00881IU8M?tag=eloabder-20&linkCode=osi&th=1&psc=1">View Product</a></div><div class="product"><a href="https://www.amazon.com/dp/B000J09PFM?tag=eloabder-20&linkCode=osi&th=1&psc=1"><img src="https://m.media-amazon.com/images/I/51yPRc4nvoL._SL500_.jpg" alt="Product Image"></a><p>Speedball Water-Soluble Block Printing Ink Starter Set, 6 Bold Colors with Satin Finish, 1.25-Ounce Tubes</p><p>$29.99 ($4.00 / Fl Oz)</p><a href="https://www.amazon.com/dp/B000J09PFM?tag=eloabder-20&linkCode=osi&th=1&psc=1">View Product</a></div><div class="product"><a href="https://www.amazon.com/dp/B000BYT24U?tag=eloabder-20&linkCode=osi&th=1&psc=1"><img src="https://m.media-amazon.com/images/I/51pDlo+LlKL._SL500_.jpg" alt="Product Image"></a><p>Speedball Water-Soluble Block Printing Ink, 8-Ounce Jar, Black</p><p>$14.49</p><a href="https://www.amazon.com/dp/B000BYT24U?tag=eloabder-20&linkCode=osi&th=1&psc=1">View Product</a></div><div class="product"><a href="https://www.amazon.com/dp/B00C1JUJWW?tag=eloabder-20&linkCode=osi&th=1&psc=1"><img src="https://m.media-amazon.com/images/I/41zDtJ6f5hL._SL500_.jpg" alt="Product Image"></a><p>Speedball Fabric Block Printing Ink, 2.5-Ounce, Black</p><p>$9.99 ($4.00 / Fl Oz)</p><a href="https://www.amazon.com/dp/B00C1JUJWW?tag=eloabder-20&linkCode=osi&th=1&psc=1">View Product</a></div><div class="product"><a href="https://www.amazon.com/dp/B004PZ1ZJG?tag=eloabder-20&linkCode=osi&th=1&psc=1"><img src="https://m.media-amazon.com/images/I/41+GkhhpR5L._SL500_.jpg" alt="Product Image"></a><p>Speedball Water-Soluble Block Printing Ink Starter Set, 4-Color Set, 1.25-Ounce Tubes</p><p>$20.99</p><a href="https://www.amazon.com/dp/B004PZ1ZJG?tag=eloabder-20&linkCode=osi&th=1&psc=1">View Product</a></div><div class="product"><a href="https://www.amazon.com/dp/B0017CZF3C?tag=eloabder-20&linkCode=osi&th=1&psc=1"><img src="https://m.media-amazon.com/images/I/41S17SYPAZL._SL500_.jpg" alt="Product Image"></a><p>Speedball Water Soluble Block Printing Ink, Black, 2-1/2 Ounces - 380663</p><p>$9.99</p><a href="https://www.amazon.com/dp/B0017CZF3C?tag=eloabder-20&linkCode=osi&th=1&psc=1">View Product</a></div><div class="product"><a href="https://www.amazon.com/dp/B0BXNX8FSH?tag=eloabder-20&linkCode=osi&th=1&psc=1"><img src="https://m.media-amazon.com/images/I/51JGm1VxVOL._SL500_.jpg" alt="Product Image"></a><p>Falling in Art Water-Soluble Block Printing Ink, 6-Color Printmaking Ink Set for Linoleum Block, 3.5 floz</p><p>$28.99</p><a href="https://www.amazon.com/dp/B0BXNX8FSH?tag=eloabder-20&linkCode=osi&th=1&psc=1">View Product</a></div><div class="product"><a href="https://www.amazon.com/dp/B0027ACJBO?tag=eloabder-20&linkCode=osi&th=1&psc=1"><img src="https://m.media-amazon.com/images/I/41OzayB9ojL._SL500_.jpg" alt="Product Image"></a><p>Speedball 3476 Oil-Based Block Printing Ink Starter Set for Professional, Permanent Prints AP Certified – 1.25 FL OZ Tubes</p><p>$33.99</p><a href="https://www.amazon.com/dp/B0027ACJBO?tag=eloabder-20&linkCode=osi&th=1&psc=1">View Product</a></div>
<div class="product"><a href="https://www.amazon.com/dp/B0027AGDWK?tag=eloabder-20&linkCode=osi&th=1&psc=1"><img src="https://m.media-amazon.com/images/I/515LDer6GPL._SL500_.jpg" alt="Product Image"></a><p>Speedball Deluxe Block Printing Kit - Includes Inks, Brayer, Bench Hook, Lino Handle and Cutters, Speedy-Carve Block, Mounted Linoleum Block</p><p>$59.99</p><a href="https://www.amazon.com/dp/B0027AGDWK?tag=eloabder-20&linkCode=osi&th=1&psc=1">View Product</a></div><div class="product"><a href="https://www.amazon.com/dp/B07ZJBZN5S?tag=eloabder-20&linkCode=osi&th=1&psc=1"><img src="https://m.media-amazon.com/images/I/41UbN58y9uS._SL500_.jpg" alt="Product Image"></a><p>SGHUO 12pcs 4"x6" Pink Rubber Carving Blocks Linoleum Block Stamp Making Kit</p><p>$22.99 ($1.92 / Count)</p><a href="https://www.amazon.com/dp/B07ZJBZN5S?tag=eloabder-20&linkCode=osi&th=1&psc=1">View Product</a></div>
<div class="product"><a href="https://www.amazon.com/dp/B00L2DYUM8?tag=eloabder-20&linkCode=osi&th=1&psc=1"><img src="https://m.media-amazon.com/images/I/51l5FZ0+5AL._SL500_.jpg" alt="Product Image"></a><p>Strathmore 300 Series Printmaking Paper Pad, Glue Bound, 5x7 inches, 40 Sheets (120g) - Artist Paper for Adults and Students - Block Printing, Linocut, Screen Printing, White</p><p>$7.26</p><a href="https://www.amazon.com/dp/B00L2DYUM8?tag=eloabder-20&linkCode=osi&th=1&psc=1">View Product</a></div><div class="product"><a href="https://www.amazon.com/dp/B07BSYS5XC?tag=eloabder-20&linkCode=osi&th=1&psc=1"><img src="https://m.media-amazon.com/images/I/51Uwfq0jv+L._SL500_.jpg" alt="Product Image"></a><p>Ucreate Printmaking Paper, 9"x12", White, 100 Sheet, P9001</p><p>$9.79</p><a href="https://www.amazon.com/dp/B07BSYS5XC?tag=eloabder-20&linkCode=osi&th=1&psc=1">View Product</a></div><div class="product"><a href="https://www.amazon.com/dp/B00K5562WA?tag=eloabder-20&linkCode=osi&th=1&psc=1"><img src="https://m.media-amazon.com/images/I/51Dm+TeJGdL._SL500_.jpg" alt="Product Image"></a><p>Strathmore Printmaking Paper Pad 8"X10"-20 Sheets -62433800, White</p><p>$10.19</p><a href="https://www.amazon.com/dp/B00K5562WA?tag=eloabder-20&linkCode=osi&th=1&psc=1">View Product</a></div><div class="product"><a href="https://www.amazon.com/dp/B001DNH8I0?tag=eloabder-20&linkCode=osi&th=1&psc=1"><img src="https://m.media-amazon.com/images/I/51UzoKdUojL._SL500_.jpg" alt="Product Image"></a><p>Black Ink 9-Inch by 12-Inch Bleached Mulberry Block Printing Paper, 25-Pack</p><p>$19.35 ($0.77 / Count)</p><a href="https://www.amazon.com/dp/B001DNH8I0?tag=eloabder-20&linkCode=osi&th=1&psc=1">View Product</a></div><div class="product"><a href="https://www.amazon.com/dp/B00C6G6L5Y?tag=eloabder-20&linkCode=osi&th=1&psc=1"><img src="https://m.media-amazon.com/images/I/5103h0Rm8sL._SL500_.jpg" alt="Product Image"></a><p>Black Ink Thai Mulberry Block Printing Paper Packs small assorted colors</p><p>$21.99</p><a href="https://www.amazon.com/dp/B00C6G6L5Y?tag=eloabder-20&linkCode=osi&th=1&psc=1">View Product</a></div>
<div class="product"><a href="https://www.amazon.com/dp/B003IG27OK?tag=eloabder-20&linkCode=osi&th=1&psc=1"><img src="https://m.media-amazon.com/images/I/416NUaYo1DL._SL500_.jpg" alt="Product Image"></a><p>Speedball Block Printing Baren - Comfortable Wooden Handle, Made in the USA - 4 Inches</p><p>$29.49</p><a href="https://www.amazon.com/dp/B003IG27OK?tag=eloabder-20&linkCode=osi&th=1&psc=1">View Product</a></div>
<div class="product"><a href="https://www.amazon.com/dp/B0CMZYY8CJ?tag=eloabder-20&linkCode=osi&th=1&psc=1"><img src="https://m.media-amazon.com/images/I/41TifSIP7SL._SL500_.jpg" alt="Product Image"></a><p>Ecoofor Blotting Paper for Flower Press, 20 Sheets Highly Absorbent and Reusable Blotter Paper for Flower Press Paper Craft 9 x 9 inch</p><p>$9.99</p><a href="https://www.amazon.com/dp/B0CMZYY8CJ?tag=eloabder-20&linkCode=osi&th=1&psc=1">View Product</a></div><div class="product"><a href="https://www.amazon.com/dp/B0CYRT3RM4?tag=eloabder-20&linkCode=osi&th=1&psc=1"><img src="https://m.media-amazon.com/images/I/31+qvVq3giL._SL500_.jpg" alt="Product Image"></a><p>Hygge & Sage Premium Natural Fiber Blotting Paper for Flower Press Art; 20 Large Sheets for a Press up to 8x11 Inches; Absorbent, Versatile, and Acid-Free Reusable Blotter Paper for Flower Pressing</p><p>$9.50 ($0.48 / Count)</p><a href="https://www.amazon.com/dp/B0CYRT3RM4?tag=eloabder-20&linkCode=osi&th=1&psc=1">View Product</a></div><div class="product"><a href="https://www.amazon.com/dp/B0D41GDLHM?tag=eloabder-20&linkCode=osi&th=1&psc=1"><img src="https://m.media-amazon.com/images/I/41LIF5dHXaL._SL500_.jpg" alt="Product Image"></a><p>Aboofx 20 Sheets Blotting Paper for Flower Press, 15" x 10" Extra Large Highly Absorbent Blotter Paper for Flower Press Reusable Herbarium Paper Craft Blotter Paper Sheets</p><p>$19.99</p><a href="https://www.amazon.com/dp/B0D41GDLHM?tag=eloabder-20&linkCode=osi&th=1&psc=1">View Product</a></div><div class="product"><a href="https://www.amazon.com/dp/B0CQMMYSBR?tag=eloabder-20&linkCode=osi&th=1&psc=1"><img src="https://m.media-amazon.com/images/I/413SlUi6IDL._SL500_.jpg" alt="Product Image"></a><p>Wisreach Blotting Paper for Flower Press, 20 Sheets Flower Press Paper Highly Absorbent and Reusable Blotter Paper for Flower Art A4 Size 8.26 x 11.4 inch</p><p>$9.99</p><a href="https://www.amazon.com/dp/B0CQMMYSBR?tag=eloabder-20&linkCode=osi&th=1&psc=1">View Product</a></div><div class="product"><a href="https://www.amazon.com/dp/B093FQ22PG?tag=eloabder-20&linkCode=osi&th=1&psc=1"><img src="https://m.media-amazon.com/images/I/41B2jXhe+QL._SL500_.jpg" alt="Product Image"></a><p>Blotting Paper for Flower Press by Berstuk® • Large A4 Flower Press Paper • Highly Absorbent and Reusable Herbarium Paper • Pack of 10 Blotter Paper Sheets</p><p>$6.99 ($69.90 / 100 Sheets)</p><a href="https://www.amazon.com/dp/B093FQ22PG?tag=eloabder-20&linkCode=osi&th=1&psc=1">View Product</a></div><div class="product"><a href="https://www.amazon.com/dp/B0C6PW4VGB?tag=eloabder-20&linkCode=osi&th=1&psc=1"><img src="https://m.media-amazon.com/images/I/21C64VB3iVL._SL500_.jpg" alt="Product Image"></a><p>PATIKIL 16"x12" Flower Press Paper, 1 Set/30 Sheet Refill Lining Blotter Paper Absorbent Reusable Blotting Paper for DIY Art Handicraft Scrapbook</p><p>$11.19</p><a href="https://www.amazon.com/dp/B0C6PW4VGB?tag=eloabder-20&linkCode=osi&th=1&psc=1">View Product</a></div><div class="product"><a href="https://www.amazon.com/dp/B0C6PTK915?tag=eloabder-20&linkCode=osi&th=1&psc=1"><img src="https://m.media-amazon.com/images/I/21UviFCGjtL._SL500_.jpg" alt="Product Image"></a><p>PATIKIL 12"x8" Flower Press Paper, 2 Set/60 Sheet Refill Lining Blotter Paper Absorbent Reusable Blotting Paper for DIY Art Handicraft Scrapbook</p><p>$13.69</p><a href="https://www.amazon.com/dp/B0C6PTK915?tag=eloabder-20&linkCode=osi&th=1&psc=1">View Product</a></div><div class="product"><a href="https://www.amazon.com/dp/B0CDJZ4MD7?tag=eloabder-20&linkCode=osi&th=1&psc=1"><img src="https://m.media-amazon.com/images/I/41iwkW+QQOL._SL500_.jpg" alt="Product Image"></a><p>30 PCS Blotting Paper for Flower Press Large A4 Flower Press Paper Highly Absorbent and Reusable Blotter Paper Refill Lining Paper for Flower Press Art Craft Scrapbook Making, 11.8 x 7.9 Inches Blue</p><p>$9.99</p><a href="https://www.amazon.com/dp/B0CDJZ4MD7?tag=eloabder-20&linkCode=osi&th=1&psc=1">View Product</a></div>

<div class="product"><a href="https://www.amazon.com/dp/B0D2T4F1DZ?tag=eloabder-20&linkCode=osi&th=1&psc=1"><img src="https://m.media-amazon.com/images/I/41KNcatyBWL._SL500_.jpg" alt="Product Image"></a><p>10pcs Book Cloth,14”x10”,Fabric Surface and Paper Backed, book cloth for book binding,book binding fabric,5 Colors Bookbinding Cloth for DIY fabric book cover,bookbinding paper (Style B)</p><p>$9.99</p><a href="https://www.amazon.com/dp/B0D2T4F1DZ?tag=eloabder-20&linkCode=osi&th=1&psc=1">View Product</a></div><div class="product"><a href="https://www.amazon.com/dp/B0CMD2LWR8?tag=eloabder-20&linkCode=osi&th=1&psc=1"><img src="https://m.media-amazon.com/images/I/31QVUZVSB+L._SL500_.jpg" alt="Product Image"></a><p>Mozeat Lens 33 ft Bookbinding Tape Book Tape Repair Book Binding Tape Cloth Book Repair Kit 2 Inch Wide Book Spine Tape Cloth Bookbinding Repair Tape White Book Tape for Reinforcing Book Spine Tape</p><p>$7.99</p><a href="https://www.amazon.com/dp/B0CMD2LWR8?tag=eloabder-20&linkCode=osi&th=1&psc=1">View Product</a></div><div class="product"><a href="https://www.amazon.com/dp/B0D1KC168C?tag=eloabder-20&linkCode=osi&th=1&psc=1"><img src="https://m.media-amazon.com/images/I/31wWgk-1V4L._SL500_.jpg" alt="Product Image"></a><p>AKONEGE Book Cloth for Book Binding 35 x 16 Inch Fabric Surface and Paper Backed, Strong, Easy to Use, Fabric Materials Bookbinding Supplies Bookcloth for Scrapbooking Album DIY Crafts, Black</p><p>$9.99</p><a href="https://www.amazon.com/dp/B0D1KC168C?tag=eloabder-20&linkCode=osi&th=1&psc=1">View Product</a></div><div class="product"><a href="https://www.amazon.com/dp/B0BC48CCWW?tag=eloabder-20&linkCode=osi&th=1&psc=1"><img src="https://m.media-amazon.com/images/I/41vTc+L-XyL._SL500_.jpg" alt="Product Image"></a><p>Wooqu Book Cloth, Fabric Surface and Paper Backed, Easy to Use, Strong, 17x29”, for Book Binding, Dark Green</p><p>$13.99</p><a href="https://www.amazon.com/dp/B0BC48CCWW?tag=eloabder-20&linkCode=osi&th=1&psc=1">View Product</a></div><div class="product"><a href="https://www.amazon.com/dp/B00W3S7LU4?tag=eloabder-20&linkCode=osi&th=1&psc=1"><img src="https://m.media-amazon.com/images/I/41mUL1LmSHS._SL500_.jpg" alt="Product Image"></a><p>BookGuard 2 inch Premium Bookbinding Repair Cloth Tape, 15 Yard Roll Burgundy</p><p>$14.95</p><a href="https://www.amazon.com/dp/B00W3S7LU4?tag=eloabder-20&linkCode=osi&th=1&psc=1">View Product</a></div>

<div class="product"><a href="https://www.amazon.com/dp/B08217DGL7?tag=eloabder-20&linkCode=osi&th=1&psc=1"><img src="https://m.media-amazon.com/images/I/51Gy-qfph7L._SL500_.jpg" alt="Product Image"></a><p>24 Colors Waxed Thread, Leather Sewing Thread,Hand Stitching Thread for Hand Sewing Leather and Bookbinding, 13Yards Per Color</p><p>$11.99 ($0.01 / Foot)</p><a href="https://www.amazon.com/dp/B08217DGL7?tag=eloabder-20&linkCode=osi&th=1&psc=1">View Product</a></div><div class="product"><a href="https://www.amazon.com/dp/B08GCHJ3FP?tag=eloabder-20&linkCode=osi&th=1&psc=1"><img src="https://m.media-amazon.com/images/I/41TK-XNxTFL._SL500_.jpg" alt="Product Image"></a><p>FANDOL 100% Natural Linen Thread Waxed thread for Bookbingding, Leather Sewing, Beading or Macrame (Natural)</p><p>$14.98</p><a href="https://www.amazon.com/dp/B08GCHJ3FP?tag=eloabder-20&linkCode=osi&th=1&psc=1">View Product</a></div><div class="product"><a href="https://www.amazon.com/dp/B0025U108E?tag=eloabder-20&linkCode=osi&th=1&psc=1"><img src="https://m.media-amazon.com/images/I/4172yrURiVL._SL500_.jpg" alt="Product Image"></a><p>Books by Hand Linen Thread, Archival Quality Natural Unbleached and Unwaxed, 50 Yards 35/3 Gauge, Ideal for Bookbinding and Sewing Signatures</p><p>$9.47</p><a href="https://www.amazon.com/dp/B0025U108E?tag=eloabder-20&linkCode=osi&th=1&psc=1">View Product</a></div><div class="product"><a href="https://www.amazon.com/dp/B08S78KLRN?tag=eloabder-20&linkCode=osi&th=1&psc=1"><img src="https://m.media-amazon.com/images/I/413NGMtJdrL._SL500_.jpg" alt="Product Image"></a><p>Jupean Waxed Thread, 150m /164Yards Beige Leather Waxed Thread, Leather Sewing Thread, Hand Stitching Thread for Hand Sewing Leather, Bookbinding, and Beginners Leather Craft DIY</p><p>$6.49 ($0.01 / Foot)</p><a href="https://www.amazon.com/dp/B08S78KLRN?tag=eloabder-20&linkCode=osi&th=1&psc=1">View Product</a></div><div class="product"><a href="https://www.amazon.com/dp/B015D9E6UM?tag=eloabder-20&linkCode=osi&th=1&psc=1"><img src="https://m.media-amazon.com/images/I/51VnWPI+Q5L._SL500_.jpg" alt="Product Image"></a><p>Lineco, Natural Waxed Linen Thread 20 Yards, Books by Hand Natural, Black, Brown Color for Sewing, Bookbinding (3/Pkg)</p><p>$13.77</p><a href="https://www.amazon.com/dp/B015D9E6UM?tag=eloabder-20&linkCode=osi&th=1&psc=1">View Product</a></div>
<div class="product"><a href="https://www.amazon.com/dp/B0CMD53C1C?tag=eloabder-20&linkCode=osi&th=1&psc=1"><img src="https://m.media-amazon.com/images/I/31dU4wqS0rL._SL500_.jpg" alt="Product Image"></a><p>5-in-1 Bookbinding Kit,Book Cover Guide, Bookbinding Cover Tool, Stainless Steel Book Binding Kit, Bookbinding Ruler, Scrapbooking Tools for Making Book Cover Chipboard Covers Album Planner</p><p>$7.88</p><a href="https://www.amazon.com/dp/B0CMD53C1C?tag=eloabder-20&linkCode=osi&th=1&psc=1">View Product</a></div>
<div class="product"><a href="https://www.amazon.com/dp/B007TIEG6U?tag=eloabder-20&linkCode=osi&th=1&psc=1"><img src="https://m.media-amazon.com/images/I/31d6r6R5lGL._SL500_.jpg" alt="Product Image"></a><p>Handy Art Empty 2 ounce Marker Bottle, Dauber Tip and Cap, 12-Each (900-003) , White</p><p>$23.12 ($1.93 / Count)</p><a href="https://www.amazon.com/dp/B007TIEG6U?tag=eloabder-20&linkCode=osi&th=1&psc=1">View Product</a></div>
<div class="product"><a href="https://www.amazon.com/dp/B07YDNKSH6?tag=eloabder-20&linkCode=osi&th=1&psc=1"><img src="https://m.media-amazon.com/images/I/41JGrHa7mSL._SL500_.jpg" alt="Product Image"></a><p>4-Inch Rubber Brayer Roller for Printmaking, Great for Gluing Application Also. (Original Version)</p><p>$6.99</p><a href="https://www.amazon.com/dp/B07YDNKSH6?tag=eloabder-20&linkCode=osi&th=1&psc=1">View Product</a></div>
<div class="product"><a href="https://www.amazon.com/dp/B005U7BNPE?tag=eloabder-20&linkCode=osi&th=1&psc=1"><img src="https://m.media-amazon.com/images/I/418YfTClSxL._SL500_.jpg" alt="Product Image"></a><p>Apple Barrel Acrylic Paint in Assorted Colors (2 oz), 20513, Bright Yellow</p><p>$0.58 ($0.29 / Fl Oz)</p><a href="https://www.amazon.com/dp/B005U7BNPE?tag=eloabder-20&linkCode=osi&th=1&psc=1">View Product</a></div><div class="product"><a href="https://www.amazon.com/dp/B099DWCRZ5?tag=eloabder-20&linkCode=osi&th=1&psc=1"><img src="https://m.media-amazon.com/images/I/41rr5hT-8TL._SL500_.jpg" alt="Product Image"></a><p>milo Fluorescent Acrylic Paint Set of 6 Colors | 4 oz Bottles | Student Neon Colors Acrylics Painting Pack | Made in the USA | Non-Toxic Art & Craft Paints for Artists, Kids, & Hobby Painters</p><p>$22.90 ($0.95 / Fl Oz)</p><a href="https://www.amazon.com/dp/B099DWCRZ5?tag=eloabder-20&linkCode=osi&th=1&psc=1">View Product</a></div><div class="product"><a href="https://www.amazon.com/dp/B07ZPPPWPL?tag=eloabder-20&linkCode=osi&th=1&psc=1"><img src="https://m.media-amazon.com/images/I/51Vqk2rrZwL._SL500_.jpg" alt="Product Image"></a><p>Apple Barrel, Pastel Dreams & Vivid Wonders Collection Acrylic Craft Paint, PROMOTCK, 2 fl oz each, 18 assorted matte colors, 18 count</p><p>$22.66 ($0.63 / Fl Oz)</p><a href="https://www.amazon.com/dp/B07ZPPPWPL?tag=eloabder-20&linkCode=osi&th=1&psc=1">View Product</a></div><div class="product"><a href="https://www.amazon.com/dp/B0CKQR52XC?tag=eloabder-20&linkCode=osi&th=1&psc=1"><img src="https://m.media-amazon.com/images/I/51WTPlhN2WL._SL500_.jpg" alt="Product Image"></a><p>ARTME Glow in The Dark Paint, 10 Bright Colors 60ml/2oz Blacklight Paint Set, Neon Craft Paint, Acrylic Glow Fluorescent Paint Perfect for Art Painting, DIY projects, Halloween and Christmas</p><p>$23.99 ($1.20 / Fl Oz)</p><a href="https://www.amazon.com/dp/B0CKQR52XC?tag=eloabder-20&linkCode=osi&th=1&psc=1">View Product</a></div><div class="product"><a href="https://www.amazon.com/dp/B09XXHBL3Y?tag=eloabder-20&linkCode=osi&th=1&psc=1"><img src="https://m.media-amazon.com/images/I/51taBeDdeIL._SL500_.jpg" alt="Product Image"></a><p>Fantastory Glow in the Dark Acrylic Paint, 10 Extra Bright Colors, 30ml/1oz Waterproof Glow in Dark Paint,Indoor Outdoor Blacklight Paint for Kids,Adults, Rocks,Walls,Halloween,Craft &Fabric</p><p>$9.99 ($1.00 / Fl Oz)</p><a href="https://www.amazon.com/dp/B09XXHBL3Y?tag=eloabder-20&linkCode=osi&th=1&psc=1">View Product</a></div><div class="product"><a href="https://www.amazon.com/dp/B0BS3JM8ZR?tag=eloabder-20&linkCode=osi&th=1&psc=1"><img src="https://m.media-amazon.com/images/I/51S8FteGgPL._SL500_.jpg" alt="Product Image"></a><p>Acrylic Paint, Shuttle Art 24 Colors Acrylic Paint Bottle Set, 250ml/8.45oz Each, Rich Pigments, High Viscosity, Bulk Paint for Artists, Beginners and Kids Painting on Rocks Crafts Canvas Wood Ceramic</p><p>$49.99 ($0.25 / Fl Oz)</p><a href="https://www.amazon.com/dp/B0BS3JM8ZR?tag=eloabder-20&linkCode=osi&th=1&psc=1">View Product</a></div><div class="product"><a href="https://www.amazon.com/dp/B00CIW3EDI?tag=eloabder-20&linkCode=osi&th=1&psc=1"><img src="https://m.media-amazon.com/images/I/41PMnxyBo5L._SL500_.jpg" alt="Product Image"></a><p>FolkArt Multi-Surface Acrylic Paint in Assorted Colors (2 oz), 2896, Bright Pink</p><p>$1.47 ($0.74 / Fl Oz)</p><a href="https://www.amazon.com/dp/B00CIW3EDI?tag=eloabder-20&linkCode=osi&th=1&psc=1">View Product</a></div><div class="product"><a href="https://www.amazon.com/dp/B085ZB5ZK9?tag=eloabder-20&linkCode=osi&th=1&psc=1"><img src="https://m.media-amazon.com/images/I/51nmRq1eicL._SL500_.jpg" alt="Product Image"></a><p>FolkArt 4 Bottle Multi-Surface Acrylic Paint Set, 2oz, Neon Blacklight Colors</p><p>$8.12 ($1.02 / Fl Oz)</p><a href="https://www.amazon.com/dp/B085ZB5ZK9?tag=eloabder-20&linkCode=osi&th=1&psc=1">View Product</a></div><div class="product"><a href="https://www.amazon.com/dp/B08N585VN5?tag=eloabder-20&linkCode=osi&th=1&psc=1"><img src="https://m.media-amazon.com/images/I/51nwFBdxwVL._SL500_.jpg" alt="Product Image"></a><p>Acrylic Paint Set Value Pack of 12 Colors | Craft Painting Kit with 2 oz Squeeze Bottles for Beginners, Artists, Professionals | Non-Toxic Water Based Paints for Canvas, Paper, Wood | Bright Hues</p><p>$11.99 ($0.50 / Fl Oz)</p><a href="https://www.amazon.com/dp/B08N585VN5?tag=eloabder-20&linkCode=osi&th=1&psc=1">View Product</a></div>
<div class="product"><a href="https://www.amazon.com/dp/B0009RRT9Y?tag=eloabder-20&linkCode=osi&th=1&psc=1"><img src="https://m.media-amazon.com/images/I/51ZhyYPOB5L._SL500_.jpg" alt="Product Image"></a><p>General Pencil Company The Masters Brush Cleaner & Preserver 2.5 0z.</p><p>$12.00</p><a href="https://www.amazon.com/dp/B0009RRT9Y?tag=eloabder-20&linkCode=osi&th=1&psc=1">View Product</a></div><div class="product"><a href="https://www.amazon.com/dp/B00F38YVQS?tag=eloabder-20&linkCode=osi&th=1&psc=1"><img src="https://m.media-amazon.com/images/I/51yjmSTzzML._SL500_.jpg" alt="Product Image"></a><p>B & J Original Brush Cleaner - 2.5 Oz/12ct Display</p><p>$12.77</p><a href="https://www.amazon.com/dp/B00F38YVQS?tag=eloabder-20&linkCode=osi&th=1&psc=1">View Product</a></div><div class="product"><a href="https://www.amazon.com/dp/B004BN7QQ8?tag=eloabder-20&linkCode=osi&th=1&psc=1"><img src="https://m.media-amazon.com/images/I/31fEWB-h4VL._SL500_.jpg" alt="Product Image"></a><p>Winsor & Newton Brush Cleaner & Restorer, 16.0-oz Bottle</p><p>$21.87 ($1.37 / Fl Oz)</p><a href="https://www.amazon.com/dp/B004BN7QQ8?tag=eloabder-20&linkCode=osi&th=1&psc=1">View Product</a></div><div class="product"><a href="https://www.amazon.com/dp/B09NCHL2LM?tag=eloabder-20&linkCode=osi&th=1&psc=1"><img src="https://m.media-amazon.com/images/I/31UzwasdL6L._SL500_.jpg" alt="Product Image"></a><p>U.S. Art Supply Brush Cleaner and Restorer, 4 Ounce Bottle - Quickly Cleans Paint Brushes, Airbrushes, Art Tools - Cleaning Solution to Remove Dried On Acrylic, Oil and Water-Based Paint Colors</p><p>$8.99 ($2.25 / Fl Oz)</p><a href="https://www.amazon.com/dp/B09NCHL2LM?tag=eloabder-20&linkCode=osi&th=1&psc=1">View Product</a></div><div class="product"><a href="https://www.amazon.com/dp/B09J8L55SK?tag=eloabder-20&linkCode=osi&th=1&psc=1"><img src="https://m.media-amazon.com/images/I/41qgWS2nSsL._SL500_.jpg" alt="Product Image"></a><p>Green Piece® Paint Brush Cleaner and Restorer for Art Paint Brushes - 100% Natural - Non-Toxic - Wet or Dry Paint - No Chemicals - Oil or Acrylic Paints, Wood and Metal - Amazing Power - 18 Oz</p><p>$19.88</p><a href="https://www.amazon.com/dp/B09J8L55SK?tag=eloabder-20&linkCode=osi&th=1&psc=1">View Product</a></div><div class="product"><a href="https://www.amazon.com/dp/B0027A79I2?tag=eloabder-20&linkCode=osi&th=1&psc=1"><img src="https://m.media-amazon.com/images/I/31J6S+mCjuL._SL500_.jpg" alt="Product Image"></a><p>Pink Soap 12-Ounce Paint Brush Cleaner and Conditioner, Solution Cleans and Restores, Removes Dried Paint on Airbrushes and Other Artist Tools & Supplies</p><p>$15.49 ($1.29 / Fl Oz)</p><a href="https://www.amazon.com/dp/B0027A79I2?tag=eloabder-20&linkCode=osi&th=1&psc=1">View Product</a></div><div class="product"><a href="https://www.amazon.com/dp/B0027AEANE?tag=eloabder-20&linkCode=osi&th=1&psc=1"><img src="https://m.media-amazon.com/images/I/51bHOLU1pVL._SL500_.jpg" alt="Product Image"></a><p>General Pencil General 105-BP Pencil Masters Brush Cleaner & Preserver, 1 Pack, Clear</p><p>$9.99 ($4.00 / Ounce)</p><a href="https://www.amazon.com/dp/B0027AEANE?tag=eloabder-20&linkCode=osi&th=1&psc=1">View Product</a></div>

<div class="product"><a href="https://www.amazon.com/dp/B00N9UUWLA?tag=eloabder-20&linkCode=osi&th=1&psc=1"><img src="https://m.media-amazon.com/images/I/41be4n09wZL._SL500_.jpg" alt="Product Image"></a><p>Pentel Arts Portable Pocket Brush Pen (Medium Point), 1Pen & 2Refills</p><p>$7.00</p><a href="https://www.amazon.com/dp/B00N9UUWLA?tag=eloabder-20&linkCode=osi&th=1&psc=1">View Product</a></div><div class="product"><a href="https://www.amazon.com/dp/B07DQ4292Y?tag=eloabder-20&linkCode=osi&th=1&psc=1"><img src="https://m.media-amazon.com/images/I/41-kgHpaPvL._SL500_.jpg" alt="Product Image"></a><p>Tombow 62039 Fudenosuke Brush Pens, 3-Pack. Soft, Hard, and Twin Tip Markers for Calligraphy and Art Drawings</p><p>$7.59 ($2.53 / Count)</p><a href="https://www.amazon.com/dp/B07DQ4292Y?tag=eloabder-20&linkCode=osi&th=1&psc=1">View Product</a></div><div class="product"><a href="https://www.amazon.com/dp/B0995FNMKW?tag=eloabder-20&linkCode=osi&th=1&psc=1"><img src="https://m.media-amazon.com/images/I/51kpGsTNvlL._SL500_.jpg" alt="Product Image"></a><p>WRITECH Arts Sign Brush Pen Brush Tip Marker Felt Tip Water Based Ink Color Pens 12 Assorted Vintage Colors Great for Lettering Journaling Calligraphy (Vintage)</p><p>$13.99 ($1.17 / Count)</p><a href="https://www.amazon.com/dp/B0995FNMKW?tag=eloabder-20&linkCode=osi&th=1&psc=1">View Product</a></div><div class="product"><a href="https://www.amazon.com/dp/B07H89R749?tag=eloabder-20&linkCode=osi&th=1&psc=1"><img src="https://m.media-amazon.com/images/I/51nTGZ-eAsL._SL500_.jpg" alt="Product Image"></a><p>Tombow Fudenosuke Brush Pen - Hard - 10 Colors Set (WS-BH10C)</p><p>$11.73</p><a href="https://www.amazon.com/dp/B07H89R749?tag=eloabder-20&linkCode=osi&th=1&psc=1">View Product</a></div><div class="product"><a href="https://www.amazon.com/dp/B002PIFTRE?tag=eloabder-20&linkCode=osi&th=1&psc=1"><img src="https://m.media-amazon.com/images/I/41IVnNPD1hL._SL500_.jpg" alt="Product Image"></a><p>Pentel Color Brush Pen, Black (GFLBP101)</p><p>$7.89</p><a href="https://www.amazon.com/dp/B002PIFTRE?tag=eloabder-20&linkCode=osi&th=1&psc=1">View Product</a></div>
<div class="product"><a href="https://www.amazon.com/dp/B0CLLSY2BT?tag=eloabder-20&linkCode=osi&th=1&psc=1"><img src="https://m.media-amazon.com/images/I/51sQM3lrN9L._SL500_.jpg" alt="Product Image"></a><p>CUGEBANNA Paint Brush Washer,Airtight Stainless Steel Brush Cleaner for Oil Painting Acrylic,Brush Washer with Cleaning Beads and Wringer</p><p>$22.99</p><a href="https://www.amazon.com/dp/B0CLLSY2BT?tag=eloabder-20&linkCode=osi&th=1&psc=1">View Product</a></div><div class="product"><a href="https://www.amazon.com/dp/B013PB35N4?tag=eloabder-20&linkCode=osi&th=1&psc=1"><img src="https://m.media-amazon.com/images/I/419miJHrhtL._SL500_.jpg" alt="Product Image"></a><p>US Art Supply Deluxe Brush Cleaner-Brush Washer with Wash Tank</p><p>$18.99</p><a href="https://www.amazon.com/dp/B013PB35N4?tag=eloabder-20&linkCode=osi&th=1&psc=1">View Product</a></div>
<div class="product"><a href="https://www.amazon.com/dp/B07GH7WGC3?tag=eloabder-20&linkCode=osi&th=1&psc=1"><img src="https://m.media-amazon.com/images/I/51vzX1OZI6L._SL500_.jpg" alt="Product Image"></a><p>BOSOBO Paint Brushes Set, 2 Pack 20 Pcs Round-Pointed Tip Paintbrushes Nylon Hair Artist Acrylic Paint Brushes for Acrylic Oil Watercolor, Face Nail Art, Miniature Detailing & Rock Painting, Blue</p><p>$7.49 ($0.37 / Count)</p><a href="https://www.amazon.com/dp/B07GH7WGC3?tag=eloabder-20&linkCode=osi&th=1&psc=1">View Product</a></div><div class="product"><a href="https://www.amazon.com/dp/B078XJ2DCJ?tag=eloabder-20&linkCode=osi&th=1&psc=1"><img src="https://m.media-amazon.com/images/I/616oHEXPN1S._SL500_.jpg" alt="Product Image"></a><p>Pro Grade - Chip Paint Brushes - 36-Pack - 2 Inch Chip Brush for Paints, Stains, Varnishes, Glues, & Gesso</p><p>$17.99</p><a href="https://www.amazon.com/dp/B078XJ2DCJ?tag=eloabder-20&linkCode=osi&th=1&psc=1">View Product</a></div>

<div class="product"><a href="https://www.amazon.com/dp/B0D3HPD7WP?tag=eloabder-20&linkCode=osi&th=1&psc=1"><img src="https://m.media-amazon.com/images/I/31KSmmAWUWL._SL500_.jpg" alt="Product Image"></a><p>50 Sheets Grey Cardstock Paper, Colored Printer Paper 8.5 x 11, Thick Construction Paper for Cards Making, Scrapbook，Office Printing, Invitations, Certificates，DIY Crafting 92 lb/250gsm</p><p>$9.99</p><a href="https://www.amazon.com/dp/B0D3HPD7WP?tag=eloabder-20&linkCode=osi&th=1&psc=1">View Product</a></div>
<div class="product"><a href="https://www.amazon.com/dp/B076CP6F36?tag=eloabder-20&linkCode=osi&th=1&psc=1"><img src="https://m.media-amazon.com/images/I/51rfEIvgI+L._SL500_.jpg" alt="Product Image"></a><p>Apple Barrel, Vibrant Spectrum Collection Acrylic Craft Paint, PROMOABIII, 2 fl oz each, 16 assorted matte colors, 16 count</p><p>$15.97 ($0.50 / Fl Oz)</p><a href="https://www.amazon.com/dp/B076CP6F36?tag=eloabder-20&linkCode=osi&th=1&psc=1">View Product</a></div><div class="product"><a href="https://www.amazon.com/dp/B0BKFLSYQF?tag=eloabder-20&linkCode=osi&th=1&psc=1"><img src="https://m.media-amazon.com/images/I/51a0PmPRknL._SL500_.jpg" alt="Product Image"></a><p>72 Pack Acrylic Paint Set, Shuttle Art 60 Colors Acrylic Paint Including Extra White Black & 12 Brushes, 2oz/60ml, Rich Pigmented, Water Proof, Ideal for Artists, Beginners on Canvas Rock Wood Ceramic</p><p>$45.99 ($23.00 / Fl Oz)</p><a href="https://www.amazon.com/dp/B0BKFLSYQF?tag=eloabder-20&linkCode=osi&th=1&psc=1">View Product</a></div><div class="product"><a href="https://www.amazon.com/dp/B08CB3JH79?tag=eloabder-20&linkCode=osi&th=1&psc=1"><img src="https://m.media-amazon.com/images/I/51OUZsFdnTL._SL500_.jpg" alt="Product Image"></a><p>Acrylic Paint Set of 36 Colors 2fl oz 60ml Bottles,Non Toxic 36 Colors Acrylic Paint No Fading Rich Pigment for Kids Adults Artists Canvas Crafts Wood Painting</p><p>$32.99 ($0.46 / Fl Oz)</p><a href="https://www.amazon.com/dp/B08CB3JH79?tag=eloabder-20&linkCode=osi&th=1&psc=1">View Product</a></div><div class="product"><a href="https://www.amazon.com/dp/B0018NBVKQ?tag=eloabder-20&linkCode=osi&th=1&psc=1"><img src="https://m.media-amazon.com/images/I/31YlSvZMTCL._SL500_.jpg" alt="Product Image"></a><p>Apple Barrel Acrylic Paint in Assorted Colors (8 Ounce), 20403 White</p><p>$2.67 ($0.33 / Fl Oz)</p><a href="https://www.amazon.com/dp/B0018NBVKQ?tag=eloabder-20&linkCode=osi&th=1&psc=1">View Product</a></div><div class="product"><a href="https://www.amazon.com/dp/B077WSBLZ1?tag=eloabder-20&linkCode=osi&th=1&psc=1"><img src="https://m.media-amazon.com/images/I/51KPkXpLn1L._SL500_.jpg" alt="Product Image"></a><p>Shuttle Art Acrylic Paint Set, 30 x12ml Tubes Artist Quality Non Toxic Rich Pigments Colors Great for Kids Adults Professional Painting on Rocks Canvas Wood Clay Fabric Ceramic Crafts</p><p>$12.99 ($1.08 / Fl Oz)</p><a href="https://www.amazon.com/dp/B077WSBLZ1?tag=eloabder-20&linkCode=osi&th=1&psc=1">View Product</a></div><div class="product"><a href="https://www.amazon.com/dp/B00889Z5Y6?tag=eloabder-20&linkCode=osi&th=1&psc=1"><img src="https://m.media-amazon.com/images/I/41MQjsyDbSL._SL500_.jpg" alt="Product Image"></a><p>Apple Barrel Acrylic Paint in Assorted Colors (2 oz), 20764, Apricot</p><p>$0.58 ($0.29 / Fl Oz)</p><a href="https://www.amazon.com/dp/B00889Z5Y6?tag=eloabder-20&linkCode=osi&th=1&psc=1">View Product</a></div><div class="product"><a href="https://www.amazon.com/dp/B09TWQD5ZL?tag=eloabder-20&linkCode=osi&th=1&psc=1"><img src="https://m.media-amazon.com/images/I/41B0L003QXL._SL500_.jpg" alt="Product Image"></a><p>Artkey Acrylic Paint Set - 24 colors 2 oz/59 ml Acrylic Paints Professional Artists Painting Kit for Canvases Fabric Rock Leather Easter Egg Wood Ceramic Glass Art Craft Painting</p><p>$19.99 ($0.42 / Fl Oz)</p><a href="https://www.amazon.com/dp/B09TWQD5ZL?tag=eloabder-20&linkCode=osi&th=1&psc=1">View Product</a></div><div class="product"><a href="https://www.amazon.com/dp/B07Z93LQDB?tag=eloabder-20&linkCode=osi&th=1&psc=1"><img src="https://m.media-amazon.com/images/I/51veoN6zK0L._SL500_.jpg" alt="Product Image"></a><p>Shuttle Art Acrylic Paint Set, 36 Colors Acrylic Paint with Brushes & Palette, 2oz Bottles, Rich Pigments Non-toxic Paint for Artists Kids & Adults, Art Supplies for Canvas Rock Ceramic Wood Painting</p><p>$27.99</p><a href="https://www.amazon.com/dp/B07Z93LQDB?tag=eloabder-20&linkCode=osi&th=1&psc=1">View Product</a></div><div class="product"><a href="https://www.amazon.com/dp/B002665SYY?tag=eloabder-20&linkCode=osi&th=1&psc=1"><img src="https://m.media-amazon.com/images/I/31sJJeWK6OS._SL500_.jpg" alt="Product Image"></a><p>Liquitex BASICS Acrylic Paint, 250ml (8.5-oz) Tube, Titanium White</p><p>$9.99 ($1.18 / Fl Oz)</p><a href="https://www.amazon.com/dp/B002665SYY?tag=eloabder-20&linkCode=osi&th=1&psc=1">View Product</a></div>
<div class="product"><a href="https://www.amazon.com/dp/B0CC98XLGL?tag=eloabder-20&linkCode=osi&th=1&psc=1"><img src="https://m.media-amazon.com/images/I/51ZLw+nThiL._SL500_.jpg" alt="Product Image"></a><p>HUIRUSO 4 Pack Double Sided Tape Roller, Scrapbook Supplies, Glue Tape Roller for Crafts, Double-Sided Adhesive Tape Runner for Scrapbooking, School Office Journaling Supplies (0.31 in X 26.25 ft)</p><p>$6.99 ($1.75 / Count)</p><a href="https://www.amazon.com/dp/B0CC98XLGL?tag=eloabder-20&linkCode=osi&th=1&psc=1">View Product</a></div><div class="product"><a href="https://www.amazon.com/dp/B007XAAE6K?tag=eloabder-20&linkCode=osi&th=1&psc=1"><img src="https://m.media-amazon.com/images/I/414qxYVR0wL._SL500_.jpg" alt="Product Image"></a><p>Scotch Double Sided Tape Runner, 1-Pack, 0.27 in x 26 ft., Perfect for Holiday Crafts, Gifts, and More</p><p>$4.47</p><a href="https://www.amazon.com/dp/B007XAAE6K?tag=eloabder-20&linkCode=osi&th=1&psc=1">View Product</a></div><div class="product"><a href="https://www.amazon.com/dp/B0BZVGPFSK?tag=eloabder-20&linkCode=osi&th=1&psc=1"><img src="https://m.media-amazon.com/images/I/51-ue9+7JkL._SL500_.jpg" alt="Product Image"></a><p>Birllaid Double Sided Tape for Walls, Picture Hanging Strips Removable Mounting Dots Adhesive Heavy Duty, Removable for Art Craft, Decoration, Party Supplies, Multipurpose</p><p>$11.99</p><a href="https://www.amazon.com/dp/B0BZVGPFSK?tag=eloabder-20&linkCode=osi&th=1&psc=1">View Product</a></div><div class="product"><a href="https://www.amazon.com/dp/B0CGVN9SL1?tag=eloabder-20&linkCode=osi&th=1&psc=1"><img src="https://m.media-amazon.com/images/I/41Hy+i4CnoL._SL500_.jpg" alt="Product Image"></a><p>30Ft x 1 Inch Hook and Loop Strips with Adhesive,Double Rolls of Heavy Duty Self Adhesive Tape with Backing, Nylon Self Adhesive Tape for Home Office School and Crafting,White</p><p>$9.99</p><a href="https://www.amazon.com/dp/B0CGVN9SL1?tag=eloabder-20&linkCode=osi&th=1&psc=1">View Product</a></div><div class="product"><a href="https://www.amazon.com/dp/B07Y3VDPLF?tag=eloabder-20&linkCode=osi&th=1&psc=1"><img src="https://m.media-amazon.com/images/I/41cyKQ2OMuL._SL500_.jpg" alt="Product Image"></a><p>Melsan 1x4 inch Hook and Loop Strips with Adhesive - 15 Sets, Strong Back Adhesive Fasten Mounting Tape for Home or Office Use - Instead of Holes and Screws, Black</p><p>$7.82</p><a href="https://www.amazon.com/dp/B07Y3VDPLF?tag=eloabder-20&linkCode=osi&th=1&psc=1">View Product</a></div><div class="product"><a href="https://www.amazon.com/dp/B07V57VJT5?tag=eloabder-20&linkCode=osi&th=1&psc=1"><img src="https://m.media-amazon.com/images/I/514JO3bvl3L._SL500_.jpg" alt="Product Image"></a><p>XFasten Adhesive Roller for Scrapbooking, 8mm x 30ft 4-Pack Double Sided Glue Tape Roller, Scrapbook Supplies for Adults, Photo Tape for Scrapbooking</p><p>$9.99 ($2.50 / Count)</p><a href="https://www.amazon.com/dp/B07V57VJT5?tag=eloabder-20&linkCode=osi&th=1&psc=1">View Product</a></div><div class="product"><a href="https://www.amazon.com/dp/B07JLTGQHX?tag=eloabder-20&linkCode=osi&th=1&psc=1"><img src="https://m.media-amazon.com/images/I/51Eqfo7kUZL._SL500_.jpg" alt="Product Image"></a><p>UPINS 120 Pack Double Sided Foam Tape Square Self-Adhesive Foam Tape Black Strong Tape Pads for DIY Art Crafts Supplies</p><p>$9.99 ($0.08 / Count)</p><a href="https://www.amazon.com/dp/B07JLTGQHX?tag=eloabder-20&linkCode=osi&th=1&psc=1">View Product</a></div><div class="product"><a href="https://www.amazon.com/dp/B005FM6XF4?tag=eloabder-20&linkCode=osi&th=1&psc=1"><img src="https://m.media-amazon.com/images/I/51-vp1WJ89L._SL500_.jpg" alt="Product Image"></a><p>AdTech 5603 Permanent Crafter's Tape, 0.31" x 315", Pack of 4</p><p>$7.84 ($0.07 / Foot)</p><a href="https://www.amazon.com/dp/B005FM6XF4?tag=eloabder-20&linkCode=osi&th=1&psc=1">View Product</a></div><div class="product"><a href="https://www.amazon.com/dp/B0CJF1FLFJ?tag=eloabder-20&linkCode=osi&th=1&psc=1"><img src="https://m.media-amazon.com/images/I/51dig1RqzdL._SL500_.jpg" alt="Product Image"></a><p>UPINS 150Pack Double Sided Foam Tape Strong Sticky Double Sided Foam Pads for Crafts Self-Adhesive Mounting Foam Tape Heavy Duty for Home Wall Decor 40 * 40 * 2mm</p><p>$8.99 ($0.06 / Count)</p><a href="https://www.amazon.com/dp/B0CJF1FLFJ?tag=eloabder-20&linkCode=osi&th=1&psc=1">View Product</a></div><div class="product"><a href="https://www.amazon.com/dp/B0D4YWRGCL?tag=eloabder-20&linkCode=osi&th=1&psc=1"><img src="https://m.media-amazon.com/images/I/41EqJ553-KL._SL500_.jpg" alt="Product Image"></a><p>Amanbo Glue Tape for Scrapbooking, 6 Pack Scrapbook Tape, Double Sided Tape Roller for Crafts, Total 120 Ft x 0.24 in Tape Runner, Craft Supplies for Scrapbooking, Gift Wrapping and Photo Tape</p><p>$6.99</p><a href="https://www.amazon.com/dp/B0D4YWRGCL?tag=eloabder-20&linkCode=osi&th=1&psc=1">View Product</a></div>
<div class="product"><a href="https://www.amazon.com/dp/B0CC5HPPTN?tag=eloabder-20&linkCode=osi&th=1&psc=1"><img src="https://m.media-amazon.com/images/I/519M81S201L._SL500_.jpg" alt="Product Image"></a><p>Airbrush Paint - 30 Colors with 3 Thinner, Ready to Spray Airbrush Paint Set, Water-Based Acrylic Air brush Paints for Metal, Plastic Models, Canvas, Wood, 20ml/Bottle</p><p>$32.99 ($1.48 / Fl Oz)</p><a href="https://www.amazon.com/dp/B0CC5HPPTN?tag=eloabder-20&linkCode=osi&th=1&psc=1">View Product</a></div>
<div class="product"><a href="https://www.amazon.com/dp/B0CXPSGK36?tag=eloabder-20&linkCode=osi&th=1&psc=1"><img src="https://m.media-amazon.com/images/I/51dd2dYOtrL._SL500_.jpg" alt="Product Image"></a><p>Letter Stickers 30 Sheets 1500 PCS Large Alphabet Sticker 2 Inch Vinyl Self Adhesive Stick on Stickers for Water Bottles Cup Mailbox Number Address Craft Scrapbooking Bulletin Board Decor Multicolor</p><p>$9.99</p><a href="https://www.amazon.com/dp/B0CXPSGK36?tag=eloabder-20&linkCode=osi&th=1&psc=1">View Product</a></div><div class="product"><a href="https://www.amazon.com/dp/B07NNYFMGY?tag=eloabder-20&linkCode=osi&th=1&psc=1"><img src="https://m.media-amazon.com/images/I/51yDnU+gEXL._SL500_.jpg" alt="Product Image"></a><p>20 Sheets Alphabet Letter Stickers 10 Colors Self Adhesive Sticker Colorful PU Material Convex Feeling (Colored Letter Stickers 1)</p><p>$6.99 ($0.35 / Count)</p><a href="https://www.amazon.com/dp/B07NNYFMGY?tag=eloabder-20&linkCode=osi&th=1&psc=1">View Product</a></div>

<div class="product"><a href="https://www.amazon.com/dp/B01DDN8854?tag=eloabder-20&linkCode=osi&th=1&psc=1"><img src="https://m.media-amazon.com/images/I/61dPubDZBSL._SL500_.jpg" alt="Product Image"></a><p>Hugs 'n Kisses HNKHABY13 Applique Paper (20 Pack)</p><p>$19.72 ($0.99 / Count)</p><a href="https://www.amazon.com/dp/B01DDN8854?tag=eloabder-20&linkCode=osi&th=1&psc=1">View Product</a></div>
<div class="product"><a href="https://www.amazon.com/dp/B09KPNFJW1?tag=eloabder-20&linkCode=osi&th=1&psc=1"><img src="https://m.media-amazon.com/images/I/41abn5fELmL._SL500_.jpg" alt="Product Image"></a><p>UniPleased Disposable Aprons (50 Count), Plastic apron for Painting Party, Cooking, Housework, Picnic etc.</p><p>$5.69</p><a href="https://www.amazon.com/dp/B09KPNFJW1?tag=eloabder-20&linkCode=osi&th=1&psc=1">View Product</a></div>
<div class="product"><a href="https://www.amazon.com/dp/B087M21MM2?tag=eloabder-20&linkCode=osi&th=1&psc=1"><img src="https://m.media-amazon.com/images/I/41Xf-jehhLL._SL500_.jpg" alt="Product Image"></a><p>GOTIDEAL Stretched Canvas, Multi Pack 4x4, 5x7, 8x10,9x12, 11x14 Set of 10, Primed White - 100% Cotton Artist Canvas Boards for Painting, Acrylic Pouring, Oil Paint Dry & Wet Art Media</p><p>$24.99</p><a href="https://www.amazon.com/dp/B087M21MM2?tag=eloabder-20&linkCode=osi&th=1&psc=1">View Product</a></div><div class="product"><a href="https://www.amazon.com/dp/B00OQJYISG?tag=eloabder-20&linkCode=osi&th=1&psc=1"><img src="https://m.media-amazon.com/images/I/31fEDLPkkcL._SL500_.jpg" alt="Product Image"></a><p>6 Count 12” x 16” Super Value Canvas by Artist's Loft Necessities - Acid Free Cotton Canvas for Paint, Acrylic, & Oils - 1 Pack</p><p>$19.99</p><a href="https://www.amazon.com/dp/B00OQJYISG?tag=eloabder-20&linkCode=osi&th=1&psc=1">View Product</a></div><div class="product"><a href="https://www.amazon.com/dp/B09CDKB9HY?tag=eloabder-20&linkCode=osi&th=1&psc=1"><img src="https://m.media-amazon.com/images/I/51+p5xnClGL._SL500_.jpg" alt="Product Image"></a><p>DPDIAN Canvas Boards for Painting 40 Pack, 8 inch x 10 inch Super Value Pack, Artist Canvas Panels for Oil & Acrylic Painting</p><p>$29.99</p><a href="https://www.amazon.com/dp/B09CDKB9HY?tag=eloabder-20&linkCode=osi&th=1&psc=1">View Product</a></div><div class="product"><a href="https://www.amazon.com/dp/B0CFBGP29G?tag=eloabder-20&linkCode=osi&th=1&psc=1"><img src="https://m.media-amazon.com/images/I/3147Az5plbL._SL500_.jpg" alt="Product Image"></a><p>ArtSkills Stretched Canvases for Painting, 12x16 Canvas Painting Supplies for Artists, Blank Canvas Pack, 2-Pack</p><p>$16.99</p><a href="https://www.amazon.com/dp/B0CFBGP29G?tag=eloabder-20&linkCode=osi&th=1&psc=1">View Product</a></div><div class="product"><a href="https://www.amazon.com/dp/B07BNGQ1SS?tag=eloabder-20&linkCode=osi&th=1&psc=1"><img src="https://m.media-amazon.com/images/I/410ZVtygUwS._SL500_.jpg" alt="Product Image"></a><p>PHOENIX Stretched Canvas for Painting 8x10 Inch/10 Value Pack, 8 Oz Triple Primed 5/8 Inch Profile 100% Cotton White Blank Canvas, Artist Framed Canvas for Oil Acrylic & Pouring Art</p><p>$22.99</p><a href="https://www.amazon.com/dp/B07BNGQ1SS?tag=eloabder-20&linkCode=osi&th=1&psc=1">View Product</a></div><div class="product"><a href="https://www.amazon.com/dp/B0922JP1H4?tag=eloabder-20&linkCode=osi&th=1&psc=1"><img src="https://m.media-amazon.com/images/I/41BmiEND1KL._SL500_.jpg" alt="Product Image"></a><p>GOTIDEAL Canvases for Painting, 18 Pack Canvas Boards Multipack 4x4, 5x7, 8x10, 9x12,11x14,Primed White Blank Artist Canvas Variety Pack for Acrylic Paint, Oil Paint, Watercolor, Gouache</p><p>$19.99</p><a href="https://www.amazon.com/dp/B0922JP1H4?tag=eloabder-20&linkCode=osi&th=1&psc=1">View Product</a></div>


<div class="product"><a href="https://www.amazon.com/dp/B0872VFHBH?tag=eloabder-20&linkCode=osi&th=1&psc=1"><img src="https://m.media-amazon.com/images/I/51k3bekQheS._SL500_.jpg" alt="Product Image"></a><p>Bachmore Drawing Pad 9X12 Inch (110lb/180g), 60 Sheets, Top Spiral Bound Multi-Media for Artist Pro & Amateurs | Acrylic Art, Ink, Paint, Oil Pastels,Watercolor Mixed Media Sketch</p><p>$11.99</p><a href="https://www.amazon.com/dp/B0872VFHBH?tag=eloabder-20&linkCode=osi&th=1&psc=1">View Product</a></div><div class="product"><a href="https://www.amazon.com/dp/B0027A75A4?tag=eloabder-20&linkCode=osi&th=1&psc=1"><img src="https://m.media-amazon.com/images/I/51dyOxxcgYL._SL500_.jpg" alt="Product Image"></a><p>Strathmore 200 Series Sketch Pad, 9x12 inch, 100 Sheets, Tape Bound - Artist Sketchbook for Drawing, Illustration, Art Class Students</p><p>$6.99 ($0.07 / Count)</p><a href="https://www.amazon.com/dp/B0027A75A4?tag=eloabder-20&linkCode=osi&th=1&psc=1">View Product</a></div><div class="product"><a href="https://www.amazon.com/dp/B0BV13YQKX?tag=eloabder-20&linkCode=osi&th=1&psc=1"><img src="https://m.media-amazon.com/images/I/41VYfMpvXUL._SL500_.jpg" alt="Product Image"></a><p>Canson Graduate Watercolor Pad, Foldover, 9x12 inch, 20 Sheets | Artist Paper for Adults and Students - Painting, Gouache, Mixed Media and Ink</p><p>$4.97 ($0.41 / Count)</p><a href="https://www.amazon.com/dp/B0BV13YQKX?tag=eloabder-20&linkCode=osi&th=1&psc=1">View Product</a></div><div class="product"><a href="https://www.amazon.com/dp/B0024KMQ6K?tag=eloabder-20&linkCode=osi&th=1&psc=1"><img src="https://m.media-amazon.com/images/I/51sYdvPPUCL._SL500_.jpg" alt="Product Image"></a><p>Strathmore 400 Series Pastel Pad, Assorted Colors, 9"x12" Glue Bound, 24 Sheets</p><p>$9.11</p><a href="https://www.amazon.com/dp/B0024KMQ6K?tag=eloabder-20&linkCode=osi&th=1&psc=1">View Product</a></div><div class="product"><a href="https://www.amazon.com/dp/B00246O6PI?tag=eloabder-20&linkCode=osi&th=1&psc=1"><img src="https://m.media-amazon.com/images/I/517TUmckOIL._SL500_.jpg" alt="Product Image"></a><p>Strathmore 300 Series Drawing Paper Pad, Top Wire Bound, 11x14 inches, 50 Sheets (70lb/114g) - Artist Paper for Adults and Students - Charcoal, Colored Pencil, Ink, Pastel, Marker</p><p>$13.33</p><a href="https://www.amazon.com/dp/B00246O6PI?tag=eloabder-20&linkCode=osi&th=1&psc=1">View Product</a></div>
<div class="product"><a href="https://www.amazon.com/dp/B08ZMH7LJY?tag=eloabder-20&linkCode=osi&th=1&psc=1"><img src="https://m.media-amazon.com/images/I/51mJIsLJA-S._SL500_.jpg" alt="Product Image"></a><p>PANDAFLY Professional Drawing Sketching Pencil Set - 12 Pieces Graphite Pencils(14B - 2H), Ideal for Drawing Art, Sketching, Shading, Artist Pencils for Beginners & Pro Artists</p><p>$5.11</p><a href="https://www.amazon.com/dp/B08ZMH7LJY?tag=eloabder-20&linkCode=osi&th=1&psc=1">View Product</a></div><div class="product"><a href="https://www.amazon.com/dp/B088K1G5NL?tag=eloabder-20&linkCode=osi&th=1&psc=1"><img src="https://m.media-amazon.com/images/I/51F2bOMZWnL._SL500_.jpg" alt="Product Image"></a><p>MARKART Professional Drawing Sketching Pencil Set - 14 Pieces,Graphite,(12B - 4H), Ideal for Drawing Art, Sketching, Shading, Artist Pencils for Beginners & Pro Artists</p><p>$5.24</p><a href="https://www.amazon.com/dp/B088K1G5NL?tag=eloabder-20&linkCode=osi&th=1&psc=1">View Product</a></div><div class="product"><a href="https://www.amazon.com/dp/B08FHMRW4L?tag=eloabder-20&linkCode=osi&th=1&psc=1"><img src="https://m.media-amazon.com/images/I/51Pmn5gjyzL._SL500_.jpg" alt="Product Image"></a><p>Mr. Pen- Sketch Pencils for Drawing, 14 Pack, Drawing Pencils, Art Pencils, Graphite Pencils, Graphite Pencils for Drawing, Art Pencils for Drawing and Shading</p><p>$5.95</p><a href="https://www.amazon.com/dp/B08FHMRW4L?tag=eloabder-20&linkCode=osi&th=1&psc=1">View Product</a></div><div class="product"><a href="https://www.amazon.com/dp/B0BNQ58DC4?tag=eloabder-20&linkCode=osi&th=1&psc=1"><img src="https://m.media-amazon.com/images/I/51e-gQtCcCL._SL500_.jpg" alt="Product Image"></a><p>MARTCOLOR Drawing Sketching Pencils Set, 12 Pack Graphite Pencils(14B - 2H), Ideal for Drawing Art, Sketching, Shading, Artist Pencils for Beginners & Pro Artists</p><p>$5.99</p><a href="https://www.amazon.com/dp/B0BNQ58DC4?tag=eloabder-20&linkCode=osi&th=1&psc=1">View Product</a></div>

<div class="product"><a href="https://www.amazon.com/dp/B0851M3749?tag=eloabder-20&linkCode=osi&th=1&psc=1"><img src="https://m.media-amazon.com/images/I/41KKSGSDl5L._SL500_.jpg" alt="Product Image"></a><p>N NOROCME 12 PCS Blending Stumps and Tortillions Paper Art Blenders with Sandpaper Pencil Sharpener Pointer for Student Artist Charcoal Sketch Drawing Tools</p><p>$4.99</p><a href="https://www.amazon.com/dp/B0851M3749?tag=eloabder-20&linkCode=osi&th=1&psc=1">View Product</a></div><div class="product"><a href="https://www.amazon.com/dp/B09J3HKN8F?tag=eloabder-20&linkCode=osi&th=1&psc=1"><img src="https://m.media-amazon.com/images/I/51Qvx81eQLL._SL500_.jpg" alt="Product Image"></a><p>Eraser Pencils Set for Artists, Wooden Sketch Eraser Pen for Charcoal Drawings, Professional Highlight Painting Eraser for Sketching, Revise Erasing Details for Students Limner</p><p>$6.99</p><a href="https://www.amazon.com/dp/B09J3HKN8F?tag=eloabder-20&linkCode=osi&th=1&psc=1">View Product</a></div>
<div class="product"><a href="https://www.amazon.com/dp/B09WCQ89T8?tag=eloabder-20&linkCode=osi&th=1&psc=1"><img src="https://m.media-amazon.com/images/I/41gZz0qgBFL._SL500_.jpg" alt="Product Image"></a><p>Bernat BABY BLANKET BB Blue Dreams Yarn - 1 Pack of 10.5oz/300g - Polyester - #6 Super Bulky - 220 Yards - Knitting/Crochet</p><p>$6.97</p><a href="https://www.amazon.com/dp/B09WCQ89T8?tag=eloabder-20&linkCode=osi&th=1&psc=1">View Product</a></div><div class="product"><a href="https://www.amazon.com/dp/B07V5JVNFD?tag=eloabder-20&linkCode=osi&th=1&psc=1"><img src="https://m.media-amazon.com/images/I/41IS+HdtiOL._SL500_.jpg" alt="Product Image"></a><p>Lion Brand Yarn Basic Stitch Anti-Pilling Knitting Yarn, Yarn for Crocheting, 1-Pack, Baby Blue</p><p>$8.40 ($0.02 / Foot)</p><a href="https://www.amazon.com/dp/B07V5JVNFD?tag=eloabder-20&linkCode=osi&th=1&psc=1">View Product</a></div><div class="product"><a href="https://www.amazon.com/dp/B01M0AJID2?tag=eloabder-20&linkCode=osi&th=1&psc=1"><img src="https://m.media-amazon.com/images/I/41yVau0AUpL._SL500_.jpg" alt="Product Image"></a><p>Lion Brand Yarn (1 Skein) Lion Brand Yarn Babysoft Baby Yarn Yarn, Little Boy Blue Multicolor</p><p>$7.19 ($0.01 / Foot)</p><a href="https://www.amazon.com/dp/B01M0AJID2?tag=eloabder-20&linkCode=osi&th=1&psc=1">View Product</a></div><div class="product"><a href="https://www.amazon.com/dp/B09W1KHF42?tag=eloabder-20&linkCode=osi&th=1&psc=1"><img src="https://m.media-amazon.com/images/I/41maDlrio5L._SL500_.jpg" alt="Product Image"></a><p>Red Heart Super Saver Light Blue Yarn - 3 Pack of 198g/7oz - Acrylic - 4 Medium (Worsted) - 364 Yards - Knitting/Crochet</p><p>$13.29 ($4.43 / Count)</p><a href="https://www.amazon.com/dp/B09W1KHF42?tag=eloabder-20&linkCode=osi&th=1&psc=1">View Product</a></div><div class="product"><a href="https://www.amazon.com/dp/B08LKVZ3CX?tag=eloabder-20&linkCode=osi&th=1&psc=1"><img src="https://m.media-amazon.com/images/I/41GLizNx8UL._SL500_.jpg" alt="Product Image"></a><p>Bernat Baby Blanket Baby Blue Yarn - 3 Pack of 100g/3.5oz - Polyester - 6 Super Bulky - 72 Yards - Knitting/Crochet</p><p>$21.81</p><a href="https://www.amazon.com/dp/B08LKVZ3CX?tag=eloabder-20&linkCode=osi&th=1&psc=1">View Product</a></div><div class="product"><a href="https://www.amazon.com/dp/B0CHJ95WHJ?tag=eloabder-20&linkCode=osi&th=1&psc=1"><img src="https://m.media-amazon.com/images/I/314E1EQdihL._SL500_.jpg" alt="Product Image"></a><p>NORCIA Soft Velvet Yarn Chenille Yarn for Crocheting Baby Blanket Yarn for Knitting Amigurumi Yarn Fancy Yarn for Crochet Weaving Craft (Baby Blue, 1 Skein)</p><p>$9.99</p><a href="https://www.amazon.com/dp/B0CHJ95WHJ?tag=eloabder-20&linkCode=osi&th=1&psc=1">View Product</a></div>
<div class="product"><a href="https://www.amazon.com/dp/B0779F2TXJ?tag=eloabder-20&linkCode=osi&th=1&psc=1"><img src="https://m.media-amazon.com/images/I/31kqZr8DJzL._SL500_.jpg" alt="Product Image"></a><p>OPENDGO Feather Ballpoint Pen ，Black Ink Vintage Feather Quill Refined Plated Rod Quill Ballpoint Pen For School Writing ▏Wedding Gift Signature Pen (Black)</p><p>$6.97</p><a href="https://www.amazon.com/dp/B0779F2TXJ?tag=eloabder-20&linkCode=osi&th=1&psc=1">View Product</a></div><div class="product"><a href="https://www.amazon.com/dp/B0CQF3BJ3S?tag=eloabder-20&linkCode=osi&th=1&psc=1"><img src="https://m.media-amazon.com/images/I/41gs6AOiP6L._SL500_.jpg" alt="Product Image"></a><p>3 in 1 Retractable Ballpoint Pen with Light and Stylus, Nice Pens for Journaling Writing in The Dark - White/Red Light Tip- 0.7mm Black Ink</p><p>$12.99</p><a href="https://www.amazon.com/dp/B0CQF3BJ3S?tag=eloabder-20&linkCode=osi&th=1&psc=1">View Product</a></div><div class="product"><a href="https://www.amazon.com/dp/B08BBZ3B8G?tag=eloabder-20&linkCode=osi&th=1&psc=1"><img src="https://m.media-amazon.com/images/I/41cMHyw60wL._SL500_.jpg" alt="Product Image"></a><p>Mr. Pen- Pens, Black Pens, 12 Pack, Fast Dry, No Smear Pens, Bible Pens, Pens for Journaling, Pens No Bleed Through, Pens Fine Point, Journal Pens, Fine Tip, Planner Pens, Ball Point Journal Pens</p><p>$9.99</p><a href="https://www.amazon.com/dp/B08BBZ3B8G?tag=eloabder-20&linkCode=osi&th=1&psc=1">View Product</a></div><div class="product"><a href="https://www.amazon.com/dp/B0D4YWWGX6?tag=eloabder-20&linkCode=osi&th=1&psc=1"><img src="https://m.media-amazon.com/images/I/31xHBCCzJqL._SL500_.jpg" alt="Product Image"></a><p>PATIKIL 21cm/8" Feather Ballpoint Pen, 1Pcs Ink Vintage Quill Pen Refined Plated Dip Pen for Calligraphy Writing Signature Wedding Gift, Yellow</p><p>$7.49</p><a href="https://www.amazon.com/dp/B0D4YWWGX6?tag=eloabder-20&linkCode=osi&th=1&psc=1">View Product</a></div>

<div class="product"><a href="https://www.amazon.com/dp/B001TLDEVQ?tag=eloabder-20&linkCode=osi&th=1&psc=1"><img src="https://m.media-amazon.com/images/I/41jYF39F6lL._SL500_.jpg" alt="Product Image"></a><p>Beadalon SuppleMax Illusion Beading Cord, 0.40 mm / 0.016 in, Clear Monofilament, 50 m / 164 ft</p><p>$4.74</p><a href="https://www.amazon.com/dp/B001TLDEVQ?tag=eloabder-20&linkCode=osi&th=1&psc=1">View Product</a></div><div class="product"><a href="https://www.amazon.com/dp/B0D2HVFZ7Q?tag=eloabder-20&linkCode=osi&th=1&psc=1"><img src="https://m.media-amazon.com/images/I/41R66LMYz7L._SL500_.jpg" alt="Product Image"></a><p>Zxiixz 116Yards 0.5mm Bracelet String, Waxed String Cord for Bracelet Making, Beading Thread for Bracelet Beads, Friendship Bracelet String for Bracelet Making, Waxed Polyester Cord for Jewelry Making</p><p>$6.99</p><a href="https://www.amazon.com/dp/B0D2HVFZ7Q?tag=eloabder-20&linkCode=osi&th=1&psc=1">View Product</a></div><div class="product"><a href="https://www.amazon.com/dp/B07BNF8KH5?tag=eloabder-20&linkCode=osi&th=1&psc=1"><img src="https://m.media-amazon.com/images/I/51jVByheyVL._SL500_.jpg" alt="Product Image"></a><p>PH PandaHall 100 Yards 1mm Waxed Cotton Cord Thread Beading String for Bracelet Necklace Making Crafting Beading Macrame Vase Decor, Burlywood</p><p>$7.19 ($0.02 / Foot)</p><a href="https://www.amazon.com/dp/B07BNF8KH5?tag=eloabder-20&linkCode=osi&th=1&psc=1">View Product</a></div><div class="product"><a href="https://www.amazon.com/dp/B07HBPGXJG?tag=eloabder-20&linkCode=osi&th=1&psc=1"><img src="https://m.media-amazon.com/images/I/41xi8gO6kDL._SL500_.jpg" alt="Product Image"></a><p>Paxcoo 0.8mm Elastic String, Stretchy Bracelet String Crystal String Bead Cord for Bracelet, Beading and Jewelry Making (120m)</p><p>$6.99 ($0.02 / Foot)</p><a href="https://www.amazon.com/dp/B07HBPGXJG?tag=eloabder-20&linkCode=osi&th=1&psc=1">View Product</a></div><div class="product"><a href="https://www.amazon.com/dp/B0CNPST7D9?tag=eloabder-20&linkCode=osi&th=1&psc=1"><img src="https://m.media-amazon.com/images/I/41A9VISFC4L._SL500_.jpg" alt="Product Image"></a><p>Kblick Black Nylon String Cord - 1MM 100 Yards Black Twine, Bracelet String for Bracelet Making, Braided Ornament Lanyard Sting, Jewelry Thread Clay Bead String for Crafts, Macrame Satin Cord</p><p>$5.99 ($0.02 / Foot)</p><a href="https://www.amazon.com/dp/B0CNPST7D9?tag=eloabder-20&linkCode=osi&th=1&psc=1">View Product</a></div><div class="product"><a href="https://www.amazon.com/dp/B08GC3JF9X?tag=eloabder-20&linkCode=osi&th=1&psc=1"><img src="https://m.media-amazon.com/images/I/41FQZYhvQpL._SL500_.jpg" alt="Product Image"></a><p>Cheriswelry 100M 0.8mm Nylon Beading Cord Black Chinese Knotting Rattail Macrame Thread String Roll for Jewelry Making Kumihimo Wrapping Supplies DIY Crafts</p><p>$6.99 ($0.02 / Fl Oz)</p><a href="https://www.amazon.com/dp/B08GC3JF9X?tag=eloabder-20&linkCode=osi&th=1&psc=1">View Product</a></div><div class="product"><a href="https://www.amazon.com/dp/B0B3V9RWQC?tag=eloabder-20&linkCode=osi&th=1&psc=1"><img src="https://m.media-amazon.com/images/I/41F-OP+yCxL._SL500_.jpg" alt="Product Image"></a><p>Griffin Silk Bead Cord Perlseide – Black Color – Size 3 (0.50mm) – 2 Meters per Card – Stainless Steel Needle Attached – for Knotting Pearls, Gemstones, Crystals and Beads</p><p>$4.99 ($0.76 / Foot)</p><a href="https://www.amazon.com/dp/B0B3V9RWQC?tag=eloabder-20&linkCode=osi&th=1&psc=1">View Product</a></div><div class="product"><a href="https://www.amazon.com/dp/B08F49YVQP?tag=eloabder-20&linkCode=osi&th=1&psc=1"><img src="https://m.media-amazon.com/images/I/41yCMIpj0rS._SL500_.jpg" alt="Product Image"></a><p>1mm Stretchy Bracelet String, Sturdy Rainbow Elastic String Elastic Cord for Jewelry Making, Necklaces, Beading and Crafts</p><p>$6.99 ($0.04 / Foot)</p><a href="https://www.amazon.com/dp/B08F49YVQP?tag=eloabder-20&linkCode=osi&th=1&psc=1">View Product</a></div>

<div class="product"><a href="https://www.amazon.com/dp/B001GMUBJ6?tag=eloabder-20&linkCode=osi&th=1&psc=1"><img src="https://m.media-amazon.com/images/I/41V5qzn3H5L._SL500_.jpg" alt="Product Image"></a><p>The Beadsmith Fireline by Berkley – Micro-Fused Braided Thread – 6lb. Test, 006”/.15mm Diameter, 50 Yard Spool, Crystal Color – Super Strong Stringing Material for Jewelry Making and Bead Weaving</p><p>$12.59</p><a href="https://www.amazon.com/dp/B001GMUBJ6?tag=eloabder-20&linkCode=osi&th=1&psc=1">View Product</a></div><div class="product"><a href="https://www.amazon.com/dp/B001UAKK0Y?tag=eloabder-20&linkCode=osi&th=1&psc=1"><img src="https://m.media-amazon.com/images/I/41rY1D0wfuL._SL500_.jpg" alt="Product Image"></a><p>Beadalon Wildfire, 0.006 in, 0.15 mm, Break Strength 10 lb / 4.5 kg, Frost, 50 yd / 45 m</p><p>$8.85 ($0.06 / Foot)</p><a href="https://www.amazon.com/dp/B001UAKK0Y?tag=eloabder-20&linkCode=osi&th=1&psc=1">View Product</a></div><div class="product"><a href="https://www.amazon.com/dp/B095WY58F4?tag=eloabder-20&linkCode=osi&th=1&psc=1"><img src="https://m.media-amazon.com/images/I/41mXRfJqcjL._SL500_.jpg" alt="Product Image"></a><p>PH PandaHall 0.1mm Nylon Seed Bead Thread 100 Yards Black White Bracelet Cord Beading Thread Invisible Sewing Thread Nylon Braided Thread String for Leather Stitching Beading Jewelry Bracelets Making</p><p>$9.99 ($0.03 / Foot)</p><a href="https://www.amazon.com/dp/B095WY58F4?tag=eloabder-20&linkCode=osi&th=1&psc=1">View Product</a></div><div class="product"><a href="https://www.amazon.com/dp/B08RN2R2SZ?tag=eloabder-20&linkCode=osi&th=1&psc=1"><img src="https://m.media-amazon.com/images/I/41Tg2MMC++L._SL500_.jpg" alt="Product Image"></a><p>KO Nylon Beading Thread, White Color, Japanese Pre-Waxed 100% Nylon, 330TEX, Tangle Resistant Knotting Cords, 50m /55 yds Spool, Use for Seed Bead Projects, Loom Work & Bead Weaving</p><p>$7.06 ($0.04 / Foot)</p><a href="https://www.amazon.com/dp/B08RN2R2SZ?tag=eloabder-20&linkCode=osi&th=1&psc=1">View Product</a></div><div class="product"><a href="https://www.amazon.com/dp/B09J89ST79?tag=eloabder-20&linkCode=osi&th=1&psc=1"><img src="https://m.media-amazon.com/images/I/41hLuuOZeXL._SL500_.jpg" alt="Product Image"></a><p>2 Roll Polyester Thread, Heavy Duty Thread, 1500Yard/Reel 210D/3 nylon thread for sewing, Sewing Thread for Upholstery, Outdoor Market, Drapery, Leather, Beading, Crafts</p><p>$7.99 ($0.00 / Foot)</p><a href="https://www.amazon.com/dp/B09J89ST79?tag=eloabder-20&linkCode=osi&th=1&psc=1">View Product</a></div><div class="product"><a href="https://www.amazon.com/dp/B0C6MSY7QQ?tag=eloabder-20&linkCode=osi&th=1&psc=1"><img src="https://m.media-amazon.com/images/I/31Bn-MyA62L._SL500_.jpg" alt="Product Image"></a><p>PH PandaHall 0.1mm Nylon String 100 Yards Beading Thread White Nylon Seed Bead Thread Bracelet Beading Thread Sewing String for Leather Stitching Beading Jewelry Bracelets Making</p><p>$7.99 ($0.03 / Foot)</p><a href="https://www.amazon.com/dp/B0C6MSY7QQ?tag=eloabder-20&linkCode=osi&th=1&psc=1">View Product</a></div>

<div class="product"><a href="https://www.amazon.com/dp/B07NMNDT1W?tag=eloabder-20&linkCode=osi&th=1&psc=1"><img src="https://m.media-amazon.com/images/I/41-zwQIcVcL._SL500_.jpg" alt="Product Image"></a><p>Howemon White Beeswax Pellets 2LB 100% Pure and Natural Triple Filtered for Skin, Face, Body and Hair Care DIY Creams, Lotions, Lip Balm and Soap Making Supplies</p><p>$13.99 ($0.44 / Fl Oz)</p><a href="https://www.amazon.com/dp/B07NMNDT1W?tag=eloabder-20&linkCode=osi&th=1&psc=1">View Product</a></div><div class="product"><a href="https://www.amazon.com/dp/B00B3U0FW4?tag=eloabder-20&linkCode=osi&th=1&psc=1"><img src="https://m.media-amazon.com/images/I/51rWFCST+TL._SL500_.jpg" alt="Product Image"></a><p>Beesworks Yellow Beeswax Pellets (1 lb) | 100% Pure, Cosmetic Grade, Triple-Filtered Beeswax for DIY Skin care, Lip Balm, Lotion, and Candle Making</p><p>$13.99 ($0.87 / Ounce)</p><a href="https://www.amazon.com/dp/B00B3U0FW4?tag=eloabder-20&linkCode=osi&th=1&psc=1">View Product</a></div><div class="product"><a href="https://www.amazon.com/dp/B01LWX2IO1?tag=eloabder-20&linkCode=osi&th=1&psc=1"><img src="https://m.media-amazon.com/images/I/41MlNqhDyCL._SL500_.jpg" alt="Product Image"></a><p>Beesworks Yellow Beeswax Bars (6 oz) | 100% Pure, Cosmetic Grade, Triple-Filtered Beeswax for DIY Skin Care, Lip Balm, Lotion and Candle Making (1 oz Bars - Pack of 6)</p><p>$6.99</p><a href="https://www.amazon.com/dp/B01LWX2IO1?tag=eloabder-20&linkCode=osi&th=1&psc=1">View Product</a></div><div class="product"><a href="https://www.amazon.com/dp/B0BV77F19N?tag=eloabder-20&linkCode=osi&th=1&psc=1"><img src="https://m.media-amazon.com/images/I/41xzHaO1-EL._SL500_.jpg" alt="Product Image"></a><p>Beeswax Pellets 10LB Cosmetic Beeswax Triple Filtered Beeswax Pastilles for Candle Making Great for DIY Projects Creams Lotions Lip Balm and Soap Making Supplies(10LB)</p><p>$32.99</p><a href="https://www.amazon.com/dp/B0BV77F19N?tag=eloabder-20&linkCode=osi&th=1&psc=1">View Product</a></div><div class="product"><a href="https://www.amazon.com/dp/B0C9QSG3CY?tag=eloabder-20&linkCode=osi&th=1&psc=1"><img src="https://m.media-amazon.com/images/I/414XQcU6SRL._SL500_.jpg" alt="Product Image"></a><p>YASNAY White Beeswax Pellets 2LB, 100% Organic Beeswax, Beeswax for Candle Making, Body, Skin Care DIY, Lip Balm and Soap Making Supplies</p><p>$11.99</p><a href="https://www.amazon.com/dp/B0C9QSG3CY?tag=eloabder-20&linkCode=osi&th=1&psc=1">View Product</a></div><div class="product"><a href="https://www.amazon.com/dp/B097HTC4WN?tag=eloabder-20&linkCode=osi&th=1&psc=1"><img src="https://m.media-amazon.com/images/I/51pwMM7C6-L._SL500_.jpg" alt="Product Image"></a><p>Eco Lux 8 Yellow Beeswax Blocks 100% Pure Natural Organic Bees Wax 6.5oz</p><p>$8.49 ($1.35 / Ounce)</p><a href="https://www.amazon.com/dp/B097HTC4WN?tag=eloabder-20&linkCode=osi&th=1&psc=1">View Product</a></div><div class="product"><a href="https://www.amazon.com/dp/B00HDHQQCE?tag=eloabder-20&linkCode=osi&th=1&psc=1"><img src="https://m.media-amazon.com/images/I/41vF-7MwNhL._SL500_.jpg" alt="Product Image"></a><p>Murray's 100% Pure Beeswax 4 oz</p><p>$5.98 ($1.50 / Ounce)</p><a href="https://www.amazon.com/dp/B00HDHQQCE?tag=eloabder-20&linkCode=osi&th=1&psc=1">View Product</a></div><div class="product"><a href="https://www.amazon.com/dp/B09YM8JTLM?tag=eloabder-20&linkCode=osi&th=1&psc=1"><img src="https://m.media-amazon.com/images/I/41cjNuBnFEL._SL500_.jpg" alt="Product Image"></a><p>TRINIDa Beeswax Pellets 2LB(32 oz), 100% Organic Yellow Bees Wax for DIY Candles, Beeswax for Candle Making, Skin, Body, Face, and Hair Care, Lotions, DIY Creams, Lip Balm and Soap Making Supplies</p><p>$11.99</p><a href="https://www.amazon.com/dp/B09YM8JTLM?tag=eloabder-20&linkCode=osi&th=1&psc=1">View Product</a></div><div class="product"><a href="https://www.amazon.com/dp/B00F3CNMV4?tag=eloabder-20&linkCode=osi&th=1&psc=1"><img src="https://m.media-amazon.com/images/I/31pjrRAEa4L._SL500_.jpg" alt="Product Image"></a><p>Stakich Yellow Beeswax Block - Natural, Triple Filtered - 1 Pound, Honey Scent</p><p>$13.95 ($0.87 / Ounce)</p><a href="https://www.amazon.com/dp/B00F3CNMV4?tag=eloabder-20&linkCode=osi&th=1&psc=1">View Product</a></div><div class="product"><a href="https://www.amazon.com/dp/B0BXFZBZS9?tag=eloabder-20&linkCode=osi&th=1&psc=1"><img src="https://m.media-amazon.com/images/I/4178i9IB9KL._SL500_.jpg" alt="Product Image"></a><p>5LB Beeswax Pellets Beeswax for Candle Making Organic Beeswax Pellets for Skin Beeswax Beads Beeswax Bulk Beeswax for Lotion Making Organic for DIY and Craft Project</p><p>$22.99</p><a href="https://www.amazon.com/dp/B0BXFZBZS9?tag=eloabder-20&linkCode=osi&th=1&psc=1">View Product</a></div>
<div class="product"><a href="https://www.amazon.com/dp/B0052F1BVK?tag=eloabder-20&linkCode=osi&th=1&psc=1"><img src="https://m.media-amazon.com/images/I/41zE9eiGoLL._SL500_.jpg" alt="Product Image"></a><p>ACC Staples Large Binder Clips, 2" Width, 1" Capacity, Black, 12/Pk</p><p>$6.30</p><a href="https://www.amazon.com/dp/B0052F1BVK?tag=eloabder-20&linkCode=osi&th=1&psc=1">View Product</a></div><div class="product"><a href="https://www.amazon.com/dp/B07MLFR771?tag=eloabder-20&linkCode=osi&th=1&psc=1"><img src="https://m.media-amazon.com/images/I/51N2wxA7N0L._SL500_.jpg" alt="Product Image"></a><p>CooBigo 50 Pack Binder Ring, Metal Book Ring Paper Ring Holder 5/8-Inch Loose Leaf Binder Ring Clip for Index Card, Flash Card Ring, Card Calendar, Keychain Key Ring - Bronze</p><p>$6.99</p><a href="https://www.amazon.com/dp/B07MLFR771?tag=eloabder-20&linkCode=osi&th=1&psc=1">View Product</a></div><div class="product"><a href="https://www.amazon.com/dp/B01563NHGY?tag=eloabder-20&linkCode=osi&th=1&psc=1"><img src="https://m.media-amazon.com/images/I/41gj+0ZftqL._SL500_.jpg" alt="Product Image"></a><p>vanki Pack of 40 Cute Lovely Smiling Face Spring-Loaded File Organizer Paper Holder Metal Binder Clips, Assorted Color</p><p>$8.99</p><a href="https://www.amazon.com/dp/B01563NHGY?tag=eloabder-20&linkCode=osi&th=1&psc=1">View Product</a></div><div class="product"><a href="https://www.amazon.com/dp/B000GOUDSO?tag=eloabder-20&linkCode=osi&th=1&psc=1"><img src="https://m.media-amazon.com/images/I/41ZANISHgML._SL500_.jpg" alt="Product Image"></a><p>Small Binder Clips .75" 8/Pkg-Assorted Colors</p><p>$4.46</p><a href="https://www.amazon.com/dp/B000GOUDSO?tag=eloabder-20&linkCode=osi&th=1&psc=1">View Product</a></div>
<div class="product"><a href="https://www.amazon.com/dp/B07PRPX4VR?tag=eloabder-20&linkCode=osi&th=1&psc=1"><img src="https://m.media-amazon.com/images/I/41IMH12fdPL._SL500_.jpg" alt="Product Image"></a><p>Durable Sheet Lifters, Durable Easy Flow, 11" x 3", Lifts Sheets Over Rings and Protects Sheets from Tearing, Fit Standard 3-Ring Binders, Black (20 Pack)</p><p>$14.99</p><a href="https://www.amazon.com/dp/B07PRPX4VR?tag=eloabder-20&linkCode=osi&th=1&psc=1">View Product</a></div><div class="product"><a href="https://www.amazon.com/dp/B0CM8QJHFW?tag=eloabder-20&linkCode=osi&th=1&psc=1"><img src="https://m.media-amazon.com/images/I/31cJGS74oCL._SL500_.jpg" alt="Product Image"></a><p>Wantane D-Shaped Tape Storage Ring Tape Storage Ring 4" D-Shaped Washi Tape Storage Ring for DIY Decoration and Storage（Nickel）-2PCS</p><p>$7.99</p><a href="https://www.amazon.com/dp/B0CM8QJHFW?tag=eloabder-20&linkCode=osi&th=1&psc=1">View Product</a></div>
<div class="product"><a href="https://www.amazon.com/dp/B00006IAS3?tag=eloabder-20&linkCode=osi&th=1&psc=1"><img src="https://m.media-amazon.com/images/I/317DvSXhT1L._SL500_.jpg" alt="Product Image"></a><p>GBC Binding System, Manual, Desktop Binding Punch, 6 Sheet Punch Capacity, ProClick P50 (2515650)</p><p>$123.89</p><a href="https://www.amazon.com/dp/B00006IAS3?tag=eloabder-20&linkCode=osi&th=1&psc=1">View Product</a></div><div class="product"><a href="https://www.amazon.com/dp/B004BP81KQ?tag=eloabder-20&linkCode=osi&th=1&psc=1"><img src="https://m.media-amazon.com/images/I/51SqfeZ12KL._SL500_.jpg" alt="Product Image"></a><p>We R Memory Keepers Cinch Book Binding Wire (1-Inch, Silver (2 Pack))</p><p>$5.99</p><a href="https://www.amazon.com/dp/B004BP81KQ?tag=eloabder-20&linkCode=osi&th=1&psc=1">View Product</a></div>

<div class="product"><a href="https://www.amazon.com/dp/B0007ZJ8TM?tag=eloabder-20&linkCode=osi&th=1&psc=1"><img src="https://m.media-amazon.com/images/I/41i49sz3UAL._SL500_.jpg" alt="Product Image"></a><p>Speedball Super Black India Ink, 2-Ounce</p><p>$9.99 ($9.99 / Count)</p><a href="https://www.amazon.com/dp/B0007ZJ8TM?tag=eloabder-20&linkCode=osi&th=1&psc=1">View Product</a></div><div class="product"><a href="https://www.amazon.com/dp/B0026I10AI?tag=eloabder-20&linkCode=osi&th=1&psc=1"><img src="https://m.media-amazon.com/images/I/31vklP4uBsL._SL500_.jpg" alt="Product Image"></a><p>Dr. Ph. Martin's Bombay India (7BY) Ink Bottle, 1.0 oz, Black</p><p>$6.99</p><a href="https://www.amazon.com/dp/B0026I10AI?tag=eloabder-20&linkCode=osi&th=1&psc=1">View Product</a></div><div class="product"><a href="https://www.amazon.com/dp/B000KNP96C?tag=eloabder-20&linkCode=osi&th=1&psc=1"><img src="https://m.media-amazon.com/images/I/51e9srYtG0L._SL500_.jpg" alt="Product Image"></a><p>Winsor & Newton Drawing Ink, 14ml Bottle, Black Indian</p><p>$10.99</p><a href="https://www.amazon.com/dp/B000KNP96C?tag=eloabder-20&linkCode=osi&th=1&psc=1">View Product</a></div><div class="product"><a href="https://www.amazon.com/dp/B07BQG5QF4?tag=eloabder-20&linkCode=osi&th=1&psc=1"><img src="https://m.media-amazon.com/images/I/41nEMDYZaiL._SL500_.jpg" alt="Product Image"></a><p>Speedball Super Black India Ink, 16-Ounce</p><p>$19.99</p><a href="https://www.amazon.com/dp/B07BQG5QF4?tag=eloabder-20&linkCode=osi&th=1&psc=1">View Product</a></div><div class="product"><a href="https://www.amazon.com/dp/B001038NLY?tag=eloabder-20&linkCode=osi&th=1&psc=1"><img src="https://m.media-amazon.com/images/I/418i4sxJJ0L._SL500_.jpg" alt="Product Image"></a><p>Speedball Fabric Screen Printing Ink, 8-Ounce, Black for T-Shirt and Silkscreen Printmaking</p><p>$12.99 ($1.62 / Fl Oz)</p><a href="https://www.amazon.com/dp/B001038NLY?tag=eloabder-20&linkCode=osi&th=1&psc=1">View Product</a></div><div class="product"><a href="https://www.amazon.com/dp/B00161OPSA?tag=eloabder-20&linkCode=osi&th=1&psc=1"><img src="https://m.media-amazon.com/images/I/41C32y3CJAL._SL500_.jpg" alt="Product Image"></a><p>Tsukineko VersaFine inkpad, Full-Size, Onyx Black</p><p>$4.99 ($4.99 / Count)</p><a href="https://www.amazon.com/dp/B00161OPSA?tag=eloabder-20&linkCode=osi&th=1&psc=1">View Product</a></div>
<div class="product"><a href="https://www.amazon.com/dp/B07Q4TJCDJ?tag=eloabder-20&linkCode=osi&th=1&psc=1"><img src="https://m.media-amazon.com/images/I/315HYvYg-BL._SL500_.jpg" alt="Product Image"></a><p>Primbeeks 300pcs Blank Business Cards, Premium Blank White Cards, 3.5" x 2.2" Small Blank Cards, Blank Cardstock Cards, Small Note Cards, white blank cards, white business cards, kraft paper cards</p><p>$7.99</p><a href="https://www.amazon.com/dp/B07Q4TJCDJ?tag=eloabder-20&linkCode=osi&th=1&psc=1">View Product</a></div><div class="product"><a href="https://www.amazon.com/dp/B0CRGHFLT8?tag=eloabder-20&linkCode=osi&th=1&psc=1"><img src="https://m.media-amazon.com/images/I/41S1NLpb8hL._SL500_.jpg" alt="Product Image"></a><p>Watercolor Cards and Envelopes Set - 50 Folded 5x7 Inch Blank Heavyweight Paper Cards (140lb/300gsm) with Matching Envelopes for DIY Greeting Cards, Festivals, and Events</p><p>$17.99 ($0.36 / Count)</p><a href="https://www.amazon.com/dp/B0CRGHFLT8?tag=eloabder-20&linkCode=osi&th=1&psc=1">View Product</a></div><div class="product"><a href="https://www.amazon.com/dp/B08MX4TZ3H?tag=eloabder-20&linkCode=osi&th=1&psc=1"><img src="https://m.media-amazon.com/images/I/41D2u4vdLQL._SL500_.jpg" alt="Product Image"></a><p>50 Pack Blank Kraft Cards Cardstock Thick Paper Brown Greeting Cards for DIY Gift Card Menus, Baby Shower and Wedding Invitations (Multicolored, 5x7IN)</p><p>$8.99</p><a href="https://www.amazon.com/dp/B08MX4TZ3H?tag=eloabder-20&linkCode=osi&th=1&psc=1">View Product</a></div><div class="product"><a href="https://www.amazon.com/dp/B08BDGGVMK?tag=eloabder-20&linkCode=osi&th=1&psc=1"><img src="https://m.media-amazon.com/images/I/41W-dTUoBqL._SL500_.jpg" alt="Product Image"></a><p>100pcs 3.54"x2" Blank Kraft Paper Business Card, Words Message Notes paper Tags, Mini Craft Cardboard Festival gifts - 6 colors</p><p>$5.98</p><a href="https://www.amazon.com/dp/B08BDGGVMK?tag=eloabder-20&linkCode=osi&th=1&psc=1">View Product</a></div><div class="product"><a href="https://www.amazon.com/dp/B08BFDJJ78?tag=eloabder-20&linkCode=osi&th=1&psc=1"><img src="https://m.media-amazon.com/images/I/61LZ1Csb+dL._SL500_.jpg" alt="Product Image"></a><p>Nettbe 100pcs 3.54"x2" Blank Kraft Paper Business Card, Words Message Notes paper Tags, Mini Craft Cardboard Festival gifts</p><p>$5.99</p><a href="https://www.amazon.com/dp/B08BFDJJ78?tag=eloabder-20&linkCode=osi&th=1&psc=1">View Product</a></div><div class="product"><a href="https://www.amazon.com/dp/B07Q8YBJM3?tag=eloabder-20&linkCode=osi&th=1&psc=1"><img src="https://m.media-amazon.com/images/I/31w6U4cCqEL._SL500_.jpg" alt="Product Image"></a><p>Primbeeks 228pcs Blank Business Cards, Premium Blank White Cards, 3.5" x 2.2" Small Blank Cards, Blank Cardstock Cards, Small Note Cards, white blank cards, white business cards, kraft paper cards</p><p>$5.99</p><a href="https://www.amazon.com/dp/B07Q8YBJM3?tag=eloabder-20&linkCode=osi&th=1&psc=1">View Product</a></div><div class="product"><a href="https://www.amazon.com/dp/B08X4Z9TGN?tag=eloabder-20&linkCode=osi&th=1&psc=1"><img src="https://m.media-amazon.com/images/I/41Jqhe35tDL._SL500_.jpg" alt="Product Image"></a><p>321Done Blank Rustic Cards, Made in USA - 4x6 Thick, Heavy Cardstock - Make Invites, Greeting, Note, Thank You Cards - Plain Kraft for Writing, Stamping, Printing, Art - No Envelopes - Set of 50</p><p>$14.99</p><a href="https://www.amazon.com/dp/B08X4Z9TGN?tag=eloabder-20&linkCode=osi&th=1&psc=1">View Product</a></div><div class="product"><a href="https://www.amazon.com/dp/B0D2KDWBNM?tag=eloabder-20&linkCode=osi&th=1&psc=1"><img src="https://m.media-amazon.com/images/I/31dAhnBJ7aL._SL500_.jpg" alt="Product Image"></a><p>4x6 Blank White Cardstock (Set of 100) - Card Stock for Printer Postcards, Photo Paper Invitations, Greeting, Note, Thank You, DIY Making, Index Cards - Plain for Writing, Stamping, Printing, Art</p><p>$8.99</p><a href="https://www.amazon.com/dp/B0D2KDWBNM?tag=eloabder-20&linkCode=osi&th=1&psc=1">View Product</a></div><div class="product"><a href="https://www.amazon.com/dp/B0BB858RYN?tag=eloabder-20&linkCode=osi&th=1&psc=1"><img src="https://m.media-amazon.com/images/I/317zmriPKNL._SL500_.jpg" alt="Product Image"></a><p>WANDERINGS Handmade White Deckle Edge Blank Greeting Cards- Folded to 5x7” - Pack of 25 - Writers, Artists, Crafters - Thank Yous, Invitations, Menus, Greeting Cards, Notes - Thick 150 GSM</p><p>$21.99 ($0.88 / Count)</p><a href="https://www.amazon.com/dp/B0BB858RYN?tag=eloabder-20&linkCode=osi&th=1&psc=1">View Product</a></div><div class="product"><a href="https://www.amazon.com/dp/B0BZPPXRZW?tag=eloabder-20&linkCode=osi&th=1&psc=1"><img src="https://m.media-amazon.com/images/I/21Da-WQhrpL._SL500_.jpg" alt="Product Image"></a><p>100 Pack Thick Paper Cardstock Blank Heavy Cards Stock for Invitations, Greeting Cards Making, Postcards, Photos, 250GSM Thick Paper (White, 2x3.5 inches)</p><p>$5.99</p><a href="https://www.amazon.com/dp/B0BZPPXRZW?tag=eloabder-20&linkCode=osi&th=1&psc=1">View Product</a></div>
<div class="product"><a href="https://www.amazon.com/dp/B0BZRDQKH6?tag=eloabder-20&linkCode=osi&th=1&psc=1"><img src="https://m.media-amazon.com/images/I/41GYYRiusgL._SL500_.jpg" alt="Product Image"></a><p>feela 8 Pack Unlined Kraft Paper Notebooks, Blank Journal Note Pad for Drawing Writing, Small Sketchbook Travel Journal Bulk for Women Kids Students Office School Supplies, A5, 60 Pages, 8.3” X 5.5”</p><p>$9.99</p><a href="https://www.amazon.com/dp/B0BZRDQKH6?tag=eloabder-20&linkCode=osi&th=1&psc=1">View Product</a></div><div class="product"><a href="https://www.amazon.com/dp/B0BXLB74KK?tag=eloabder-20&linkCode=osi&th=1&psc=1"><img src="https://m.media-amazon.com/images/I/313vYzg7HpL._SL500_.jpg" alt="Product Image"></a><p>ZZTX 4 Pack Blank Kraft Notebooks, Blank Paper Sketchbooks for Drawing Doodling Writing,Travel Journal Set, A5, 36 Pages, 8.3” X 5.5”</p><p>$5.99</p><a href="https://www.amazon.com/dp/B0BXLB74KK?tag=eloabder-20&linkCode=osi&th=1&psc=1">View Product</a></div><div class="product"><a href="https://www.amazon.com/dp/B0BW5TNPXJ?tag=eloabder-20&linkCode=osi&th=1&psc=1"><img src="https://m.media-amazon.com/images/I/31Wu8UP78iL._SL500_.jpg" alt="Product Image"></a><p>EOOUT Kraft Notebooks, Blank Page Journals in Bulk, 16pcs A5, 8.3 X 5.5 Inches, 60 Pages, 80gsm, Travel Journal Set, for Art Camp, Travelers, Students and Office Supplies Sketchbooks Bulk for Kids</p><p>$15.99</p><a href="https://www.amazon.com/dp/B0BW5TNPXJ?tag=eloabder-20&linkCode=osi&th=1&psc=1">View Product</a></div><div class="product"><a href="https://www.amazon.com/dp/B08P3F46SD?tag=eloabder-20&linkCode=osi&th=1&psc=1"><img src="https://m.media-amazon.com/images/I/41jeBDcZJ1L._SL500_.jpg" alt="Product Image"></a><p>Krafty Soft Cover Blank Notebook Journal, Spiral Sketchbook Pad, Drawing Book, 60 Sheets/140gsm (A4)/120 Pages</p><p>$7.99</p><a href="https://www.amazon.com/dp/B08P3F46SD?tag=eloabder-20&linkCode=osi&th=1&psc=1">View Product</a></div><div class="product"><a href="https://www.amazon.com/dp/B0CWNPMC4T?tag=eloabder-20&linkCode=osi&th=1&psc=1"><img src="https://m.media-amazon.com/images/I/31BZeVGe6TL._SL500_.jpg" alt="Product Image"></a><p>zmybcpack 5 Pack Blank Journal Notebooks, Blank Paper Sketchbook for Drawing Writing, Travel Journal Notebook Kraft Paper Notebook for Travelers, Students, Office, A5, 8.26” x 5.5”, 60 Pages/30 Sheets</p><p>$8.99</p><a href="https://www.amazon.com/dp/B0CWNPMC4T?tag=eloabder-20&linkCode=osi&th=1&psc=1">View Product</a></div><div class="product"><a href="https://www.amazon.com/dp/B07WHYP9WN?tag=eloabder-20&linkCode=osi&th=1&psc=1"><img src="https://m.media-amazon.com/images/I/41ZhyCux1yL._SL500_.jpg" alt="Product Image"></a><p>Thick Blank Journal Notebook with Unlined / Unruled / Plain Pages | Deluxe 120gsm Ink Resistant Paper for Writing, Sketch Book, 160 Pages | Hardcover Sketchbook with Pen Holder, Pocket, Ribbon (Black)</p><p>$14.99</p><a href="https://www.amazon.com/dp/B07WHYP9WN?tag=eloabder-20&linkCode=osi&th=1&psc=1">View Product</a></div>
<div class="product"><a href="https://www.amazon.com/dp/B07MT7HKZW?tag=eloabder-20&linkCode=osi&th=1&psc=1"><img src="https://m.media-amazon.com/images/I/413JwH5JREL._SL500_.jpg" alt="Product Image"></a><p>Spiral Sketch Book Large Notebook（Built-in Drawing Board） Kraft Cover Blank Sketch Pad Wirebound Sketching for Drawing Painting 8.5x11-Inch (2 Pack) 200 Sheets, 100 Sheets, 200Pages Each</p><p>$17.99 ($9.00 / Count)</p><a href="https://www.amazon.com/dp/B07MT7HKZW?tag=eloabder-20&linkCode=osi&th=1&psc=1">View Product</a></div><div class="product"><a href="https://www.amazon.com/dp/B0BDQ82WB9?tag=eloabder-20&linkCode=osi&th=1&psc=1"><img src="https://m.media-amazon.com/images/I/51FoWr3GPwL._SL500_.jpg" alt="Product Image"></a><p>feela 170 Pack Blank Kraft Notebooks, Unlined Sketchbook Mini Cute Note Pad for Drawing Writing, Journal Bulk For Kids Students Office School Supplies, A6, 48 Pages, 4.25” X 5.5”, Black and Brown</p><p>$51.99</p><a href="https://www.amazon.com/dp/B0BDQ82WB9?tag=eloabder-20&linkCode=osi&th=1&psc=1">View Product</a></div><div class="product"><a href="https://www.amazon.com/dp/B0B3WWHWT2?tag=eloabder-20&linkCode=osi&th=1&psc=1"><img src="https://m.media-amazon.com/images/I/31m0FzXtPxL._SL500_.jpg" alt="Product Image"></a><p>Tamaki 6 Pack Colorful Blank Books for kids to Write, Drawing, Cute Sketchbook for Kid, 6 Colors (4.25 x 5.5 Inches)</p><p>$6.99</p><a href="https://www.amazon.com/dp/B0B3WWHWT2?tag=eloabder-20&linkCode=osi&th=1&psc=1">View Product</a></div>
<div class="product"><a href="https://www.amazon.com/dp/B0BGH2P9M6?tag=eloabder-20&linkCode=osi&th=1&psc=1"><img src="https://m.media-amazon.com/images/I/41ozOaYoHEL._SL500_.jpg" alt="Product Image"></a><p>EOOUT 100pcs A5 Kraft Notebooks, Blank Page Journals in Bulk, Sketchbooks Bulk for Kids, 60 Pages, 80GSM, 8.3 X 5.5 Inch, Travel Journal Set, for Art Camp, Travelers, Students and Office Supplies</p><p>$51.99</p><a href="https://www.amazon.com/dp/B0BGH2P9M6?tag=eloabder-20&linkCode=osi&th=1&psc=1">View Product</a></div><div class="product"><a href="https://www.amazon.com/dp/B07MT99F94?tag=eloabder-20&linkCode=osi&th=1&psc=1"><img src="https://m.media-amazon.com/images/I/41Ug7gpSWDL._SL500_.jpg" alt="Product Image"></a><p>Spiral Sketch Book Large Notebook（Built-in Drawing Board） Kraft Cover Blank Sketch Pad Wirebound Sketching for Drawing Painting 8.5x11-Inch (1 Pack) 200 Pages, 100 Sheets</p><p>$9.99</p><a href="https://www.amazon.com/dp/B07MT99F94?tag=eloabder-20&linkCode=osi&th=1&psc=1">View Product</a></div><div class="product"><a href="https://www.amazon.com/dp/B07CM32KLM?tag=eloabder-20&linkCode=osi&th=1&psc=1"><img src="https://m.media-amazon.com/images/I/41ENhBLE9DL._SL500_.jpg" alt="Product Image"></a><p>Kraft Cover Drawing Notebook & Sketchbook – Set of 2 Blank Plain Sketch Books – 125g Thick Paper A5 Size, 150x210mm Paper Ideal for Drawing & Sketching- 128 sheets/256 pages – 180 Degree Opening, 2pcs</p><p>$20.99 ($0.08 / Count)</p><a href="https://www.amazon.com/dp/B07CM32KLM?tag=eloabder-20&linkCode=osi&th=1&psc=1">View Product</a></div><div class="product"><a href="https://www.amazon.com/dp/B08ZLMLF7C?tag=eloabder-20&linkCode=osi&th=1&psc=1"><img src="https://m.media-amazon.com/images/I/41X-5yj83vL._SL500_.jpg" alt="Product Image"></a><p>BEECHMORE BOOKS Sketch Book, A4 8.5 x 11.5 inch Blank Sketchbook for Drawing, Paint and Draw, 156 Pages Thick Paper 160gsm, Hardcover Leather Art Notebook, Boxed for Gifts (Chestnut Brown)</p><p>$21.20</p><a href="https://www.amazon.com/dp/B08ZLMLF7C?tag=eloabder-20&linkCode=osi&th=1&psc=1">View Product</a></div>
<div class="product"><a href="https://www.amazon.com/dp/B075M9MSFH?tag=eloabder-20&linkCode=osi&th=1&psc=1"><img src="https://m.media-amazon.com/images/I/51x+szTX6TL._SL500_.jpg" alt="Product Image"></a><p>Bianyo Bleedproof Marker Paper Pad, A4(8.27"X11.69"), 50 Sheets, 18 LB / 70 GSM, Glue-Bound, 100% Cotton, White, Ideal for Use with Markers and Ink Mediums</p><p>$9.99</p><a href="https://www.amazon.com/dp/B075M9MSFH?tag=eloabder-20&linkCode=osi&th=1&psc=1">View Product</a></div><div class="product"><a href="https://www.amazon.com/dp/B08FX5S2NL?tag=eloabder-20&linkCode=osi&th=1&psc=1"><img src="https://m.media-amazon.com/images/I/41CA0ZfazKL._SL500_.jpg" alt="Product Image"></a><p>Marker Paper Sketchbook, Bleedproof Art Marker Pad, (8.27 X 11.69) Inch, White, 40 Sheets</p><p>$6.99</p><a href="https://www.amazon.com/dp/B08FX5S2NL?tag=eloabder-20&linkCode=osi&th=1&psc=1">View Product</a></div><div class="product"><a href="https://www.amazon.com/dp/B0CJRBFSJ8?tag=eloabder-20&linkCode=osi&th=1&psc=1"><img src="https://m.media-amazon.com/images/I/51DLA8TpwEL._SL500_.jpg" alt="Product Image"></a><p>Shuttle Art Marker Pad, 8.3”x8.9” Portable Square Sketchbook, 80 Sheets Marker Drawing Paper, 120LB/200GSM Bleedproof Art Paper, Spiral-Bound, Great for Professional Artist to Draw, Paint & Sketch</p><p>$16.99</p><a href="https://www.amazon.com/dp/B0CJRBFSJ8?tag=eloabder-20&linkCode=osi&th=1&psc=1">View Product</a></div><div class="product"><a href="https://www.amazon.com/dp/B09N7VX5Z5?tag=eloabder-20&linkCode=osi&th=1&psc=1"><img src="https://m.media-amazon.com/images/I/51xCPs9HZyL._SL500_.jpg" alt="Product Image"></a><p>Marker Paper Sketchbook - Marker Sketchbook with Bleedproof Smooth Coated Art Paper, 120 GSM 80 LBS - Marker Pad for Alcohol Markers, Sketching, Drawing - 8.11 x 8.5 Inch | 50 Sheets, 2 Pack</p><p>$15.99 ($8.00 / Count)</p><a href="https://www.amazon.com/dp/B09N7VX5Z5?tag=eloabder-20&linkCode=osi&th=1&psc=1">View Product</a></div><div class="product"><a href="https://www.amazon.com/dp/B07CK94W9T?tag=eloabder-20&linkCode=osi&th=1&psc=1"><img src="https://m.media-amazon.com/images/I/41ocoSNDjdL._SL500_.jpg" alt="Product Image"></a><p>BOXUN Premium 50 Sheets Sketch Marker Paper Pad, Bleedproof Artist Drawing Paper, 8.27 x 11.69 Inch</p><p>$8.29 ($0.17 / Count)</p><a href="https://www.amazon.com/dp/B07CK94W9T?tag=eloabder-20&linkCode=osi&th=1&psc=1">View Product</a></div><div class="product"><a href="https://www.amazon.com/dp/B0CPXWD11W?tag=eloabder-20&linkCode=osi&th=1&psc=1"><img src="https://m.media-amazon.com/images/I/51ApKzpDVNL._SL500_.jpg" alt="Product Image"></a><p>FEITAKE Marker Paper Pad Sketchbook Bleedproof for Alcohol Markers 120lb/200gsm Double Sided Thick Art Drawing Papers 60pages (30Sheets) / A4(8.3"x11.7") Gift for Artists Students Kids</p><p>$13.99 ($0.47 / Count)</p><a href="https://www.amazon.com/dp/B0CPXWD11W?tag=eloabder-20&linkCode=osi&th=1&psc=1">View Product</a></div><div class="product"><a href="https://www.amazon.com/dp/B0025TWYW6?tag=eloabder-20&linkCode=osi&th=1&psc=1"><img src="https://m.media-amazon.com/images/I/51t6UkUHCvL._SL500_.jpg" alt="Product Image"></a><p>Bee Paper Bleedproof Marker Pack, 8-1/2-Inch by 11-Inch, 50 Sheets per Pack</p><p>$17.09 ($0.34 / Count)</p><a href="https://www.amazon.com/dp/B0025TWYW6?tag=eloabder-20&linkCode=osi&th=1&psc=1">View Product</a></div><div class="product"><a href="https://www.amazon.com/dp/B0CJRBYYQB?tag=eloabder-20&linkCode=osi&th=1&psc=1"><img src="https://m.media-amazon.com/images/I/41knBnjZ25L._SL500_.jpg" alt="Product Image"></a><p>Shuttle Art Marker Pad, 8.3”x7.67” Portable Square Sketchbook, 50 Sheets Marker Drawing Paper, 60LB/90GSM Smooth Surface Bleedproof Art Paper, Glue-Bound, Great for Beginners to Draw, Paint & Sketch</p><p>$8.99 ($0.18 / Count)</p><a href="https://www.amazon.com/dp/B0CJRBYYQB?tag=eloabder-20&linkCode=osi&th=1&psc=1">View Product</a></div>
<div class="product"><a href="https://www.amazon.com/dp/B00881IU8M?tag=eloabder-20&linkCode=osi&th=1&psc=1"><img src="https://m.media-amazon.com/images/I/41hbSgdLBtL._SL500_.jpg" alt="Product Image"></a><p>Speedball Fabric & Paper Block Printing Ink 6-Color Set, 1.25-Ounce x 6</p><p>$28.99 ($28.99 / Count)</p><a href="https://www.amazon.com/dp/B00881IU8M?tag=eloabder-20&linkCode=osi&th=1&psc=1">View Product</a></div><div class="product"><a href="https://www.amazon.com/dp/B000J09PFM?tag=eloabder-20&linkCode=osi&th=1&psc=1"><img src="https://m.media-amazon.com/images/I/51yPRc4nvoL._SL500_.jpg" alt="Product Image"></a><p>Speedball Water-Soluble Block Printing Ink Starter Set, 6 Bold Colors with Satin Finish, 1.25-Ounce Tubes</p><p>$29.99 ($4.00 / Fl Oz)</p><a href="https://www.amazon.com/dp/B000J09PFM?tag=eloabder-20&linkCode=osi&th=1&psc=1">View Product</a></div><div class="product"><a href="https://www.amazon.com/dp/B000BYT24U?tag=eloabder-20&linkCode=osi&th=1&psc=1"><img src="https://m.media-amazon.com/images/I/51pDlo+LlKL._SL500_.jpg" alt="Product Image"></a><p>Speedball Water-Soluble Block Printing Ink, 8-Ounce Jar, Black</p><p>$14.49</p><a href="https://www.amazon.com/dp/B000BYT24U?tag=eloabder-20&linkCode=osi&th=1&psc=1">View Product</a></div><div class="product"><a href="https://www.amazon.com/dp/B00C1JUJWW?tag=eloabder-20&linkCode=osi&th=1&psc=1"><img src="https://m.media-amazon.com/images/I/41zDtJ6f5hL._SL500_.jpg" alt="Product Image"></a><p>Speedball Fabric Block Printing Ink, 2.5-Ounce, Black</p><p>$9.99 ($4.00 / Fl Oz)</p><a href="https://www.amazon.com/dp/B00C1JUJWW?tag=eloabder-20&linkCode=osi&th=1&psc=1">View Product</a></div><div class="product"><a href="https://www.amazon.com/dp/B004PZ1ZJG?tag=eloabder-20&linkCode=osi&th=1&psc=1"><img src="https://m.media-amazon.com/images/I/41+GkhhpR5L._SL500_.jpg" alt="Product Image"></a><p>Speedball Water-Soluble Block Printing Ink Starter Set, 4-Color Set, 1.25-Ounce Tubes</p><p>$20.99</p><a href="https://www.amazon.com/dp/B004PZ1ZJG?tag=eloabder-20&linkCode=osi&th=1&psc=1">View Product</a></div><div class="product"><a href="https://www.amazon.com/dp/B0017CZF3C?tag=eloabder-20&linkCode=osi&th=1&psc=1"><img src="https://m.media-amazon.com/images/I/41S17SYPAZL._SL500_.jpg" alt="Product Image"></a><p>Speedball Water Soluble Block Printing Ink, Black, 2-1/2 Ounces - 380663</p><p>$9.99</p><a href="https://www.amazon.com/dp/B0017CZF3C?tag=eloabder-20&linkCode=osi&th=1&psc=1">View Product</a></div><div class="product"><a href="https://www.amazon.com/dp/B0BXNX8FSH?tag=eloabder-20&linkCode=osi&th=1&psc=1"><img src="https://m.media-amazon.com/images/I/51JGm1VxVOL._SL500_.jpg" alt="Product Image"></a><p>Falling in Art Water-Soluble Block Printing Ink, 6-Color Printmaking Ink Set for Linoleum Block, 3.5 floz</p><p>$28.99</p><a href="https://www.amazon.com/dp/B0BXNX8FSH?tag=eloabder-20&linkCode=osi&th=1&psc=1">View Product</a></div><div class="product"><a href="https://www.amazon.com/dp/B0027ACJBO?tag=eloabder-20&linkCode=osi&th=1&psc=1"><img src="https://m.media-amazon.com/images/I/41OzayB9ojL._SL500_.jpg" alt="Product Image"></a><p>Speedball 3476 Oil-Based Block Printing Ink Starter Set for Professional, Permanent Prints AP Certified – 1.25 FL OZ Tubes</p><p>$33.99</p><a href="https://www.amazon.com/dp/B0027ACJBO?tag=eloabder-20&linkCode=osi&th=1&psc=1">View Product</a></div>
<div class="product"><a href="https://www.amazon.com/dp/B0027AGDWK?tag=eloabder-20&linkCode=osi&th=1&psc=1"><img src="https://m.media-amazon.com/images/I/515LDer6GPL._SL500_.jpg" alt="Product Image"></a><p>Speedball Deluxe Block Printing Kit - Includes Inks, Brayer, Bench Hook, Lino Handle and Cutters, Speedy-Carve Block, Mounted Linoleum Block</p><p>$59.99</p><a href="https://www.amazon.com/dp/B0027AGDWK?tag=eloabder-20&linkCode=osi&th=1&psc=1">View Product</a></div><div class="product"><a href="https://www.amazon.com/dp/B07ZJBZN5S?tag=eloabder-20&linkCode=osi&th=1&psc=1"><img src="https://m.media-amazon.com/images/I/41UbN58y9uS._SL500_.jpg" alt="Product Image"></a><p>SGHUO 12pcs 4"x6" Pink Rubber Carving Blocks Linoleum Block Stamp Making Kit</p><p>$22.99 ($1.92 / Count)</p><a href="https://www.amazon.com/dp/B07ZJBZN5S?tag=eloabder-20&linkCode=osi&th=1&psc=1">View Product</a></div>
<div class="product"><a href="https://www.amazon.com/dp/B00L2DYUM8?tag=eloabder-20&linkCode=osi&th=1&psc=1"><img src="https://m.media-amazon.com/images/I/51l5FZ0+5AL._SL500_.jpg" alt="Product Image"></a><p>Strathmore 300 Series Printmaking Paper Pad, Glue Bound, 5x7 inches, 40 Sheets (120g) - Artist Paper for Adults and Students - Block Printing, Linocut, Screen Printing, White</p><p>$7.26</p><a href="https://www.amazon.com/dp/B00L2DYUM8?tag=eloabder-20&linkCode=osi&th=1&psc=1">View Product</a></div><div class="product"><a href="https://www.amazon.com/dp/B07BSYS5XC?tag=eloabder-20&linkCode=osi&th=1&psc=1"><img src="https://m.media-amazon.com/images/I/51Uwfq0jv+L._SL500_.jpg" alt="Product Image"></a><p>Ucreate Printmaking Paper, 9"x12", White, 100 Sheet, P9001</p><p>$9.79</p><a href="https://www.amazon.com/dp/B07BSYS5XC?tag=eloabder-20&linkCode=osi&th=1&psc=1">View Product</a></div><div class="product"><a href="https://www.amazon.com/dp/B00K5562WA?tag=eloabder-20&linkCode=osi&th=1&psc=1"><img src="https://m.media-amazon.com/images/I/51Dm+TeJGdL._SL500_.jpg" alt="Product Image"></a><p>Strathmore Printmaking Paper Pad 8"X10"-20 Sheets -62433800, White</p><p>$10.19</p><a href="https://www.amazon.com/dp/B00K5562WA?tag=eloabder-20&linkCode=osi&th=1&psc=1">View Product</a></div><div class="product"><a href="https://www.amazon.com/dp/B001DNH8I0?tag=eloabder-20&linkCode=osi&th=1&psc=1"><img src="https://m.media-amazon.com/images/I/51UzoKdUojL._SL500_.jpg" alt="Product Image"></a><p>Black Ink 9-Inch by 12-Inch Bleached Mulberry Block Printing Paper, 25-Pack</p><p>$19.35 ($0.77 / Count)</p><a href="https://www.amazon.com/dp/B001DNH8I0?tag=eloabder-20&linkCode=osi&th=1&psc=1">View Product</a></div><div class="product"><a href="https://www.amazon.com/dp/B00C6G6L5Y?tag=eloabder-20&linkCode=osi&th=1&psc=1"><img src="https://m.media-amazon.com/images/I/5103h0Rm8sL._SL500_.jpg" alt="Product Image"></a><p>Black Ink Thai Mulberry Block Printing Paper Packs small assorted colors</p><p>$21.99</p><a href="https://www.amazon.com/dp/B00C6G6L5Y?tag=eloabder-20&linkCode=osi&th=1&psc=1">View Product</a></div>
<div class="product"><a href="https://www.amazon.com/dp/B003IG27OK?tag=eloabder-20&linkCode=osi&th=1&psc=1"><img src="https://m.media-amazon.com/images/I/416NUaYo1DL._SL500_.jpg" alt="Product Image"></a><p>Speedball Block Printing Baren - Comfortable Wooden Handle, Made in the USA - 4 Inches</p><p>$29.49</p><a href="https://www.amazon.com/dp/B003IG27OK?tag=eloabder-20&linkCode=osi&th=1&psc=1">View Product</a></div>
<div class="product"><a href="https://www.amazon.com/dp/B0CMZYY8CJ?tag=eloabder-20&linkCode=osi&th=1&psc=1"><img src="https://m.media-amazon.com/images/I/41TifSIP7SL._SL500_.jpg" alt="Product Image"></a><p>Ecoofor Blotting Paper for Flower Press, 20 Sheets Highly Absorbent and Reusable Blotter Paper for Flower Press Paper Craft 9 x 9 inch</p><p>$9.99</p><a href="https://www.amazon.com/dp/B0CMZYY8CJ?tag=eloabder-20&linkCode=osi&th=1&psc=1">View Product</a></div><div class="product"><a href="https://www.amazon.com/dp/B0CYRT3RM4?tag=eloabder-20&linkCode=osi&th=1&psc=1"><img src="https://m.media-amazon.com/images/I/31+qvVq3giL._SL500_.jpg" alt="Product Image"></a><p>Hygge & Sage Premium Natural Fiber Blotting Paper for Flower Press Art; 20 Large Sheets for a Press up to 8x11 Inches; Absorbent, Versatile, and Acid-Free Reusable Blotter Paper for Flower Pressing</p><p>$9.50 ($0.48 / Count)</p><a href="https://www.amazon.com/dp/B0CYRT3RM4?tag=eloabder-20&linkCode=osi&th=1&psc=1">View Product</a></div><div class="product"><a href="https://www.amazon.com/dp/B0D41GDLHM?tag=eloabder-20&linkCode=osi&th=1&psc=1"><img src="https://m.media-amazon.com/images/I/41LIF5dHXaL._SL500_.jpg" alt="Product Image"></a><p>Aboofx 20 Sheets Blotting Paper for Flower Press, 15" x 10" Extra Large Highly Absorbent Blotter Paper for Flower Press Reusable Herbarium Paper Craft Blotter Paper Sheets</p><p>$19.99</p><a href="https://www.amazon.com/dp/B0D41GDLHM?tag=eloabder-20&linkCode=osi&th=1&psc=1">View Product</a></div><div class="product"><a href="https://www.amazon.com/dp/B0CQMMYSBR?tag=eloabder-20&linkCode=osi&th=1&psc=1"><img src="https://m.media-amazon.com/images/I/413SlUi6IDL._SL500_.jpg" alt="Product Image"></a><p>Wisreach Blotting Paper for Flower Press, 20 Sheets Flower Press Paper Highly Absorbent and Reusable Blotter Paper for Flower Art A4 Size 8.26 x 11.4 inch</p><p>$9.99</p><a href="https://www.amazon.com/dp/B0CQMMYSBR?tag=eloabder-20&linkCode=osi&th=1&psc=1">View Product</a></div><div class="product"><a href="https://www.amazon.com/dp/B093FQ22PG?tag=eloabder-20&linkCode=osi&th=1&psc=1"><img src="https://m.media-amazon.com/images/I/41B2jXhe+QL._SL500_.jpg" alt="Product Image"></a><p>Blotting Paper for Flower Press by Berstuk® • Large A4 Flower Press Paper • Highly Absorbent and Reusable Herbarium Paper • Pack of 10 Blotter Paper Sheets</p><p>$6.99 ($69.90 / 100 Sheets)</p><a href="https://www.amazon.com/dp/B093FQ22PG?tag=eloabder-20&linkCode=osi&th=1&psc=1">View Product</a></div><div class="product"><a href="https://www.amazon.com/dp/B0C6PW4VGB?tag=eloabder-20&linkCode=osi&th=1&psc=1"><img src="https://m.media-amazon.com/images/I/21C64VB3iVL._SL500_.jpg" alt="Product Image"></a><p>PATIKIL 16"x12" Flower Press Paper, 1 Set/30 Sheet Refill Lining Blotter Paper Absorbent Reusable Blotting Paper for DIY Art Handicraft Scrapbook</p><p>$11.19</p><a href="https://www.amazon.com/dp/B0C6PW4VGB?tag=eloabder-20&linkCode=osi&th=1&psc=1">View Product</a></div><div class="product"><a href="https://www.amazon.com/dp/B0C6PTK915?tag=eloabder-20&linkCode=osi&th=1&psc=1"><img src="https://m.media-amazon.com/images/I/21UviFCGjtL._SL500_.jpg" alt="Product Image"></a><p>PATIKIL 12"x8" Flower Press Paper, 2 Set/60 Sheet Refill Lining Blotter Paper Absorbent Reusable Blotting Paper for DIY Art Handicraft Scrapbook</p><p>$13.69</p><a href="https://www.amazon.com/dp/B0C6PTK915?tag=eloabder-20&linkCode=osi&th=1&psc=1">View Product</a></div><div class="product"><a href="https://www.amazon.com/dp/B0CDJZ4MD7?tag=eloabder-20&linkCode=osi&th=1&psc=1"><img src="https://m.media-amazon.com/images/I/41iwkW+QQOL._SL500_.jpg" alt="Product Image"></a><p>30 PCS Blotting Paper for Flower Press Large A4 Flower Press Paper Highly Absorbent and Reusable Blotter Paper Refill Lining Paper for Flower Press Art Craft Scrapbook Making, 11.8 x 7.9 Inches Blue</p><p>$9.99</p><a href="https://www.amazon.com/dp/B0CDJZ4MD7?tag=eloabder-20&linkCode=osi&th=1&psc=1">View Product</a></div>

<div class="product"><a href="https://www.amazon.com/dp/B0D2T4F1DZ?tag=eloabder-20&linkCode=osi&th=1&psc=1"><img src="https://m.media-amazon.com/images/I/41KNcatyBWL._SL500_.jpg" alt="Product Image"></a><p>10pcs Book Cloth,14”x10”,Fabric Surface and Paper Backed, book cloth for book binding,book binding fabric,5 Colors Bookbinding Cloth for DIY fabric book cover,bookbinding paper (Style B)</p><p>$9.99</p><a href="https://www.amazon.com/dp/B0D2T4F1DZ?tag=eloabder-20&linkCode=osi&th=1&psc=1">View Product</a></div><div class="product"><a href="https://www.amazon.com/dp/B0CMD2LWR8?tag=eloabder-20&linkCode=osi&th=1&psc=1"><img src="https://m.media-amazon.com/images/I/31QVUZVSB+L._SL500_.jpg" alt="Product Image"></a><p>Mozeat Lens 33 ft Bookbinding Tape Book Tape Repair Book Binding Tape Cloth Book Repair Kit 2 Inch Wide Book Spine Tape Cloth Bookbinding Repair Tape White Book Tape for Reinforcing Book Spine Tape</p><p>$7.99</p><a href="https://www.amazon.com/dp/B0CMD2LWR8?tag=eloabder-20&linkCode=osi&th=1&psc=1">View Product</a></div><div class="product"><a href="https://www.amazon.com/dp/B0D1KC168C?tag=eloabder-20&linkCode=osi&th=1&psc=1"><img src="https://m.media-amazon.com/images/I/31wWgk-1V4L._SL500_.jpg" alt="Product Image"></a><p>AKONEGE Book Cloth for Book Binding 35 x 16 Inch Fabric Surface and Paper Backed, Strong, Easy to Use, Fabric Materials Bookbinding Supplies Bookcloth for Scrapbooking Album DIY Crafts, Black</p><p>$9.99</p><a href="https://www.amazon.com/dp/B0D1KC168C?tag=eloabder-20&linkCode=osi&th=1&psc=1">View Product</a></div><div class="product"><a href="https://www.amazon.com/dp/B0BC48CCWW?tag=eloabder-20&linkCode=osi&th=1&psc=1"><img src="https://m.media-amazon.com/images/I/41vTc+L-XyL._SL500_.jpg" alt="Product Image"></a><p>Wooqu Book Cloth, Fabric Surface and Paper Backed, Easy to Use, Strong, 17x29”, for Book Binding, Dark Green</p><p>$13.99</p><a href="https://www.amazon.com/dp/B0BC48CCWW?tag=eloabder-20&linkCode=osi&th=1&psc=1">View Product</a></div><div class="product"><a href="https://www.amazon.com/dp/B00W3S7LU4?tag=eloabder-20&linkCode=osi&th=1&psc=1"><img src="https://m.media-amazon.com/images/I/41mUL1LmSHS._SL500_.jpg" alt="Product Image"></a><p>BookGuard 2 inch Premium Bookbinding Repair Cloth Tape, 15 Yard Roll Burgundy</p><p>$14.95</p><a href="https://www.amazon.com/dp/B00W3S7LU4?tag=eloabder-20&linkCode=osi&th=1&psc=1">View Product</a></div>

<div class="product"><a href="https://www.amazon.com/dp/B08217DGL7?tag=eloabder-20&linkCode=osi&th=1&psc=1"><img src="https://m.media-amazon.com/images/I/51Gy-qfph7L._SL500_.jpg" alt="Product Image"></a><p>24 Colors Waxed Thread, Leather Sewing Thread,Hand Stitching Thread for Hand Sewing Leather and Bookbinding, 13Yards Per Color</p><p>$11.99 ($0.01 / Foot)</p><a href="https://www.amazon.com/dp/B08217DGL7?tag=eloabder-20&linkCode=osi&th=1&psc=1">View Product</a></div><div class="product"><a href="https://www.amazon.com/dp/B08GCHJ3FP?tag=eloabder-20&linkCode=osi&th=1&psc=1"><img src="https://m.media-amazon.com/images/I/41TK-XNxTFL._SL500_.jpg" alt="Product Image"></a><p>FANDOL 100% Natural Linen Thread Waxed thread for Bookbingding, Leather Sewing, Beading or Macrame (Natural)</p><p>$14.98</p><a href="https://www.amazon.com/dp/B08GCHJ3FP?tag=eloabder-20&linkCode=osi&th=1&psc=1">View Product</a></div><div class="product"><a href="https://www.amazon.com/dp/B0025U108E?tag=eloabder-20&linkCode=osi&th=1&psc=1"><img src="https://m.media-amazon.com/images/I/4172yrURiVL._SL500_.jpg" alt="Product Image"></a><p>Books by Hand Linen Thread, Archival Quality Natural Unbleached and Unwaxed, 50 Yards 35/3 Gauge, Ideal for Bookbinding and Sewing Signatures</p><p>$9.47</p><a href="https://www.amazon.com/dp/B0025U108E?tag=eloabder-20&linkCode=osi&th=1&psc=1">View Product</a></div><div class="product"><a href="https://www.amazon.com/dp/B08S78KLRN?tag=eloabder-20&linkCode=osi&th=1&psc=1"><img src="https://m.media-amazon.com/images/I/413NGMtJdrL._SL500_.jpg" alt="Product Image"></a><p>Jupean Waxed Thread, 150m /164Yards Beige Leather Waxed Thread, Leather Sewing Thread, Hand Stitching Thread for Hand Sewing Leather, Bookbinding, and Beginners Leather Craft DIY</p><p>$6.49 ($0.01 / Foot)</p><a href="https://www.amazon.com/dp/B08S78KLRN?tag=eloabder-20&linkCode=osi&th=1&psc=1">View Product</a></div><div class="product"><a href="https://www.amazon.com/dp/B015D9E6UM?tag=eloabder-20&linkCode=osi&th=1&psc=1"><img src="https://m.media-amazon.com/images/I/51VnWPI+Q5L._SL500_.jpg" alt="Product Image"></a><p>Lineco, Natural Waxed Linen Thread 20 Yards, Books by Hand Natural, Black, Brown Color for Sewing, Bookbinding (3/Pkg)</p><p>$13.77</p><a href="https://www.amazon.com/dp/B015D9E6UM?tag=eloabder-20&linkCode=osi&th=1&psc=1">View Product</a></div>
<div class="product"><a href="https://www.amazon.com/dp/B0CMD53C1C?tag=eloabder-20&linkCode=osi&th=1&psc=1"><img src="https://m.media-amazon.com/images/I/31dU4wqS0rL._SL500_.jpg" alt="Product Image"></a><p>5-in-1 Bookbinding Kit,Book Cover Guide, Bookbinding Cover Tool, Stainless Steel Book Binding Kit, Bookbinding Ruler, Scrapbooking Tools for Making Book Cover Chipboard Covers Album Planner</p><p>$7.88</p><a href="https://www.amazon.com/dp/B0CMD53C1C?tag=eloabder-20&linkCode=osi&th=1&psc=1">View Product</a></div>
<div class="product"><a href="https://www.amazon.com/dp/B007TIEG6U?tag=eloabder-20&linkCode=osi&th=1&psc=1"><img src="https://m.media-amazon.com/images/I/31d6r6R5lGL._SL500_.jpg" alt="Product Image"></a><p>Handy Art Empty 2 ounce Marker Bottle, Dauber Tip and Cap, 12-Each (900-003) , White</p><p>$23.12 ($1.93 / Count)</p><a href="https://www.amazon.com/dp/B007TIEG6U?tag=eloabder-20&linkCode=osi&th=1&psc=1">View Product</a></div>
<div class="product"><a href="https://www.amazon.com/dp/B07YDNKSH6?tag=eloabder-20&linkCode=osi&th=1&psc=1"><img src="https://m.media-amazon.com/images/I/41JGrHa7mSL._SL500_.jpg" alt="Product Image"></a><p>4-Inch Rubber Brayer Roller for Printmaking, Great for Gluing Application Also. (Original Version)</p><p>$6.99</p><a href="https://www.amazon.com/dp/B07YDNKSH6?tag=eloabder-20&linkCode=osi&th=1&psc=1">View Product</a></div>
<div class="product"><a href="https://www.amazon.com/dp/B005U7BNPE?tag=eloabder-20&linkCode=osi&th=1&psc=1"><img src="https://m.media-amazon.com/images/I/418YfTClSxL._SL500_.jpg" alt="Product Image"></a><p>Apple Barrel Acrylic Paint in Assorted Colors (2 oz), 20513, Bright Yellow</p><p>$0.58 ($0.29 / Fl Oz)</p><a href="https://www.amazon.com/dp/B005U7BNPE?tag=eloabder-20&linkCode=osi&th=1&psc=1">View Product</a></div><div class="product"><a href="https://www.amazon.com/dp/B099DWCRZ5?tag=eloabder-20&linkCode=osi&th=1&psc=1"><img src="https://m.media-amazon.com/images/I/41rr5hT-8TL._SL500_.jpg" alt="Product Image"></a><p>milo Fluorescent Acrylic Paint Set of 6 Colors | 4 oz Bottles | Student Neon Colors Acrylics Painting Pack | Made in the USA | Non-Toxic Art & Craft Paints for Artists, Kids, & Hobby Painters</p><p>$22.90 ($0.95 / Fl Oz)</p><a href="https://www.amazon.com/dp/B099DWCRZ5?tag=eloabder-20&linkCode=osi&th=1&psc=1">View Product</a></div><div class="product"><a href="https://www.amazon.com/dp/B07ZPPPWPL?tag=eloabder-20&linkCode=osi&th=1&psc=1"><img src="https://m.media-amazon.com/images/I/51Vqk2rrZwL._SL500_.jpg" alt="Product Image"></a><p>Apple Barrel, Pastel Dreams & Vivid Wonders Collection Acrylic Craft Paint, PROMOTCK, 2 fl oz each, 18 assorted matte colors, 18 count</p><p>$22.66 ($0.63 / Fl Oz)</p><a href="https://www.amazon.com/dp/B07ZPPPWPL?tag=eloabder-20&linkCode=osi&th=1&psc=1">View Product</a></div><div class="product"><a href="https://www.amazon.com/dp/B0CKQR52XC?tag=eloabder-20&linkCode=osi&th=1&psc=1"><img src="https://m.media-amazon.com/images/I/51WTPlhN2WL._SL500_.jpg" alt="Product Image"></a><p>ARTME Glow in The Dark Paint, 10 Bright Colors 60ml/2oz Blacklight Paint Set, Neon Craft Paint, Acrylic Glow Fluorescent Paint Perfect for Art Painting, DIY projects, Halloween and Christmas</p><p>$23.99 ($1.20 / Fl Oz)</p><a href="https://www.amazon.com/dp/B0CKQR52XC?tag=eloabder-20&linkCode=osi&th=1&psc=1">View Product</a></div><div class="product"><a href="https://www.amazon.com/dp/B09XXHBL3Y?tag=eloabder-20&linkCode=osi&th=1&psc=1"><img src="https://m.media-amazon.com/images/I/51taBeDdeIL._SL500_.jpg" alt="Product Image"></a><p>Fantastory Glow in the Dark Acrylic Paint, 10 Extra Bright Colors, 30ml/1oz Waterproof Glow in Dark Paint,Indoor Outdoor Blacklight Paint for Kids,Adults, Rocks,Walls,Halloween,Craft &Fabric</p><p>$9.99 ($1.00 / Fl Oz)</p><a href="https://www.amazon.com/dp/B09XXHBL3Y?tag=eloabder-20&linkCode=osi&th=1&psc=1">View Product</a></div><div class="product"><a href="https://www.amazon.com/dp/B0BS3JM8ZR?tag=eloabder-20&linkCode=osi&th=1&psc=1"><img src="https://m.media-amazon.com/images/I/51S8FteGgPL._SL500_.jpg" alt="Product Image"></a><p>Acrylic Paint, Shuttle Art 24 Colors Acrylic Paint Bottle Set, 250ml/8.45oz Each, Rich Pigments, High Viscosity, Bulk Paint for Artists, Beginners and Kids Painting on Rocks Crafts Canvas Wood Ceramic</p><p>$49.99 ($0.25 / Fl Oz)</p><a href="https://www.amazon.com/dp/B0BS3JM8ZR?tag=eloabder-20&linkCode=osi&th=1&psc=1">View Product</a></div><div class="product"><a href="https://www.amazon.com/dp/B00CIW3EDI?tag=eloabder-20&linkCode=osi&th=1&psc=1"><img src="https://m.media-amazon.com/images/I/41PMnxyBo5L._SL500_.jpg" alt="Product Image"></a><p>FolkArt Multi-Surface Acrylic Paint in Assorted Colors (2 oz), 2896, Bright Pink</p><p>$1.47 ($0.74 / Fl Oz)</p><a href="https://www.amazon.com/dp/B00CIW3EDI?tag=eloabder-20&linkCode=osi&th=1&psc=1">View Product</a></div><div class="product"><a href="https://www.amazon.com/dp/B085ZB5ZK9?tag=eloabder-20&linkCode=osi&th=1&psc=1"><img src="https://m.media-amazon.com/images/I/51nmRq1eicL._SL500_.jpg" alt="Product Image"></a><p>FolkArt 4 Bottle Multi-Surface Acrylic Paint Set, 2oz, Neon Blacklight Colors</p><p>$8.12 ($1.02 / Fl Oz)</p><a href="https://www.amazon.com/dp/B085ZB5ZK9?tag=eloabder-20&linkCode=osi&th=1&psc=1">View Product</a></div><div class="product"><a href="https://www.amazon.com/dp/B08N585VN5?tag=eloabder-20&linkCode=osi&th=1&psc=1"><img src="https://m.media-amazon.com/images/I/51nwFBdxwVL._SL500_.jpg" alt="Product Image"></a><p>Acrylic Paint Set Value Pack of 12 Colors | Craft Painting Kit with 2 oz Squeeze Bottles for Beginners, Artists, Professionals | Non-Toxic Water Based Paints for Canvas, Paper, Wood | Bright Hues</p><p>$11.99 ($0.50 / Fl Oz)</p><a href="https://www.amazon.com/dp/B08N585VN5?tag=eloabder-20&linkCode=osi&th=1&psc=1">View Product</a></div>
<div class="product"><a href="https://www.amazon.com/dp/B0009RRT9Y?tag=eloabder-20&linkCode=osi&th=1&psc=1"><img src="https://m.media-amazon.com/images/I/51ZhyYPOB5L._SL500_.jpg" alt="Product Image"></a><p>General Pencil Company The Masters Brush Cleaner & Preserver 2.5 0z.</p><p>$12.00</p><a href="https://www.amazon.com/dp/B0009RRT9Y?tag=eloabder-20&linkCode=osi&th=1&psc=1">View Product</a></div><div class="product"><a href="https://www.amazon.com/dp/B00F38YVQS?tag=eloabder-20&linkCode=osi&th=1&psc=1"><img src="https://m.media-amazon.com/images/I/51yjmSTzzML._SL500_.jpg" alt="Product Image"></a><p>B & J Original Brush Cleaner - 2.5 Oz/12ct Display</p><p>$12.77</p><a href="https://www.amazon.com/dp/B00F38YVQS?tag=eloabder-20&linkCode=osi&th=1&psc=1">View Product</a></div><div class="product"><a href="https://www.amazon.com/dp/B004BN7QQ8?tag=eloabder-20&linkCode=osi&th=1&psc=1"><img src="https://m.media-amazon.com/images/I/31fEWB-h4VL._SL500_.jpg" alt="Product Image"></a><p>Winsor & Newton Brush Cleaner & Restorer, 16.0-oz Bottle</p><p>$21.87 ($1.37 / Fl Oz)</p><a href="https://www.amazon.com/dp/B004BN7QQ8?tag=eloabder-20&linkCode=osi&th=1&psc=1">View Product</a></div><div class="product"><a href="https://www.amazon.com/dp/B09NCHL2LM?tag=eloabder-20&linkCode=osi&th=1&psc=1"><img src="https://m.media-amazon.com/images/I/31UzwasdL6L._SL500_.jpg" alt="Product Image"></a><p>U.S. Art Supply Brush Cleaner and Restorer, 4 Ounce Bottle - Quickly Cleans Paint Brushes, Airbrushes, Art Tools - Cleaning Solution to Remove Dried On Acrylic, Oil and Water-Based Paint Colors</p><p>$8.99 ($2.25 / Fl Oz)</p><a href="https://www.amazon.com/dp/B09NCHL2LM?tag=eloabder-20&linkCode=osi&th=1&psc=1">View Product</a></div><div class="product"><a href="https://www.amazon.com/dp/B09J8L55SK?tag=eloabder-20&linkCode=osi&th=1&psc=1"><img src="https://m.media-amazon.com/images/I/41qgWS2nSsL._SL500_.jpg" alt="Product Image"></a><p>Green Piece® Paint Brush Cleaner and Restorer for Art Paint Brushes - 100% Natural - Non-Toxic - Wet or Dry Paint - No Chemicals - Oil or Acrylic Paints, Wood and Metal - Amazing Power - 18 Oz</p><p>$19.88</p><a href="https://www.amazon.com/dp/B09J8L55SK?tag=eloabder-20&linkCode=osi&th=1&psc=1">View Product</a></div><div class="product"><a href="https://www.amazon.com/dp/B0027A79I2?tag=eloabder-20&linkCode=osi&th=1&psc=1"><img src="https://m.media-amazon.com/images/I/31J6S+mCjuL._SL500_.jpg" alt="Product Image"></a><p>Pink Soap 12-Ounce Paint Brush Cleaner and Conditioner, Solution Cleans and Restores, Removes Dried Paint on Airbrushes and Other Artist Tools & Supplies</p><p>$15.49 ($1.29 / Fl Oz)</p><a href="https://www.amazon.com/dp/B0027A79I2?tag=eloabder-20&linkCode=osi&th=1&psc=1">View Product</a></div><div class="product"><a href="https://www.amazon.com/dp/B0027AEANE?tag=eloabder-20&linkCode=osi&th=1&psc=1"><img src="https://m.media-amazon.com/images/I/51bHOLU1pVL._SL500_.jpg" alt="Product Image"></a><p>General Pencil General 105-BP Pencil Masters Brush Cleaner & Preserver, 1 Pack, Clear</p><p>$9.99 ($4.00 / Ounce)</p><a href="https://www.amazon.com/dp/B0027AEANE?tag=eloabder-20&linkCode=osi&th=1&psc=1">View Product</a></div>

<div class="product"><a href="https://www.amazon.com/dp/B00N9UUWLA?tag=eloabder-20&linkCode=osi&th=1&psc=1"><img src="https://m.media-amazon.com/images/I/41be4n09wZL._SL500_.jpg" alt="Product Image"></a><p>Pentel Arts Portable Pocket Brush Pen (Medium Point), 1Pen & 2Refills</p><p>$7.00</p><a href="https://www.amazon.com/dp/B00N9UUWLA?tag=eloabder-20&linkCode=osi&th=1&psc=1">View Product</a></div><div class="product"><a href="https://www.amazon.com/dp/B07DQ4292Y?tag=eloabder-20&linkCode=osi&th=1&psc=1"><img src="https://m.media-amazon.com/images/I/41-kgHpaPvL._SL500_.jpg" alt="Product Image"></a><p>Tombow 62039 Fudenosuke Brush Pens, 3-Pack. Soft, Hard, and Twin Tip Markers for Calligraphy and Art Drawings</p><p>$7.59 ($2.53 / Count)</p><a href="https://www.amazon.com/dp/B07DQ4292Y?tag=eloabder-20&linkCode=osi&th=1&psc=1">View Product</a></div><div class="product"><a href="https://www.amazon.com/dp/B0995FNMKW?tag=eloabder-20&linkCode=osi&th=1&psc=1"><img src="https://m.media-amazon.com/images/I/51kpGsTNvlL._SL500_.jpg" alt="Product Image"></a><p>WRITECH Arts Sign Brush Pen Brush Tip Marker Felt Tip Water Based Ink Color Pens 12 Assorted Vintage Colors Great for Lettering Journaling Calligraphy (Vintage)</p><p>$13.99 ($1.17 / Count)</p><a href="https://www.amazon.com/dp/B0995FNMKW?tag=eloabder-20&linkCode=osi&th=1&psc=1">View Product</a></div><div class="product"><a href="https://www.amazon.com/dp/B07H89R749?tag=eloabder-20&linkCode=osi&th=1&psc=1"><img src="https://m.media-amazon.com/images/I/51nTGZ-eAsL._SL500_.jpg" alt="Product Image"></a><p>Tombow Fudenosuke Brush Pen - Hard - 10 Colors Set (WS-BH10C)</p><p>$11.73</p><a href="https://www.amazon.com/dp/B07H89R749?tag=eloabder-20&linkCode=osi&th=1&psc=1">View Product</a></div><div class="product"><a href="https://www.amazon.com/dp/B002PIFTRE?tag=eloabder-20&linkCode=osi&th=1&psc=1"><img src="https://m.media-amazon.com/images/I/41IVnNPD1hL._SL500_.jpg" alt="Product Image"></a><p>Pentel Color Brush Pen, Black (GFLBP101)</p><p>$7.89</p><a href="https://www.amazon.com/dp/B002PIFTRE?tag=eloabder-20&linkCode=osi&th=1&psc=1">View Product</a></div>
<div class="product"><a href="https://www.amazon.com/dp/B0CLLSY2BT?tag=eloabder-20&linkCode=osi&th=1&psc=1"><img src="https://m.media-amazon.com/images/I/51sQM3lrN9L._SL500_.jpg" alt="Product Image"></a><p>CUGEBANNA Paint Brush Washer,Airtight Stainless Steel Brush Cleaner for Oil Painting Acrylic,Brush Washer with Cleaning Beads and Wringer</p><p>$22.99</p><a href="https://www.amazon.com/dp/B0CLLSY2BT?tag=eloabder-20&linkCode=osi&th=1&psc=1">View Product</a></div><div class="product"><a href="https://www.amazon.com/dp/B013PB35N4?tag=eloabder-20&linkCode=osi&th=1&psc=1"><img src="https://m.media-amazon.com/images/I/419miJHrhtL._SL500_.jpg" alt="Product Image"></a><p>US Art Supply Deluxe Brush Cleaner-Brush Washer with Wash Tank</p><p>$18.99</p><a href="https://www.amazon.com/dp/B013PB35N4?tag=eloabder-20&linkCode=osi&th=1&psc=1">View Product</a></div>
<div class="product"><a href="https://www.amazon.com/dp/B07GH7WGC3?tag=eloabder-20&linkCode=osi&th=1&psc=1"><img src="https://m.media-amazon.com/images/I/51vzX1OZI6L._SL500_.jpg" alt="Product Image"></a><p>BOSOBO Paint Brushes Set, 2 Pack 20 Pcs Round-Pointed Tip Paintbrushes Nylon Hair Artist Acrylic Paint Brushes for Acrylic Oil Watercolor, Face Nail Art, Miniature Detailing & Rock Painting, Blue</p><p>$7.49 ($0.37 / Count)</p><a href="https://www.amazon.com/dp/B07GH7WGC3?tag=eloabder-20&linkCode=osi&th=1&psc=1">View Product</a></div><div class="product"><a href="https://www.amazon.com/dp/B078XJ2DCJ?tag=eloabder-20&linkCode=osi&th=1&psc=1"><img src="https://m.media-amazon.com/images/I/616oHEXPN1S._SL500_.jpg" alt="Product Image"></a><p>Pro Grade - Chip Paint Brushes - 36-Pack - 2 Inch Chip Brush for Paints, Stains, Varnishes, Glues, & Gesso</p><p>$17.99</p><a href="https://www.amazon.com/dp/B078XJ2DCJ?tag=eloabder-20&linkCode=osi&th=1&psc=1">View Product</a></div>


<div class="product"><a href="https://www.amazon.com/dp/B0D3HPD7WP?tag=eloabder-20&linkCode=osi&th=1&psc=1"><img src="https://m.media-amazon.com/images/I/31KSmmAWUWL._SL500_.jpg" alt="Product Image"></a><p>50 Sheets Grey Cardstock Paper, Colored Printer Paper 8.5 x 11, Thick Construction Paper for Cards Making, Scrapbook，Office Printing, Invitations, Certificates，DIY Crafting 92 lb/250gsm</p><p>$9.99</p><a href="https://www.amazon.com/dp/B0D3HPD7WP?tag=eloabder-20&linkCode=osi&th=1&psc=1">View Product</a></div>
<div class="product"><a href="https://www.amazon.com/dp/B076CP6F36?tag=eloabder-20&linkCode=osi&th=1&psc=1"><img src="https://m.media-amazon.com/images/I/51rfEIvgI+L._SL500_.jpg" alt="Product Image"></a><p>Apple Barrel, Vibrant Spectrum Collection Acrylic Craft Paint, PROMOABIII, 2 fl oz each, 16 assorted matte colors, 16 count</p><p>$15.97 ($0.50 / Fl Oz)</p><a href="https://www.amazon.com/dp/B076CP6F36?tag=eloabder-20&linkCode=osi&th=1&psc=1">View Product</a></div><div class="product"><a href="https://www.amazon.com/dp/B0BKFLSYQF?tag=eloabder-20&linkCode=osi&th=1&psc=1"><img src="https://m.media-amazon.com/images/I/51a0PmPRknL._SL500_.jpg" alt="Product Image"></a><p>72 Pack Acrylic Paint Set, Shuttle Art 60 Colors Acrylic Paint Including Extra White Black & 12 Brushes, 2oz/60ml, Rich Pigmented, Water Proof, Ideal for Artists, Beginners on Canvas Rock Wood Ceramic</p><p>$45.99 ($23.00 / Fl Oz)</p><a href="https://www.amazon.com/dp/B0BKFLSYQF?tag=eloabder-20&linkCode=osi&th=1&psc=1">View Product</a></div><div class="product"><a href="https://www.amazon.com/dp/B08CB3JH79?tag=eloabder-20&linkCode=osi&th=1&psc=1"><img src="https://m.media-amazon.com/images/I/51OUZsFdnTL._SL500_.jpg" alt="Product Image"></a><p>Acrylic Paint Set of 36 Colors 2fl oz 60ml Bottles,Non Toxic 36 Colors Acrylic Paint No Fading Rich Pigment for Kids Adults Artists Canvas Crafts Wood Painting</p><p>$32.99 ($0.46 / Fl Oz)</p><a href="https://www.amazon.com/dp/B08CB3JH79?tag=eloabder-20&linkCode=osi&th=1&psc=1">View Product</a></div><div class="product"><a href="https://www.amazon.com/dp/B0018NBVKQ?tag=eloabder-20&linkCode=osi&th=1&psc=1"><img src="https://m.media-amazon.com/images/I/31YlSvZMTCL._SL500_.jpg" alt="Product Image"></a><p>Apple Barrel Acrylic Paint in Assorted Colors (8 Ounce), 20403 White</p><p>$2.67 ($0.33 / Fl Oz)</p><a href="https://www.amazon.com/dp/B0018NBVKQ?tag=eloabder-20&linkCode=osi&th=1&psc=1">View Product</a></div><div class="product"><a href="https://www.amazon.com/dp/B077WSBLZ1?tag=eloabder-20&linkCode=osi&th=1&psc=1"><img src="https://m.media-amazon.com/images/I/51KPkXpLn1L._SL500_.jpg" alt="Product Image"></a><p>Shuttle Art Acrylic Paint Set, 30 x12ml Tubes Artist Quality Non Toxic Rich Pigments Colors Great for Kids Adults Professional Painting on Rocks Canvas Wood Clay Fabric Ceramic Crafts</p><p>$12.99 ($1.08 / Fl Oz)</p><a href="https://www.amazon.com/dp/B077WSBLZ1?tag=eloabder-20&linkCode=osi&th=1&psc=1">View Product</a></div><div class="product"><a href="https://www.amazon.com/dp/B00889Z5Y6?tag=eloabder-20&linkCode=osi&th=1&psc=1"><img src="https://m.media-amazon.com/images/I/41MQjsyDbSL._SL500_.jpg" alt="Product Image"></a><p>Apple Barrel Acrylic Paint in Assorted Colors (2 oz), 20764, Apricot</p><p>$0.58 ($0.29 / Fl Oz)</p><a href="https://www.amazon.com/dp/B00889Z5Y6?tag=eloabder-20&linkCode=osi&th=1&psc=1">View Product</a></div><div class="product"><a href="https://www.amazon.com/dp/B09TWQD5ZL?tag=eloabder-20&linkCode=osi&th=1&psc=1"><img src="https://m.media-amazon.com/images/I/41B0L003QXL._SL500_.jpg" alt="Product Image"></a><p>Artkey Acrylic Paint Set - 24 colors 2 oz/59 ml Acrylic Paints Professional Artists Painting Kit for Canvases Fabric Rock Leather Easter Egg Wood Ceramic Glass Art Craft Painting</p><p>$19.99 ($0.42 / Fl Oz)</p><a href="https://www.amazon.com/dp/B09TWQD5ZL?tag=eloabder-20&linkCode=osi&th=1&psc=1">View Product</a></div><div class="product"><a href="https://www.amazon.com/dp/B07Z93LQDB?tag=eloabder-20&linkCode=osi&th=1&psc=1"><img src="https://m.media-amazon.com/images/I/51veoN6zK0L._SL500_.jpg" alt="Product Image"></a><p>Shuttle Art Acrylic Paint Set, 36 Colors Acrylic Paint with Brushes & Palette, 2oz Bottles, Rich Pigments Non-toxic Paint for Artists Kids & Adults, Art Supplies for Canvas Rock Ceramic Wood Painting</p><p>$27.99</p><a href="https://www.amazon.com/dp/B07Z93LQDB?tag=eloabder-20&linkCode=osi&th=1&psc=1">View Product</a></div><div class="product"><a href="https://www.amazon.com/dp/B002665SYY?tag=eloabder-20&linkCode=osi&th=1&psc=1"><img src="https://m.media-amazon.com/images/I/31sJJeWK6OS._SL500_.jpg" alt="Product Image"></a><p>Liquitex BASICS Acrylic Paint, 250ml (8.5-oz) Tube, Titanium White</p><p>$9.99 ($1.18 / Fl Oz)</p><a href="https://www.amazon.com/dp/B002665SYY?tag=eloabder-20&linkCode=osi&th=1&psc=1">View Product</a></div>
<div class="product"><a href="https://www.amazon.com/dp/B0CC98XLGL?tag=eloabder-20&linkCode=osi&th=1&psc=1"><img src="https://m.media-amazon.com/images/I/51ZLw+nThiL._SL500_.jpg" alt="Product Image"></a><p>HUIRUSO 4 Pack Double Sided Tape Roller, Scrapbook Supplies, Glue Tape Roller for Crafts, Double-Sided Adhesive Tape Runner for Scrapbooking, School Office Journaling Supplies (0.31 in X 26.25 ft)</p><p>$6.99 ($1.75 / Count)</p><a href="https://www.amazon.com/dp/B0CC98XLGL?tag=eloabder-20&linkCode=osi&th=1&psc=1">View Product</a></div><div class="product"><a href="https://www.amazon.com/dp/B007XAAE6K?tag=eloabder-20&linkCode=osi&th=1&psc=1"><img src="https://m.media-amazon.com/images/I/414qxYVR0wL._SL500_.jpg" alt="Product Image"></a><p>Scotch Double Sided Tape Runner, 1-Pack, 0.27 in x 26 ft., Perfect for Holiday Crafts, Gifts, and More</p><p>$4.47</p><a href="https://www.amazon.com/dp/B007XAAE6K?tag=eloabder-20&linkCode=osi&th=1&psc=1">View Product</a></div><div class="product"><a href="https://www.amazon.com/dp/B0BZVGPFSK?tag=eloabder-20&linkCode=osi&th=1&psc=1"><img src="https://m.media-amazon.com/images/I/51-ue9+7JkL._SL500_.jpg" alt="Product Image"></a><p>Birllaid Double Sided Tape for Walls, Picture Hanging Strips Removable Mounting Dots Adhesive Heavy Duty, Removable for Art Craft, Decoration, Party Supplies, Multipurpose</p><p>$11.99</p><a href="https://www.amazon.com/dp/B0BZVGPFSK?tag=eloabder-20&linkCode=osi&th=1&psc=1">View Product</a></div><div class="product"><a href="https://www.amazon.com/dp/B0CGVN9SL1?tag=eloabder-20&linkCode=osi&th=1&psc=1"><img src="https://m.media-amazon.com/images/I/41Hy+i4CnoL._SL500_.jpg" alt="Product Image"></a><p>30Ft x 1 Inch Hook and Loop Strips with Adhesive,Double Rolls of Heavy Duty Self Adhesive Tape with Backing, Nylon Self Adhesive Tape for Home Office School and Crafting,White</p><p>$9.99</p><a href="https://www.amazon.com/dp/B0CGVN9SL1?tag=eloabder-20&linkCode=osi&th=1&psc=1">View Product</a></div><div class="product"><a href="https://www.amazon.com/dp/B07Y3VDPLF?tag=eloabder-20&linkCode=osi&th=1&psc=1"><img src="https://m.media-amazon.com/images/I/41cyKQ2OMuL._SL500_.jpg" alt="Product Image"></a><p>Melsan 1x4 inch Hook and Loop Strips with Adhesive - 15 Sets, Strong Back Adhesive Fasten Mounting Tape for Home or Office Use - Instead of Holes and Screws, Black</p><p>$7.82</p><a href="https://www.amazon.com/dp/B07Y3VDPLF?tag=eloabder-20&linkCode=osi&th=1&psc=1">View Product</a></div><div class="product"><a href="https://www.amazon.com/dp/B07V57VJT5?tag=eloabder-20&linkCode=osi&th=1&psc=1"><img src="https://m.media-amazon.com/images/I/514JO3bvl3L._SL500_.jpg" alt="Product Image"></a><p>XFasten Adhesive Roller for Scrapbooking, 8mm x 30ft 4-Pack Double Sided Glue Tape Roller, Scrapbook Supplies for Adults, Photo Tape for Scrapbooking</p><p>$9.99 ($2.50 / Count)</p><a href="https://www.amazon.com/dp/B07V57VJT5?tag=eloabder-20&linkCode=osi&th=1&psc=1">View Product</a></div><div class="product"><a href="https://www.amazon.com/dp/B07JLTGQHX?tag=eloabder-20&linkCode=osi&th=1&psc=1"><img src="https://m.media-amazon.com/images/I/51Eqfo7kUZL._SL500_.jpg" alt="Product Image"></a><p>UPINS 120 Pack Double Sided Foam Tape Square Self-Adhesive Foam Tape Black Strong Tape Pads for DIY Art Crafts Supplies</p><p>$9.99 ($0.08 / Count)</p><a href="https://www.amazon.com/dp/B07JLTGQHX?tag=eloabder-20&linkCode=osi&th=1&psc=1">View Product</a></div><div class="product"><a href="https://www.amazon.com/dp/B005FM6XF4?tag=eloabder-20&linkCode=osi&th=1&psc=1"><img src="https://m.media-amazon.com/images/I/51-vp1WJ89L._SL500_.jpg" alt="Product Image"></a><p>AdTech 5603 Permanent Crafter's Tape, 0.31" x 315", Pack of 4</p><p>$7.84 ($0.07 / Foot)</p><a href="https://www.amazon.com/dp/B005FM6XF4?tag=eloabder-20&linkCode=osi&th=1&psc=1">View Product</a></div><div class="product"><a href="https://www.amazon.com/dp/B0CJF1FLFJ?tag=eloabder-20&linkCode=osi&th=1&psc=1"><img src="https://m.media-amazon.com/images/I/51dig1RqzdL._SL500_.jpg" alt="Product Image"></a><p>UPINS 150Pack Double Sided Foam Tape Strong Sticky Double Sided Foam Pads for Crafts Self-Adhesive Mounting Foam Tape Heavy Duty for Home Wall Decor 40 * 40 * 2mm</p><p>$8.99 ($0.06 / Count)</p><a href="https://www.amazon.com/dp/B0CJF1FLFJ?tag=eloabder-20&linkCode=osi&th=1&psc=1">View Product</a></div><div class="product"><a href="https://www.amazon.com/dp/B0D4YWRGCL?tag=eloabder-20&linkCode=osi&th=1&psc=1"><img src="https://m.media-amazon.com/images/I/41EqJ553-KL._SL500_.jpg" alt="Product Image"></a><p>Amanbo Glue Tape for Scrapbooking, 6 Pack Scrapbook Tape, Double Sided Tape Roller for Crafts, Total 120 Ft x 0.24 in Tape Runner, Craft Supplies for Scrapbooking, Gift Wrapping and Photo Tape</p><p>$6.99</p><a href="https://www.amazon.com/dp/B0D4YWRGCL?tag=eloabder-20&linkCode=osi&th=1&psc=1">View Product</a></div>
<div class="product"><a href="https://www.amazon.com/dp/B0CC5HPPTN?tag=eloabder-20&linkCode=osi&th=1&psc=1"><img src="https://m.media-amazon.com/images/I/519M81S201L._SL500_.jpg" alt="Product Image"></a><p>Airbrush Paint - 30 Colors with 3 Thinner, Ready to Spray Airbrush Paint Set, Water-Based Acrylic Air brush Paints for Metal, Plastic Models, Canvas, Wood, 20ml/Bottle</p><p>$32.99 ($1.48 / Fl Oz)</p><a href="https://www.amazon.com/dp/B0CC5HPPTN?tag=eloabder-20&linkCode=osi&th=1&psc=1">View Product</a></div>
<div class="product"><a href="https://www.amazon.com/dp/B0CXPSGK36?tag=eloabder-20&linkCode=osi&th=1&psc=1"><img src="https://m.media-amazon.com/images/I/51dd2dYOtrL._SL500_.jpg" alt="Product Image"></a><p>Letter Stickers 30 Sheets 1500 PCS Large Alphabet Sticker 2 Inch Vinyl Self Adhesive Stick on Stickers for Water Bottles Cup Mailbox Number Address Craft Scrapbooking Bulletin Board Decor Multicolor</p><p>$9.99</p><a href="https://www.amazon.com/dp/B0CXPSGK36?tag=eloabder-20&linkCode=osi&th=1&psc=1">View Product</a></div><div class="product"><a href="https://www.amazon.com/dp/B07NNYFMGY?tag=eloabder-20&linkCode=osi&th=1&psc=1"><img src="https://m.media-amazon.com/images/I/51yDnU+gEXL._SL500_.jpg" alt="Product Image"></a><p>20 Sheets Alphabet Letter Stickers 10 Colors Self Adhesive Sticker Colorful PU Material Convex Feeling (Colored Letter Stickers 1)</p><p>$6.99 ($0.35 / Count)</p><a href="https://www.amazon.com/dp/B07NNYFMGY?tag=eloabder-20&linkCode=osi&th=1&psc=1">View Product</a></div>

<div class="product"><a href="https://www.amazon.com/dp/B01DDN8854?tag=eloabder-20&linkCode=osi&th=1&psc=1"><img src="https://m.media-amazon.com/images/I/61dPubDZBSL._SL500_.jpg" alt="Product Image"></a><p>Hugs 'n Kisses HNKHABY13 Applique Paper (20 Pack)</p><p>$19.72 ($0.99 / Count)</p><a href="https://www.amazon.com/dp/B01DDN8854?tag=eloabder-20&linkCode=osi&th=1&psc=1">View Product</a></div>
<div class="product"><a href="https://www.amazon.com/dp/B09KPNFJW1?tag=eloabder-20&linkCode=osi&th=1&psc=1"><img src="https://m.media-amazon.com/images/I/41abn5fELmL._SL500_.jpg" alt="Product Image"></a><p>UniPleased Disposable Aprons (50 Count), Plastic apron for Painting Party, Cooking, Housework, Picnic etc.</p><p>$5.69</p><a href="https://www.amazon.com/dp/B09KPNFJW1?tag=eloabder-20&linkCode=osi&th=1&psc=1">View Product</a></div>
<div class="product"><a href="https://www.amazon.com/dp/B087M21MM2?tag=eloabder-20&linkCode=osi&th=1&psc=1"><img src="https://m.media-amazon.com/images/I/41Xf-jehhLL._SL500_.jpg" alt="Product Image"></a><p>GOTIDEAL Stretched Canvas, Multi Pack 4x4, 5x7, 8x10,9x12, 11x14 Set of 10, Primed White - 100% Cotton Artist Canvas Boards for Painting, Acrylic Pouring, Oil Paint Dry & Wet Art Media</p><p>$24.99</p><a href="https://www.amazon.com/dp/B087M21MM2?tag=eloabder-20&linkCode=osi&th=1&psc=1">View Product</a></div><div class="product"><a href="https://www.amazon.com/dp/B00OQJYISG?tag=eloabder-20&linkCode=osi&th=1&psc=1"><img src="https://m.media-amazon.com/images/I/31fEDLPkkcL._SL500_.jpg" alt="Product Image"></a><p>6 Count 12” x 16” Super Value Canvas by Artist's Loft Necessities - Acid Free Cotton Canvas for Paint, Acrylic, & Oils - 1 Pack</p><p>$19.99</p><a href="https://www.amazon.com/dp/B00OQJYISG?tag=eloabder-20&linkCode=osi&th=1&psc=1">View Product</a></div><div class="product"><a href="https://www.amazon.com/dp/B09CDKB9HY?tag=eloabder-20&linkCode=osi&th=1&psc=1"><img src="https://m.media-amazon.com/images/I/51+p5xnClGL._SL500_.jpg" alt="Product Image"></a><p>DPDIAN Canvas Boards for Painting 40 Pack, 8 inch x 10 inch Super Value Pack, Artist Canvas Panels for Oil & Acrylic Painting</p><p>$29.99</p><a href="https://www.amazon.com/dp/B09CDKB9HY?tag=eloabder-20&linkCode=osi&th=1&psc=1">View Product</a></div><div class="product"><a href="https://www.amazon.com/dp/B0CFBGP29G?tag=eloabder-20&linkCode=osi&th=1&psc=1"><img src="https://m.media-amazon.com/images/I/3147Az5plbL._SL500_.jpg" alt="Product Image"></a><p>ArtSkills Stretched Canvases for Painting, 12x16 Canvas Painting Supplies for Artists, Blank Canvas Pack, 2-Pack</p><p>$16.99</p><a href="https://www.amazon.com/dp/B0CFBGP29G?tag=eloabder-20&linkCode=osi&th=1&psc=1">View Product</a></div><div class="product"><a href="https://www.amazon.com/dp/B07BNGQ1SS?tag=eloabder-20&linkCode=osi&th=1&psc=1"><img src="https://m.media-amazon.com/images/I/410ZVtygUwS._SL500_.jpg" alt="Product Image"></a><p>PHOENIX Stretched Canvas for Painting 8x10 Inch/10 Value Pack, 8 Oz Triple Primed 5/8 Inch Profile 100% Cotton White Blank Canvas, Artist Framed Canvas for Oil Acrylic & Pouring Art</p><p>$22.99</p><a href="https://www.amazon.com/dp/B07BNGQ1SS?tag=eloabder-20&linkCode=osi&th=1&psc=1">View Product</a></div><div class="product"><a href="https://www.amazon.com/dp/B0922JP1H4?tag=eloabder-20&linkCode=osi&th=1&psc=1"><img src="https://m.media-amazon.com/images/I/41BmiEND1KL._SL500_.jpg" alt="Product Image"></a><p>GOTIDEAL Canvases for Painting, 18 Pack Canvas Boards Multipack 4x4, 5x7, 8x10, 9x12,11x14,Primed White Blank Artist Canvas Variety Pack for Acrylic Paint, Oil Paint, Watercolor, Gouache</p><p>$19.99</p><a href="https://www.amazon.com/dp/B0922JP1H4?tag=eloabder-20&linkCode=osi&th=1&psc=1">View Product</a></div>


<div class="product"><a href="https://www.amazon.com/dp/B0872VFHBH?tag=eloabder-20&linkCode=osi&th=1&psc=1"><img src="https://m.media-amazon.com/images/I/51k3bekQheS._SL500_.jpg" alt="Product Image"></a><p>Bachmore Drawing Pad 9X12 Inch (110lb/180g), 60 Sheets, Top Spiral Bound Multi-Media for Artist Pro & Amateurs | Acrylic Art, Ink, Paint, Oil Pastels,Watercolor Mixed Media Sketch</p><p>$11.99</p><a href="https://www.amazon.com/dp/B0872VFHBH?tag=eloabder-20&linkCode=osi&th=1&psc=1">View Product</a></div><div class="product"><a href="https://www.amazon.com/dp/B0027A75A4?tag=eloabder-20&linkCode=osi&th=1&psc=1"><img src="https://m.media-amazon.com/images/I/51dyOxxcgYL._SL500_.jpg" alt="Product Image"></a><p>Strathmore 200 Series Sketch Pad, 9x12 inch, 100 Sheets, Tape Bound - Artist Sketchbook for Drawing, Illustration, Art Class Students</p><p>$6.99 ($0.07 / Count)</p><a href="https://www.amazon.com/dp/B0027A75A4?tag=eloabder-20&linkCode=osi&th=1&psc=1">View Product</a></div><div class="product"><a href="https://www.amazon.com/dp/B0BV13YQKX?tag=eloabder-20&linkCode=osi&th=1&psc=1"><img src="https://m.media-amazon.com/images/I/41VYfMpvXUL._SL500_.jpg" alt="Product Image"></a><p>Canson Graduate Watercolor Pad, Foldover, 9x12 inch, 20 Sheets | Artist Paper for Adults and Students - Painting, Gouache, Mixed Media and Ink</p><p>$4.97 ($0.41 / Count)</p><a href="https://www.amazon.com/dp/B0BV13YQKX?tag=eloabder-20&linkCode=osi&th=1&psc=1">View Product</a></div><div class="product"><a href="https://www.amazon.com/dp/B0024KMQ6K?tag=eloabder-20&linkCode=osi&th=1&psc=1"><img src="https://m.media-amazon.com/images/I/51sYdvPPUCL._SL500_.jpg" alt="Product Image"></a><p>Strathmore 400 Series Pastel Pad, Assorted Colors, 9"x12" Glue Bound, 24 Sheets</p><p>$9.11</p><a href="https://www.amazon.com/dp/B0024KMQ6K?tag=eloabder-20&linkCode=osi&th=1&psc=1">View Product</a></div><div class="product"><a href="https://www.amazon.com/dp/B00246O6PI?tag=eloabder-20&linkCode=osi&th=1&psc=1"><img src="https://m.media-amazon.com/images/I/517TUmckOIL._SL500_.jpg" alt="Product Image"></a><p>Strathmore 300 Series Drawing Paper Pad, Top Wire Bound, 11x14 inches, 50 Sheets (70lb/114g) - Artist Paper for Adults and Students - Charcoal, Colored Pencil, Ink, Pastel, Marker</p><p>$13.33</p><a href="https://www.amazon.com/dp/B00246O6PI?tag=eloabder-20&linkCode=osi&th=1&psc=1">View Product</a></div>
<div class="product"><a href="https://www.amazon.com/dp/B08ZMH7LJY?tag=eloabder-20&linkCode=osi&th=1&psc=1"><img src="https://m.media-amazon.com/images/I/51mJIsLJA-S._SL500_.jpg" alt="Product Image"></a><p>PANDAFLY Professional Drawing Sketching Pencil Set - 12 Pieces Graphite Pencils(14B - 2H), Ideal for Drawing Art, Sketching, Shading, Artist Pencils for Beginners & Pro Artists</p><p>$5.11</p><a href="https://www.amazon.com/dp/B08ZMH7LJY?tag=eloabder-20&linkCode=osi&th=1&psc=1">View Product</a></div><div class="product"><a href="https://www.amazon.com/dp/B088K1G5NL?tag=eloabder-20&linkCode=osi&th=1&psc=1"><img src="https://m.media-amazon.com/images/I/51F2bOMZWnL._SL500_.jpg" alt="Product Image"></a><p>MARKART Professional Drawing Sketching Pencil Set - 14 Pieces,Graphite,(12B - 4H), Ideal for Drawing Art, Sketching, Shading, Artist Pencils for Beginners & Pro Artists</p><p>$5.24</p><a href="https://www.amazon.com/dp/B088K1G5NL?tag=eloabder-20&linkCode=osi&th=1&psc=1">View Product</a></div><div class="product"><a href="https://www.amazon.com/dp/B08FHMRW4L?tag=eloabder-20&linkCode=osi&th=1&psc=1"><img src="https://m.media-amazon.com/images/I/51Pmn5gjyzL._SL500_.jpg" alt="Product Image"></a><p>Mr. Pen- Sketch Pencils for Drawing, 14 Pack, Drawing Pencils, Art Pencils, Graphite Pencils, Graphite Pencils for Drawing, Art Pencils for Drawing and Shading</p><p>$5.95</p><a href="https://www.amazon.com/dp/B08FHMRW4L?tag=eloabder-20&linkCode=osi&th=1&psc=1">View Product</a></div><div class="product"><a href="https://www.amazon.com/dp/B0BNQ58DC4?tag=eloabder-20&linkCode=osi&th=1&psc=1"><img src="https://m.media-amazon.com/images/I/51e-gQtCcCL._SL500_.jpg" alt="Product Image"></a><p>MARTCOLOR Drawing Sketching Pencils Set, 12 Pack Graphite Pencils(14B - 2H), Ideal for Drawing Art, Sketching, Shading, Artist Pencils for Beginners & Pro Artists</p><p>$5.99</p><a href="https://www.amazon.com/dp/B0BNQ58DC4?tag=eloabder-20&linkCode=osi&th=1&psc=1">View Product</a></div>

<div class="product"><a href="https://www.amazon.com/dp/B0851M3749?tag=eloabder-20&linkCode=osi&th=1&psc=1"><img src="https://m.media-amazon.com/images/I/41KKSGSDl5L._SL500_.jpg" alt="Product Image"></a><p>N NOROCME 12 PCS Blending Stumps and Tortillions Paper Art Blenders with Sandpaper Pencil Sharpener Pointer for Student Artist Charcoal Sketch Drawing Tools</p><p>$4.99</p><a href="https://www.amazon.com/dp/B0851M3749?tag=eloabder-20&linkCode=osi&th=1&psc=1">View Product</a></div><div class="product"><a href="https://www.amazon.com/dp/B09J3HKN8F?tag=eloabder-20&linkCode=osi&th=1&psc=1"><img src="https://m.media-amazon.com/images/I/51Qvx81eQLL._SL500_.jpg" alt="Product Image"></a><p>Eraser Pencils Set for Artists, Wooden Sketch Eraser Pen for Charcoal Drawings, Professional Highlight Painting Eraser for Sketching, Revise Erasing Details for Students Limner</p><p>$6.99</p><a href="https://www.amazon.com/dp/B09J3HKN8F?tag=eloabder-20&linkCode=osi&th=1&psc=1">View Product</a></div>
<div class="product"><a href="https://www.amazon.com/dp/B09WCQ89T8?tag=eloabder-20&linkCode=osi&th=1&psc=1"><img src="https://m.media-amazon.com/images/I/41gZz0qgBFL._SL500_.jpg" alt="Product Image"></a><p>Bernat BABY BLANKET BB Blue Dreams Yarn - 1 Pack of 10.5oz/300g - Polyester - #6 Super Bulky - 220 Yards - Knitting/Crochet</p><p>$6.97</p><a href="https://www.amazon.com/dp/B09WCQ89T8?tag=eloabder-20&linkCode=osi&th=1&psc=1">View Product</a></div><div class="product"><a href="https://www.amazon.com/dp/B07V5JVNFD?tag=eloabder-20&linkCode=osi&th=1&psc=1"><img src="https://m.media-amazon.com/images/I/41IS+HdtiOL._SL500_.jpg" alt="Product Image"></a><p>Lion Brand Yarn Basic Stitch Anti-Pilling Knitting Yarn, Yarn for Crocheting, 1-Pack, Baby Blue</p><p>$8.40 ($0.02 / Foot)</p><a href="https://www.amazon.com/dp/B07V5JVNFD?tag=eloabder-20&linkCode=osi&th=1&psc=1">View Product</a></div><div class="product"><a href="https://www.amazon.com/dp/B01M0AJID2?tag=eloabder-20&linkCode=osi&th=1&psc=1"><img src="https://m.media-amazon.com/images/I/41yVau0AUpL._SL500_.jpg" alt="Product Image"></a><p>Lion Brand Yarn (1 Skein) Lion Brand Yarn Babysoft Baby Yarn Yarn, Little Boy Blue Multicolor</p><p>$7.19 ($0.01 / Foot)</p><a href="https://www.amazon.com/dp/B01M0AJID2?tag=eloabder-20&linkCode=osi&th=1&psc=1">View Product</a></div><div class="product"><a href="https://www.amazon.com/dp/B09W1KHF42?tag=eloabder-20&linkCode=osi&th=1&psc=1"><img src="https://m.media-amazon.com/images/I/41maDlrio5L._SL500_.jpg" alt="Product Image"></a><p>Red Heart Super Saver Light Blue Yarn - 3 Pack of 198g/7oz - Acrylic - 4 Medium (Worsted) - 364 Yards - Knitting/Crochet</p><p>$13.29 ($4.43 / Count)</p><a href="https://www.amazon.com/dp/B09W1KHF42?tag=eloabder-20&linkCode=osi&th=1&psc=1">View Product</a></div><div class="product"><a href="https://www.amazon.com/dp/B08LKVZ3CX?tag=eloabder-20&linkCode=osi&th=1&psc=1"><img src="https://m.media-amazon.com/images/I/41GLizNx8UL._SL500_.jpg" alt="Product Image"></a><p>Bernat Baby Blanket Baby Blue Yarn - 3 Pack of 100g/3.5oz - Polyester - 6 Super Bulky - 72 Yards - Knitting/Crochet</p><p>$21.81</p><a href="https://www.amazon.com/dp/B08LKVZ3CX?tag=eloabder-20&linkCode=osi&th=1&psc=1">View Product</a></div><div class="product"><a href="https://www.amazon.com/dp/B0CHJ95WHJ?tag=eloabder-20&linkCode=osi&th=1&psc=1"><img src="https://m.media-amazon.com/images/I/314E1EQdihL._SL500_.jpg" alt="Product Image"></a><p>NORCIA Soft Velvet Yarn Chenille Yarn for Crocheting Baby Blanket Yarn for Knitting Amigurumi Yarn Fancy Yarn for Crochet Weaving Craft (Baby Blue, 1 Skein)</p><p>$9.99</p><a href="https://www.amazon.com/dp/B0CHJ95WHJ?tag=eloabder-20&linkCode=osi&th=1&psc=1">View Product</a></div>
<div class="product"><a href="https://www.amazon.com/dp/B0779F2TXJ?tag=eloabder-20&linkCode=osi&th=1&psc=1"><img src="https://m.media-amazon.com/images/I/31kqZr8DJzL._SL500_.jpg" alt="Product Image"></a><p>OPENDGO Feather Ballpoint Pen ，Black Ink Vintage Feather Quill Refined Plated Rod Quill Ballpoint Pen For School Writing ▏Wedding Gift Signature Pen (Black)</p><p>$6.97</p><a href="https://www.amazon.com/dp/B0779F2TXJ?tag=eloabder-20&linkCode=osi&th=1&psc=1">View Product</a></div><div class="product"><a href="https://www.amazon.com/dp/B0CQF3BJ3S?tag=eloabder-20&linkCode=osi&th=1&psc=1"><img src="https://m.media-amazon.com/images/I/41gs6AOiP6L._SL500_.jpg" alt="Product Image"></a><p>3 in 1 Retractable Ballpoint Pen with Light and Stylus, Nice Pens for Journaling Writing in The Dark - White/Red Light Tip- 0.7mm Black Ink</p><p>$12.99</p><a href="https://www.amazon.com/dp/B0CQF3BJ3S?tag=eloabder-20&linkCode=osi&th=1&psc=1">View Product</a></div><div class="product"><a href="https://www.amazon.com/dp/B08BBZ3B8G?tag=eloabder-20&linkCode=osi&th=1&psc=1"><img src="https://m.media-amazon.com/images/I/41cMHyw60wL._SL500_.jpg" alt="Product Image"></a><p>Mr. Pen- Pens, Black Pens, 12 Pack, Fast Dry, No Smear Pens, Bible Pens, Pens for Journaling, Pens No Bleed Through, Pens Fine Point, Journal Pens, Fine Tip, Planner Pens, Ball Point Journal Pens</p><p>$9.99</p><a href="https://www.amazon.com/dp/B08BBZ3B8G?tag=eloabder-20&linkCode=osi&th=1&psc=1">View Product</a></div><div class="product"><a href="https://www.amazon.com/dp/B0D4YWWGX6?tag=eloabder-20&linkCode=osi&th=1&psc=1"><img src="https://m.media-amazon.com/images/I/31xHBCCzJqL._SL500_.jpg" alt="Product Image"></a><p>PATIKIL 21cm/8" Feather Ballpoint Pen, 1Pcs Ink Vintage Quill Pen Refined Plated Dip Pen for Calligraphy Writing Signature Wedding Gift, Yellow</p><p>$7.49</p><a href="https://www.amazon.com/dp/B0D4YWWGX6?tag=eloabder-20&linkCode=osi&th=1&psc=1">View Product</a></div>

<div class="product"><a href="https://www.amazon.com/dp/B001TLDEVQ?tag=eloabder-20&linkCode=osi&th=1&psc=1"><img src="https://m.media-amazon.com/images/I/41jYF39F6lL._SL500_.jpg" alt="Product Image"></a><p>Beadalon SuppleMax Illusion Beading Cord, 0.40 mm / 0.016 in, Clear Monofilament, 50 m / 164 ft</p><p>$4.74</p><a href="https://www.amazon.com/dp/B001TLDEVQ?tag=eloabder-20&linkCode=osi&th=1&psc=1">View Product</a></div><div class="product"><a href="https://www.amazon.com/dp/B0D2HVFZ7Q?tag=eloabder-20&linkCode=osi&th=1&psc=1"><img src="https://m.media-amazon.com/images/I/41R66LMYz7L._SL500_.jpg" alt="Product Image"></a><p>Zxiixz 116Yards 0.5mm Bracelet String, Waxed String Cord for Bracelet Making, Beading Thread for Bracelet Beads, Friendship Bracelet String for Bracelet Making, Waxed Polyester Cord for Jewelry Making</p><p>$6.99</p><a href="https://www.amazon.com/dp/B0D2HVFZ7Q?tag=eloabder-20&linkCode=osi&th=1&psc=1">View Product</a></div><div class="product"><a href="https://www.amazon.com/dp/B07BNF8KH5?tag=eloabder-20&linkCode=osi&th=1&psc=1"><img src="https://m.media-amazon.com/images/I/51jVByheyVL._SL500_.jpg" alt="Product Image"></a><p>PH PandaHall 100 Yards 1mm Waxed Cotton Cord Thread Beading String for Bracelet Necklace Making Crafting Beading Macrame Vase Decor, Burlywood</p><p>$7.19 ($0.02 / Foot)</p><a href="https://www.amazon.com/dp/B07BNF8KH5?tag=eloabder-20&linkCode=osi&th=1&psc=1">View Product</a></div><div class="product"><a href="https://www.amazon.com/dp/B07HBPGXJG?tag=eloabder-20&linkCode=osi&th=1&psc=1"><img src="https://m.media-amazon.com/images/I/41xi8gO6kDL._SL500_.jpg" alt="Product Image"></a><p>Paxcoo 0.8mm Elastic String, Stretchy Bracelet String Crystal String Bead Cord for Bracelet, Beading and Jewelry Making (120m)</p><p>$6.99 ($0.02 / Foot)</p><a href="https://www.amazon.com/dp/B07HBPGXJG?tag=eloabder-20&linkCode=osi&th=1&psc=1">View Product</a></div><div class="product"><a href="https://www.amazon.com/dp/B0CNPST7D9?tag=eloabder-20&linkCode=osi&th=1&psc=1"><img src="https://m.media-amazon.com/images/I/41A9VISFC4L._SL500_.jpg" alt="Product Image"></a><p>Kblick Black Nylon String Cord - 1MM 100 Yards Black Twine, Bracelet String for Bracelet Making, Braided Ornament Lanyard Sting, Jewelry Thread Clay Bead String for Crafts, Macrame Satin Cord</p><p>$5.99 ($0.02 / Foot)</p><a href="https://www.amazon.com/dp/B0CNPST7D9?tag=eloabder-20&linkCode=osi&th=1&psc=1">View Product</a></div><div class="product"><a href="https://www.amazon.com/dp/B08GC3JF9X?tag=eloabder-20&linkCode=osi&th=1&psc=1"><img src="https://m.media-amazon.com/images/I/41FQZYhvQpL._SL500_.jpg" alt="Product Image"></a><p>Cheriswelry 100M 0.8mm Nylon Beading Cord Black Chinese Knotting Rattail Macrame Thread String Roll for Jewelry Making Kumihimo Wrapping Supplies DIY Crafts</p><p>$6.99 ($0.02 / Fl Oz)</p><a href="https://www.amazon.com/dp/B08GC3JF9X?tag=eloabder-20&linkCode=osi&th=1&psc=1">View Product</a></div><div class="product"><a href="https://www.amazon.com/dp/B0B3V9RWQC?tag=eloabder-20&linkCode=osi&th=1&psc=1"><img src="https://m.media-amazon.com/images/I/41F-OP+yCxL._SL500_.jpg" alt="Product Image"></a><p>Griffin Silk Bead Cord Perlseide – Black Color – Size 3 (0.50mm) – 2 Meters per Card – Stainless Steel Needle Attached – for Knotting Pearls, Gemstones, Crystals and Beads</p><p>$4.99 ($0.76 / Foot)</p><a href="https://www.amazon.com/dp/B0B3V9RWQC?tag=eloabder-20&linkCode=osi&th=1&psc=1">View Product</a></div><div class="product"><a href="https://www.amazon.com/dp/B08F49YVQP?tag=eloabder-20&linkCode=osi&th=1&psc=1"><img src="https://m.media-amazon.com/images/I/41yCMIpj0rS._SL500_.jpg" alt="Product Image"></a><p>1mm Stretchy Bracelet String, Sturdy Rainbow Elastic String Elastic Cord for Jewelry Making, Necklaces, Beading and Crafts</p><p>$6.99 ($0.04 / Foot)</p><a href="https://www.amazon.com/dp/B08F49YVQP?tag=eloabder-20&linkCode=osi&th=1&psc=1">View Product</a></div>

<div class="product"><a href="https://www.amazon.com/dp/B001GMUBJ6?tag=eloabder-20&linkCode=osi&th=1&psc=1"><img src="https://m.media-amazon.com/images/I/41V5qzn3H5L._SL500_.jpg" alt="Product Image"></a><p>The Beadsmith Fireline by Berkley – Micro-Fused Braided Thread – 6lb. Test, 006”/.15mm Diameter, 50 Yard Spool, Crystal Color – Super Strong Stringing Material for Jewelry Making and Bead Weaving</p><p>$12.59</p><a href="https://www.amazon.com/dp/B001GMUBJ6?tag=eloabder-20&linkCode=osi&th=1&psc=1">View Product</a></div><div class="product"><a href="https://www.amazon.com/dp/B001UAKK0Y?tag=eloabder-20&linkCode=osi&th=1&psc=1"><img src="https://m.media-amazon.com/images/I/41rY1D0wfuL._SL500_.jpg" alt="Product Image"></a><p>Beadalon Wildfire, 0.006 in, 0.15 mm, Break Strength 10 lb / 4.5 kg, Frost, 50 yd / 45 m</p><p>$8.85 ($0.06 / Foot)</p><a href="https://www.amazon.com/dp/B001UAKK0Y?tag=eloabder-20&linkCode=osi&th=1&psc=1">View Product</a></div><div class="product"><a href="https://www.amazon.com/dp/B095WY58F4?tag=eloabder-20&linkCode=osi&th=1&psc=1"><img src="https://m.media-amazon.com/images/I/41mXRfJqcjL._SL500_.jpg" alt="Product Image"></a><p>PH PandaHall 0.1mm Nylon Seed Bead Thread 100 Yards Black White Bracelet Cord Beading Thread Invisible Sewing Thread Nylon Braided Thread String for Leather Stitching Beading Jewelry Bracelets Making</p><p>$9.99 ($0.03 / Foot)</p><a href="https://www.amazon.com/dp/B095WY58F4?tag=eloabder-20&linkCode=osi&th=1&psc=1">View Product</a></div><div class="product"><a href="https://www.amazon.com/dp/B08RN2R2SZ?tag=eloabder-20&linkCode=osi&th=1&psc=1"><img src="https://m.media-amazon.com/images/I/41Tg2MMC++L._SL500_.jpg" alt="Product Image"></a><p>KO Nylon Beading Thread, White Color, Japanese Pre-Waxed 100% Nylon, 330TEX, Tangle Resistant Knotting Cords, 50m /55 yds Spool, Use for Seed Bead Projects, Loom Work & Bead Weaving</p><p>$7.06 ($0.04 / Foot)</p><a href="https://www.amazon.com/dp/B08RN2R2SZ?tag=eloabder-20&linkCode=osi&th=1&psc=1">View Product</a></div><div class="product"><a href="https://www.amazon.com/dp/B09J89ST79?tag=eloabder-20&linkCode=osi&th=1&psc=1"><img src="https://m.media-amazon.com/images/I/41hLuuOZeXL._SL500_.jpg" alt="Product Image"></a><p>2 Roll Polyester Thread, Heavy Duty Thread, 1500Yard/Reel 210D/3 nylon thread for sewing, Sewing Thread for Upholstery, Outdoor Market, Drapery, Leather, Beading, Crafts</p><p>$7.99 ($0.00 / Foot)</p><a href="https://www.amazon.com/dp/B09J89ST79?tag=eloabder-20&linkCode=osi&th=1&psc=1">View Product</a></div><div class="product"><a href="https://www.amazon.com/dp/B0C6MSY7QQ?tag=eloabder-20&linkCode=osi&th=1&psc=1"><img src="https://m.media-amazon.com/images/I/31Bn-MyA62L._SL500_.jpg" alt="Product Image"></a><p>PH PandaHall 0.1mm Nylon String 100 Yards Beading Thread White Nylon Seed Bead Thread Bracelet Beading Thread Sewing String for Leather Stitching Beading Jewelry Bracelets Making</p><p>$7.99 ($0.03 / Foot)</p><a href="https://www.amazon.com/dp/B0C6MSY7QQ?tag=eloabder-20&linkCode=osi&th=1&psc=1">View Product</a></div>

<div class="product"><a href="https://www.amazon.com/dp/B07NMNDT1W?tag=eloabder-20&linkCode=osi&th=1&psc=1"><img src="https://m.media-amazon.com/images/I/41-zwQIcVcL._SL500_.jpg" alt="Product Image"></a><p>Howemon White Beeswax Pellets 2LB 100% Pure and Natural Triple Filtered for Skin, Face, Body and Hair Care DIY Creams, Lotions, Lip Balm and Soap Making Supplies</p><p>$13.99 ($0.44 / Fl Oz)</p><a href="https://www.amazon.com/dp/B07NMNDT1W?tag=eloabder-20&linkCode=osi&th=1&psc=1">View Product</a></div><div class="product"><a href="https://www.amazon.com/dp/B00B3U0FW4?tag=eloabder-20&linkCode=osi&th=1&psc=1"><img src="https://m.media-amazon.com/images/I/51rWFCST+TL._SL500_.jpg" alt="Product Image"></a><p>Beesworks Yellow Beeswax Pellets (1 lb) | 100% Pure, Cosmetic Grade, Triple-Filtered Beeswax for DIY Skin care, Lip Balm, Lotion, and Candle Making</p><p>$13.99 ($0.87 / Ounce)</p><a href="https://www.amazon.com/dp/B00B3U0FW4?tag=eloabder-20&linkCode=osi&th=1&psc=1">View Product</a></div><div class="product"><a href="https://www.amazon.com/dp/B01LWX2IO1?tag=eloabder-20&linkCode=osi&th=1&psc=1"><img src="https://m.media-amazon.com/images/I/41MlNqhDyCL._SL500_.jpg" alt="Product Image"></a><p>Beesworks Yellow Beeswax Bars (6 oz) | 100% Pure, Cosmetic Grade, Triple-Filtered Beeswax for DIY Skin Care, Lip Balm, Lotion and Candle Making (1 oz Bars - Pack of 6)</p><p>$6.99</p><a href="https://www.amazon.com/dp/B01LWX2IO1?tag=eloabder-20&linkCode=osi&th=1&psc=1">View Product</a></div><div class="product"><a href="https://www.amazon.com/dp/B0BV77F19N?tag=eloabder-20&linkCode=osi&th=1&psc=1"><img src="https://m.media-amazon.com/images/I/41xzHaO1-EL._SL500_.jpg" alt="Product Image"></a><p>Beeswax Pellets 10LB Cosmetic Beeswax Triple Filtered Beeswax Pastilles for Candle Making Great for DIY Projects Creams Lotions Lip Balm and Soap Making Supplies(10LB)</p><p>$32.99</p><a href="https://www.amazon.com/dp/B0BV77F19N?tag=eloabder-20&linkCode=osi&th=1&psc=1">View Product</a></div><div class="product"><a href="https://www.amazon.com/dp/B0C9QSG3CY?tag=eloabder-20&linkCode=osi&th=1&psc=1"><img src="https://m.media-amazon.com/images/I/414XQcU6SRL._SL500_.jpg" alt="Product Image"></a><p>YASNAY White Beeswax Pellets 2LB, 100% Organic Beeswax, Beeswax for Candle Making, Body, Skin Care DIY, Lip Balm and Soap Making Supplies</p><p>$11.99</p><a href="https://www.amazon.com/dp/B0C9QSG3CY?tag=eloabder-20&linkCode=osi&th=1&psc=1">View Product</a></div><div class="product"><a href="https://www.amazon.com/dp/B097HTC4WN?tag=eloabder-20&linkCode=osi&th=1&psc=1"><img src="https://m.media-amazon.com/images/I/51pwMM7C6-L._SL500_.jpg" alt="Product Image"></a><p>Eco Lux 8 Yellow Beeswax Blocks 100% Pure Natural Organic Bees Wax 6.5oz</p><p>$8.49 ($1.35 / Ounce)</p><a href="https://www.amazon.com/dp/B097HTC4WN?tag=eloabder-20&linkCode=osi&th=1&psc=1">View Product</a></div><div class="product"><a href="https://www.amazon.com/dp/B00HDHQQCE?tag=eloabder-20&linkCode=osi&th=1&psc=1"><img src="https://m.media-amazon.com/images/I/41vF-7MwNhL._SL500_.jpg" alt="Product Image"></a><p>Murray's 100% Pure Beeswax 4 oz</p><p>$5.98 ($1.50 / Ounce)</p><a href="https://www.amazon.com/dp/B00HDHQQCE?tag=eloabder-20&linkCode=osi&th=1&psc=1">View Product</a></div><div class="product"><a href="https://www.amazon.com/dp/B09YM8JTLM?tag=eloabder-20&linkCode=osi&th=1&psc=1"><img src="https://m.media-amazon.com/images/I/41cjNuBnFEL._SL500_.jpg" alt="Product Image"></a><p>TRINIDa Beeswax Pellets 2LB(32 oz), 100% Organic Yellow Bees Wax for DIY Candles, Beeswax for Candle Making, Skin, Body, Face, and Hair Care, Lotions, DIY Creams, Lip Balm and Soap Making Supplies</p><p>$11.99</p><a href="https://www.amazon.com/dp/B09YM8JTLM?tag=eloabder-20&linkCode=osi&th=1&psc=1">View Product</a></div><div class="product"><a href="https://www.amazon.com/dp/B00F3CNMV4?tag=eloabder-20&linkCode=osi&th=1&psc=1"><img src="https://m.media-amazon.com/images/I/31pjrRAEa4L._SL500_.jpg" alt="Product Image"></a><p>Stakich Yellow Beeswax Block - Natural, Triple Filtered - 1 Pound, Honey Scent</p><p>$13.95 ($0.87 / Ounce)</p><a href="https://www.amazon.com/dp/B00F3CNMV4?tag=eloabder-20&linkCode=osi&th=1&psc=1">View Product</a></div><div class="product"><a href="https://www.amazon.com/dp/B0BXFZBZS9?tag=eloabder-20&linkCode=osi&th=1&psc=1"><img src="https://m.media-amazon.com/images/I/4178i9IB9KL._SL500_.jpg" alt="Product Image"></a><p>5LB Beeswax Pellets Beeswax for Candle Making Organic Beeswax Pellets for Skin Beeswax Beads Beeswax Bulk Beeswax for Lotion Making Organic for DIY and Craft Project</p><p>$22.99</p><a href="https://www.amazon.com/dp/B0BXFZBZS9?tag=eloabder-20&linkCode=osi&th=1&psc=1">View Product</a></div>
<div class="product"><a href="https://www.amazon.com/dp/B0052F1BVK?tag=eloabder-20&linkCode=osi&th=1&psc=1"><img src="https://m.media-amazon.com/images/I/41zE9eiGoLL._SL500_.jpg" alt="Product Image"></a><p>ACC Staples Large Binder Clips, 2" Width, 1" Capacity, Black, 12/Pk</p><p>$6.30</p><a href="https://www.amazon.com/dp/B0052F1BVK?tag=eloabder-20&linkCode=osi&th=1&psc=1">View Product</a></div><div class="product"><a href="https://www.amazon.com/dp/B07MLFR771?tag=eloabder-20&linkCode=osi&th=1&psc=1"><img src="https://m.media-amazon.com/images/I/51N2wxA7N0L._SL500_.jpg" alt="Product Image"></a><p>CooBigo 50 Pack Binder Ring, Metal Book Ring Paper Ring Holder 5/8-Inch Loose Leaf Binder Ring Clip for Index Card, Flash Card Ring, Card Calendar, Keychain Key Ring - Bronze</p><p>$6.99</p><a href="https://www.amazon.com/dp/B07MLFR771?tag=eloabder-20&linkCode=osi&th=1&psc=1">View Product</a></div><div class="product"><a href="https://www.amazon.com/dp/B01563NHGY?tag=eloabder-20&linkCode=osi&th=1&psc=1"><img src="https://m.media-amazon.com/images/I/41gj+0ZftqL._SL500_.jpg" alt="Product Image"></a><p>vanki Pack of 40 Cute Lovely Smiling Face Spring-Loaded File Organizer Paper Holder Metal Binder Clips, Assorted Color</p><p>$8.99</p><a href="https://www.amazon.com/dp/B01563NHGY?tag=eloabder-20&linkCode=osi&th=1&psc=1">View Product</a></div><div class="product"><a href="https://www.amazon.com/dp/B000GOUDSO?tag=eloabder-20&linkCode=osi&th=1&psc=1"><img src="https://m.media-amazon.com/images/I/41ZANISHgML._SL500_.jpg" alt="Product Image"></a><p>Small Binder Clips .75" 8/Pkg-Assorted Colors</p><p>$4.46</p><a href="https://www.amazon.com/dp/B000GOUDSO?tag=eloabder-20&linkCode=osi&th=1&psc=1">View Product</a></div>
<div class="product"><a href="https://www.amazon.com/dp/B07PRPX4VR?tag=eloabder-20&linkCode=osi&th=1&psc=1"><img src="https://m.media-amazon.com/images/I/41IMH12fdPL._SL500_.jpg" alt="Product Image"></a><p>Durable Sheet Lifters, Durable Easy Flow, 11" x 3", Lifts Sheets Over Rings and Protects Sheets from Tearing, Fit Standard 3-Ring Binders, Black (20 Pack)</p><p>$14.99</p><a href="https://www.amazon.com/dp/B07PRPX4VR?tag=eloabder-20&linkCode=osi&th=1&psc=1">View Product</a></div><div class="product"><a href="https://www.amazon.com/dp/B0CM8QJHFW?tag=eloabder-20&linkCode=osi&th=1&psc=1"><img src="https://m.media-amazon.com/images/I/31cJGS74oCL._SL500_.jpg" alt="Product Image"></a><p>Wantane D-Shaped Tape Storage Ring Tape Storage Ring 4" D-Shaped Washi Tape Storage Ring for DIY Decoration and Storage（Nickel）-2PCS</p><p>$7.99</p><a href="https://www.amazon.com/dp/B0CM8QJHFW?tag=eloabder-20&linkCode=osi&th=1&psc=1">View Product</a></div>
<div class="product"><a href="https://www.amazon.com/dp/B00006IAS3?tag=eloabder-20&linkCode=osi&th=1&psc=1"><img src="https://m.media-amazon.com/images/I/317DvSXhT1L._SL500_.jpg" alt="Product Image"></a><p>GBC Binding System, Manual, Desktop Binding Punch, 6 Sheet Punch Capacity, ProClick P50 (2515650)</p><p>$123.89</p><a href="https://www.amazon.com/dp/B00006IAS3?tag=eloabder-20&linkCode=osi&th=1&psc=1">View Product</a></div><div class="product"><a href="https://www.amazon.com/dp/B004BP81KQ?tag=eloabder-20&linkCode=osi&th=1&psc=1"><img src="https://m.media-amazon.com/images/I/51SqfeZ12KL._SL500_.jpg" alt="Product Image"></a><p>We R Memory Keepers Cinch Book Binding Wire (1-Inch, Silver (2 Pack))</p><p>$5.99</p><a href="https://www.amazon.com/dp/B004BP81KQ?tag=eloabder-20&linkCode=osi&th=1&psc=1">View Product</a></div>

<div class="product"><a href="https://www.amazon.com/dp/B0007ZJ8TM?tag=eloabder-20&linkCode=osi&th=1&psc=1"><img src="https://m.media-amazon.com/images/I/41i49sz3UAL._SL500_.jpg" alt="Product Image"></a><p>Speedball Super Black India Ink, 2-Ounce</p><p>$9.99 ($9.99 / Count)</p><a href="https://www.amazon.com/dp/B0007ZJ8TM?tag=eloabder-20&linkCode=osi&th=1&psc=1">View Product</a></div><div class="product"><a href="https://www.amazon.com/dp/B0026I10AI?tag=eloabder-20&linkCode=osi&th=1&psc=1"><img src="https://m.media-amazon.com/images/I/31vklP4uBsL._SL500_.jpg" alt="Product Image"></a><p>Dr. Ph. Martin's Bombay India (7BY) Ink Bottle, 1.0 oz, Black</p><p>$6.99</p><a href="https://www.amazon.com/dp/B0026I10AI?tag=eloabder-20&linkCode=osi&th=1&psc=1">View Product</a></div><div class="product"><a href="https://www.amazon.com/dp/B000KNP96C?tag=eloabder-20&linkCode=osi&th=1&psc=1"><img src="https://m.media-amazon.com/images/I/51e9srYtG0L._SL500_.jpg" alt="Product Image"></a><p>Winsor & Newton Drawing Ink, 14ml Bottle, Black Indian</p><p>$10.99</p><a href="https://www.amazon.com/dp/B000KNP96C?tag=eloabder-20&linkCode=osi&th=1&psc=1">View Product</a></div><div class="product"><a href="https://www.amazon.com/dp/B07BQG5QF4?tag=eloabder-20&linkCode=osi&th=1&psc=1"><img src="https://m.media-amazon.com/images/I/41nEMDYZaiL._SL500_.jpg" alt="Product Image"></a><p>Speedball Super Black India Ink, 16-Ounce</p><p>$19.99</p><a href="https://www.amazon.com/dp/B07BQG5QF4?tag=eloabder-20&linkCode=osi&th=1&psc=1">View Product</a></div><div class="product"><a href="https://www.amazon.com/dp/B001038NLY?tag=eloabder-20&linkCode=osi&th=1&psc=1"><img src="https://m.media-amazon.com/images/I/418i4sxJJ0L._SL500_.jpg" alt="Product Image"></a><p>Speedball Fabric Screen Printing Ink, 8-Ounce, Black for T-Shirt and Silkscreen Printmaking</p><p>$12.99 ($1.62 / Fl Oz)</p><a href="https://www.amazon.com/dp/B001038NLY?tag=eloabder-20&linkCode=osi&th=1&psc=1">View Product</a></div><div class="product"><a href="https://www.amazon.com/dp/B00161OPSA?tag=eloabder-20&linkCode=osi&th=1&psc=1"><img src="https://m.media-amazon.com/images/I/41C32y3CJAL._SL500_.jpg" alt="Product Image"></a><p>Tsukineko VersaFine inkpad, Full-Size, Onyx Black</p><p>$4.99 ($4.99 / Count)</p><a href="https://www.amazon.com/dp/B00161OPSA?tag=eloabder-20&linkCode=osi&th=1&psc=1">View Product</a></div>
<div class="product"><a href="https://www.amazon.com/dp/B07Q4TJCDJ?tag=eloabder-20&linkCode=osi&th=1&psc=1"><img src="https://m.media-amazon.com/images/I/315HYvYg-BL._SL500_.jpg" alt="Product Image"></a><p>Primbeeks 300pcs Blank Business Cards, Premium Blank White Cards, 3.5" x 2.2" Small Blank Cards, Blank Cardstock Cards, Small Note Cards, white blank cards, white business cards, kraft paper cards</p><p>$7.99</p><a href="https://www.amazon.com/dp/B07Q4TJCDJ?tag=eloabder-20&linkCode=osi&th=1&psc=1">View Product</a></div><div class="product"><a href="https://www.amazon.com/dp/B0CRGHFLT8?tag=eloabder-20&linkCode=osi&th=1&psc=1"><img src="https://m.media-amazon.com/images/I/41S1NLpb8hL._SL500_.jpg" alt="Product Image"></a><p>Watercolor Cards and Envelopes Set - 50 Folded 5x7 Inch Blank Heavyweight Paper Cards (140lb/300gsm) with Matching Envelopes for DIY Greeting Cards, Festivals, and Events</p><p>$17.99 ($0.36 / Count)</p><a href="https://www.amazon.com/dp/B0CRGHFLT8?tag=eloabder-20&linkCode=osi&th=1&psc=1">View Product</a></div><div class="product"><a href="https://www.amazon.com/dp/B08MX4TZ3H?tag=eloabder-20&linkCode=osi&th=1&psc=1"><img src="https://m.media-amazon.com/images/I/41D2u4vdLQL._SL500_.jpg" alt="Product Image"></a><p>50 Pack Blank Kraft Cards Cardstock Thick Paper Brown Greeting Cards for DIY Gift Card Menus, Baby Shower and Wedding Invitations (Multicolored, 5x7IN)</p><p>$8.99</p><a href="https://www.amazon.com/dp/B08MX4TZ3H?tag=eloabder-20&linkCode=osi&th=1&psc=1">View Product</a></div><div class="product"><a href="https://www.amazon.com/dp/B08BDGGVMK?tag=eloabder-20&linkCode=osi&th=1&psc=1"><img src="https://m.media-amazon.com/images/I/41W-dTUoBqL._SL500_.jpg" alt="Product Image"></a><p>100pcs 3.54"x2" Blank Kraft Paper Business Card, Words Message Notes paper Tags, Mini Craft Cardboard Festival gifts - 6 colors</p><p>$5.98</p><a href="https://www.amazon.com/dp/B08BDGGVMK?tag=eloabder-20&linkCode=osi&th=1&psc=1">View Product</a></div><div class="product"><a href="https://www.amazon.com/dp/B08BFDJJ78?tag=eloabder-20&linkCode=osi&th=1&psc=1"><img src="https://m.media-amazon.com/images/I/61LZ1Csb+dL._SL500_.jpg" alt="Product Image"></a><p>Nettbe 100pcs 3.54"x2" Blank Kraft Paper Business Card, Words Message Notes paper Tags, Mini Craft Cardboard Festival gifts</p><p>$5.99</p><a href="https://www.amazon.com/dp/B08BFDJJ78?tag=eloabder-20&linkCode=osi&th=1&psc=1">View Product</a></div><div class="product"><a href="https://www.amazon.com/dp/B07Q8YBJM3?tag=eloabder-20&linkCode=osi&th=1&psc=1"><img src="https://m.media-amazon.com/images/I/31w6U4cCqEL._SL500_.jpg" alt="Product Image"></a><p>Primbeeks 228pcs Blank Business Cards, Premium Blank White Cards, 3.5" x 2.2" Small Blank Cards, Blank Cardstock Cards, Small Note Cards, white blank cards, white business cards, kraft paper cards</p><p>$5.99</p><a href="https://www.amazon.com/dp/B07Q8YBJM3?tag=eloabder-20&linkCode=osi&th=1&psc=1">View Product</a></div><div class="product"><a href="https://www.amazon.com/dp/B08X4Z9TGN?tag=eloabder-20&linkCode=osi&th=1&psc=1"><img src="https://m.media-amazon.com/images/I/41Jqhe35tDL._SL500_.jpg" alt="Product Image"></a><p>321Done Blank Rustic Cards, Made in USA - 4x6 Thick, Heavy Cardstock - Make Invites, Greeting, Note, Thank You Cards - Plain Kraft for Writing, Stamping, Printing, Art - No Envelopes - Set of 50</p><p>$14.99</p><a href="https://www.amazon.com/dp/B08X4Z9TGN?tag=eloabder-20&linkCode=osi&th=1&psc=1">View Product</a></div><div class="product"><a href="https://www.amazon.com/dp/B0D2KDWBNM?tag=eloabder-20&linkCode=osi&th=1&psc=1"><img src="https://m.media-amazon.com/images/I/31dAhnBJ7aL._SL500_.jpg" alt="Product Image"></a><p>4x6 Blank White Cardstock (Set of 100) - Card Stock for Printer Postcards, Photo Paper Invitations, Greeting, Note, Thank You, DIY Making, Index Cards - Plain for Writing, Stamping, Printing, Art</p><p>$8.99</p><a href="https://www.amazon.com/dp/B0D2KDWBNM?tag=eloabder-20&linkCode=osi&th=1&psc=1">View Product</a></div><div class="product"><a href="https://www.amazon.com/dp/B0BB858RYN?tag=eloabder-20&linkCode=osi&th=1&psc=1"><img src="https://m.media-amazon.com/images/I/317zmriPKNL._SL500_.jpg" alt="Product Image"></a><p>WANDERINGS Handmade White Deckle Edge Blank Greeting Cards- Folded to 5x7” - Pack of 25 - Writers, Artists, Crafters - Thank Yous, Invitations, Menus, Greeting Cards, Notes - Thick 150 GSM</p><p>$21.99 ($0.88 / Count)</p><a href="https://www.amazon.com/dp/B0BB858RYN?tag=eloabder-20&linkCode=osi&th=1&psc=1">View Product</a></div><div class="product"><a href="https://www.amazon.com/dp/B0BZPPXRZW?tag=eloabder-20&linkCode=osi&th=1&psc=1"><img src="https://m.media-amazon.com/images/I/21Da-WQhrpL._SL500_.jpg" alt="Product Image"></a><p>100 Pack Thick Paper Cardstock Blank Heavy Cards Stock for Invitations, Greeting Cards Making, Postcards, Photos, 250GSM Thick Paper (White, 2x3.5 inches)</p><p>$5.99</p><a href="https://www.amazon.com/dp/B0BZPPXRZW?tag=eloabder-20&linkCode=osi&th=1&psc=1">View Product</a></div>
<div class="product"><a href="https://www.amazon.com/dp/B0BZRDQKH6?tag=eloabder-20&linkCode=osi&th=1&psc=1"><img src="https://m.media-amazon.com/images/I/41GYYRiusgL._SL500_.jpg" alt="Product Image"></a><p>feela 8 Pack Unlined Kraft Paper Notebooks, Blank Journal Note Pad for Drawing Writing, Small Sketchbook Travel Journal Bulk for Women Kids Students Office School Supplies, A5, 60 Pages, 8.3” X 5.5”</p><p>$9.99</p><a href="https://www.amazon.com/dp/B0BZRDQKH6?tag=eloabder-20&linkCode=osi&th=1&psc=1">View Product</a></div><div class="product"><a href="https://www.amazon.com/dp/B0BXLB74KK?tag=eloabder-20&linkCode=osi&th=1&psc=1"><img src="https://m.media-amazon.com/images/I/313vYzg7HpL._SL500_.jpg" alt="Product Image"></a><p>ZZTX 4 Pack Blank Kraft Notebooks, Blank Paper Sketchbooks for Drawing Doodling Writing,Travel Journal Set, A5, 36 Pages, 8.3” X 5.5”</p><p>$5.99</p><a href="https://www.amazon.com/dp/B0BXLB74KK?tag=eloabder-20&linkCode=osi&th=1&psc=1">View Product</a></div><div class="product"><a href="https://www.amazon.com/dp/B0BW5TNPXJ?tag=eloabder-20&linkCode=osi&th=1&psc=1"><img src="https://m.media-amazon.com/images/I/31Wu8UP78iL._SL500_.jpg" alt="Product Image"></a><p>EOOUT Kraft Notebooks, Blank Page Journals in Bulk, 16pcs A5, 8.3 X 5.5 Inches, 60 Pages, 80gsm, Travel Journal Set, for Art Camp, Travelers, Students and Office Supplies Sketchbooks Bulk for Kids</p><p>$15.99</p><a href="https://www.amazon.com/dp/B0BW5TNPXJ?tag=eloabder-20&linkCode=osi&th=1&psc=1">View Product</a></div><div class="product"><a href="https://www.amazon.com/dp/B08P3F46SD?tag=eloabder-20&linkCode=osi&th=1&psc=1"><img src="https://m.media-amazon.com/images/I/41jeBDcZJ1L._SL500_.jpg" alt="Product Image"></a><p>Krafty Soft Cover Blank Notebook Journal, Spiral Sketchbook Pad, Drawing Book, 60 Sheets/140gsm (A4)/120 Pages</p><p>$7.99</p><a href="https://www.amazon.com/dp/B08P3F46SD?tag=eloabder-20&linkCode=osi&th=1&psc=1">View Product</a></div><div class="product"><a href="https://www.amazon.com/dp/B0CWNPMC4T?tag=eloabder-20&linkCode=osi&th=1&psc=1"><img src="https://m.media-amazon.com/images/I/31BZeVGe6TL._SL500_.jpg" alt="Product Image"></a><p>zmybcpack 5 Pack Blank Journal Notebooks, Blank Paper Sketchbook for Drawing Writing, Travel Journal Notebook Kraft Paper Notebook for Travelers, Students, Office, A5, 8.26” x 5.5”, 60 Pages/30 Sheets</p><p>$8.99</p><a href="https://www.amazon.com/dp/B0CWNPMC4T?tag=eloabder-20&linkCode=osi&th=1&psc=1">View Product</a></div><div class="product"><a href="https://www.amazon.com/dp/B07WHYP9WN?tag=eloabder-20&linkCode=osi&th=1&psc=1"><img src="https://m.media-amazon.com/images/I/41ZhyCux1yL._SL500_.jpg" alt="Product Image"></a><p>Thick Blank Journal Notebook with Unlined / Unruled / Plain Pages | Deluxe 120gsm Ink Resistant Paper for Writing, Sketch Book, 160 Pages | Hardcover Sketchbook with Pen Holder, Pocket, Ribbon (Black)</p><p>$14.99</p><a href="https://www.amazon.com/dp/B07WHYP9WN?tag=eloabder-20&linkCode=osi&th=1&psc=1">View Product</a></div>
<div class="product"><a href="https://www.amazon.com/dp/B07MT7HKZW?tag=eloabder-20&linkCode=osi&th=1&psc=1"><img src="https://m.media-amazon.com/images/I/413JwH5JREL._SL500_.jpg" alt="Product Image"></a><p>Spiral Sketch Book Large Notebook（Built-in Drawing Board） Kraft Cover Blank Sketch Pad Wirebound Sketching for Drawing Painting 8.5x11-Inch (2 Pack) 200 Sheets, 100 Sheets, 200Pages Each</p><p>$17.99 ($9.00 / Count)</p><a href="https://www.amazon.com/dp/B07MT7HKZW?tag=eloabder-20&linkCode=osi&th=1&psc=1">View Product</a></div><div class="product"><a href="https://www.amazon.com/dp/B0BDQ82WB9?tag=eloabder-20&linkCode=osi&th=1&psc=1"><img src="https://m.media-amazon.com/images/I/51FoWr3GPwL._SL500_.jpg" alt="Product Image"></a><p>feela 170 Pack Blank Kraft Notebooks, Unlined Sketchbook Mini Cute Note Pad for Drawing Writing, Journal Bulk For Kids Students Office School Supplies, A6, 48 Pages, 4.25” X 5.5”, Black and Brown</p><p>$51.99</p><a href="https://www.amazon.com/dp/B0BDQ82WB9?tag=eloabder-20&linkCode=osi&th=1&psc=1">View Product</a></div><div class="product"><a href="https://www.amazon.com/dp/B0B3WWHWT2?tag=eloabder-20&linkCode=osi&th=1&psc=1"><img src="https://m.media-amazon.com/images/I/31m0FzXtPxL._SL500_.jpg" alt="Product Image"></a><p>Tamaki 6 Pack Colorful Blank Books for kids to Write, Drawing, Cute Sketchbook for Kid, 6 Colors (4.25 x 5.5 Inches)</p><p>$6.99</p><a href="https://www.amazon.com/dp/B0B3WWHWT2?tag=eloabder-20&linkCode=osi&th=1&psc=1">View Product</a></div>
<div class="product"><a href="https://www.amazon.com/dp/B0BGH2P9M6?tag=eloabder-20&linkCode=osi&th=1&psc=1"><img src="https://m.media-amazon.com/images/I/41ozOaYoHEL._SL500_.jpg" alt="Product Image"></a><p>EOOUT 100pcs A5 Kraft Notebooks, Blank Page Journals in Bulk, Sketchbooks Bulk for Kids, 60 Pages, 80GSM, 8.3 X 5.5 Inch, Travel Journal Set, for Art Camp, Travelers, Students and Office Supplies</p><p>$51.99</p><a href="https://www.amazon.com/dp/B0BGH2P9M6?tag=eloabder-20&linkCode=osi&th=1&psc=1">View Product</a></div><div class="product"><a href="https://www.amazon.com/dp/B07MT99F94?tag=eloabder-20&linkCode=osi&th=1&psc=1"><img src="https://m.media-amazon.com/images/I/41Ug7gpSWDL._SL500_.jpg" alt="Product Image"></a><p>Spiral Sketch Book Large Notebook（Built-in Drawing Board） Kraft Cover Blank Sketch Pad Wirebound Sketching for Drawing Painting 8.5x11-Inch (1 Pack) 200 Pages, 100 Sheets</p><p>$9.99</p><a href="https://www.amazon.com/dp/B07MT99F94?tag=eloabder-20&linkCode=osi&th=1&psc=1">View Product</a></div><div class="product"><a href="https://www.amazon.com/dp/B07CM32KLM?tag=eloabder-20&linkCode=osi&th=1&psc=1"><img src="https://m.media-amazon.com/images/I/41ENhBLE9DL._SL500_.jpg" alt="Product Image"></a><p>Kraft Cover Drawing Notebook & Sketchbook – Set of 2 Blank Plain Sketch Books – 125g Thick Paper A5 Size, 150x210mm Paper Ideal for Drawing & Sketching- 128 sheets/256 pages – 180 Degree Opening, 2pcs</p><p>$20.99 ($0.08 / Count)</p><a href="https://www.amazon.com/dp/B07CM32KLM?tag=eloabder-20&linkCode=osi&th=1&psc=1">View Product</a></div><div class="product"><a href="https://www.amazon.com/dp/B08ZLMLF7C?tag=eloabder-20&linkCode=osi&th=1&psc=1"><img src="https://m.media-amazon.com/images/I/41X-5yj83vL._SL500_.jpg" alt="Product Image"></a><p>BEECHMORE BOOKS Sketch Book, A4 8.5 x 11.5 inch Blank Sketchbook for Drawing, Paint and Draw, 156 Pages Thick Paper 160gsm, Hardcover Leather Art Notebook, Boxed for Gifts (Chestnut Brown)</p><p>$21.20</p><a href="https://www.amazon.com/dp/B08ZLMLF7C?tag=eloabder-20&linkCode=osi&th=1&psc=1">View Product</a></div>
<div class="product"><a href="https://www.amazon.com/dp/B075M9MSFH?tag=eloabder-20&linkCode=osi&th=1&psc=1"><img src="https://m.media-amazon.com/images/I/51x+szTX6TL._SL500_.jpg" alt="Product Image"></a><p>Bianyo Bleedproof Marker Paper Pad, A4(8.27"X11.69"), 50 Sheets, 18 LB / 70 GSM, Glue-Bound, 100% Cotton, White, Ideal for Use with Markers and Ink Mediums</p><p>$9.99</p><a href="https://www.amazon.com/dp/B075M9MSFH?tag=eloabder-20&linkCode=osi&th=1&psc=1">View Product</a></div><div class="product"><a href="https://www.amazon.com/dp/B08FX5S2NL?tag=eloabder-20&linkCode=osi&th=1&psc=1"><img src="https://m.media-amazon.com/images/I/41CA0ZfazKL._SL500_.jpg" alt="Product Image"></a><p>Marker Paper Sketchbook, Bleedproof Art Marker Pad, (8.27 X 11.69) Inch, White, 40 Sheets</p><p>$6.99</p><a href="https://www.amazon.com/dp/B08FX5S2NL?tag=eloabder-20&linkCode=osi&th=1&psc=1">View Product</a></div><div class="product"><a href="https://www.amazon.com/dp/B0CJRBFSJ8?tag=eloabder-20&linkCode=osi&th=1&psc=1"><img src="https://m.media-amazon.com/images/I/51DLA8TpwEL._SL500_.jpg" alt="Product Image"></a><p>Shuttle Art Marker Pad, 8.3”x8.9” Portable Square Sketchbook, 80 Sheets Marker Drawing Paper, 120LB/200GSM Bleedproof Art Paper, Spiral-Bound, Great for Professional Artist to Draw, Paint & Sketch</p><p>$16.99</p><a href="https://www.amazon.com/dp/B0CJRBFSJ8?tag=eloabder-20&linkCode=osi&th=1&psc=1">View Product</a></div><div class="product"><a href="https://www.amazon.com/dp/B09N7VX5Z5?tag=eloabder-20&linkCode=osi&th=1&psc=1"><img src="https://m.media-amazon.com/images/I/51xCPs9HZyL._SL500_.jpg" alt="Product Image"></a><p>Marker Paper Sketchbook - Marker Sketchbook with Bleedproof Smooth Coated Art Paper, 120 GSM 80 LBS - Marker Pad for Alcohol Markers, Sketching, Drawing - 8.11 x 8.5 Inch | 50 Sheets, 2 Pack</p><p>$15.99 ($8.00 / Count)</p><a href="https://www.amazon.com/dp/B09N7VX5Z5?tag=eloabder-20&linkCode=osi&th=1&psc=1">View Product</a></div><div class="product"><a href="https://www.amazon.com/dp/B07CK94W9T?tag=eloabder-20&linkCode=osi&th=1&psc=1"><img src="https://m.media-amazon.com/images/I/41ocoSNDjdL._SL500_.jpg" alt="Product Image"></a><p>BOXUN Premium 50 Sheets Sketch Marker Paper Pad, Bleedproof Artist Drawing Paper, 8.27 x 11.69 Inch</p><p>$8.29 ($0.17 / Count)</p><a href="https://www.amazon.com/dp/B07CK94W9T?tag=eloabder-20&linkCode=osi&th=1&psc=1">View Product</a></div><div class="product"><a href="https://www.amazon.com/dp/B0CPXWD11W?tag=eloabder-20&linkCode=osi&th=1&psc=1"><img src="https://m.media-amazon.com/images/I/51ApKzpDVNL._SL500_.jpg" alt="Product Image"></a><p>FEITAKE Marker Paper Pad Sketchbook Bleedproof for Alcohol Markers 120lb/200gsm Double Sided Thick Art Drawing Papers 60pages (30Sheets) / A4(8.3"x11.7") Gift for Artists Students Kids</p><p>$13.99 ($0.47 / Count)</p><a href="https://www.amazon.com/dp/B0CPXWD11W?tag=eloabder-20&linkCode=osi&th=1&psc=1">View Product</a></div><div class="product"><a href="https://www.amazon.com/dp/B0025TWYW6?tag=eloabder-20&linkCode=osi&th=1&psc=1"><img src="https://m.media-amazon.com/images/I/51t6UkUHCvL._SL500_.jpg" alt="Product Image"></a><p>Bee Paper Bleedproof Marker Pack, 8-1/2-Inch by 11-Inch, 50 Sheets per Pack</p><p>$17.09 ($0.34 / Count)</p><a href="https://www.amazon.com/dp/B0025TWYW6?tag=eloabder-20&linkCode=osi&th=1&psc=1">View Product</a></div><div class="product"><a href="https://www.amazon.com/dp/B0CJRBYYQB?tag=eloabder-20&linkCode=osi&th=1&psc=1"><img src="https://m.media-amazon.com/images/I/41knBnjZ25L._SL500_.jpg" alt="Product Image"></a><p>Shuttle Art Marker Pad, 8.3”x7.67” Portable Square Sketchbook, 50 Sheets Marker Drawing Paper, 60LB/90GSM Smooth Surface Bleedproof Art Paper, Glue-Bound, Great for Beginners to Draw, Paint & Sketch</p><p>$8.99 ($0.18 / Count)</p><a href="https://www.amazon.com/dp/B0CJRBYYQB?tag=eloabder-20&linkCode=osi&th=1&psc=1">View Product</a></div>
<div class="product"><a href="https://www.amazon.com/dp/B00881IU8M?tag=eloabder-20&linkCode=osi&th=1&psc=1"><img src="https://m.media-amazon.com/images/I/41hbSgdLBtL._SL500_.jpg" alt="Product Image"></a><p>Speedball Fabric & Paper Block Printing Ink 6-Color Set, 1.25-Ounce x 6</p><p>$28.99 ($28.99 / Count)</p><a href="https://www.amazon.com/dp/B00881IU8M?tag=eloabder-20&linkCode=osi&th=1&psc=1">View Product</a></div><div class="product"><a href="https://www.amazon.com/dp/B000J09PFM?tag=eloabder-20&linkCode=osi&th=1&psc=1"><img src="https://m.media-amazon.com/images/I/51yPRc4nvoL._SL500_.jpg" alt="Product Image"></a><p>Speedball Water-Soluble Block Printing Ink Starter Set, 6 Bold Colors with Satin Finish, 1.25-Ounce Tubes</p><p>$29.99 ($4.00 / Fl Oz)</p><a href="https://www.amazon.com/dp/B000J09PFM?tag=eloabder-20&linkCode=osi&th=1&psc=1">View Product</a></div><div class="product"><a href="https://www.amazon.com/dp/B000BYT24U?tag=eloabder-20&linkCode=osi&th=1&psc=1"><img src="https://m.media-amazon.com/images/I/51pDlo+LlKL._SL500_.jpg" alt="Product Image"></a><p>Speedball Water-Soluble Block Printing Ink, 8-Ounce Jar, Black</p><p>$14.49</p><a href="https://www.amazon.com/dp/B000BYT24U?tag=eloabder-20&linkCode=osi&th=1&psc=1">View Product</a></div><div class="product"><a href="https://www.amazon.com/dp/B00C1JUJWW?tag=eloabder-20&linkCode=osi&th=1&psc=1"><img src="https://m.media-amazon.com/images/I/41zDtJ6f5hL._SL500_.jpg" alt="Product Image"></a><p>Speedball Fabric Block Printing Ink, 2.5-Ounce, Black</p><p>$9.99 ($4.00 / Fl Oz)</p><a href="https://www.amazon.com/dp/B00C1JUJWW?tag=eloabder-20&linkCode=osi&th=1&psc=1">View Product</a></div><div class="product"><a href="https://www.amazon.com/dp/B004PZ1ZJG?tag=eloabder-20&linkCode=osi&th=1&psc=1"><img src="https://m.media-amazon.com/images/I/41+GkhhpR5L._SL500_.jpg" alt="Product Image"></a><p>Speedball Water-Soluble Block Printing Ink Starter Set, 4-Color Set, 1.25-Ounce Tubes</p><p>$20.99</p><a href="https://www.amazon.com/dp/B004PZ1ZJG?tag=eloabder-20&linkCode=osi&th=1&psc=1">View Product</a></div><div class="product"><a href="https://www.amazon.com/dp/B0017CZF3C?tag=eloabder-20&linkCode=osi&th=1&psc=1"><img src="https://m.media-amazon.com/images/I/41S17SYPAZL._SL500_.jpg" alt="Product Image"></a><p>Speedball Water Soluble Block Printing Ink, Black, 2-1/2 Ounces - 380663</p><p>$9.99</p><a href="https://www.amazon.com/dp/B0017CZF3C?tag=eloabder-20&linkCode=osi&th=1&psc=1">View Product</a></div><div class="product"><a href="https://www.amazon.com/dp/B0BXNX8FSH?tag=eloabder-20&linkCode=osi&th=1&psc=1"><img src="https://m.media-amazon.com/images/I/51JGm1VxVOL._SL500_.jpg" alt="Product Image"></a><p>Falling in Art Water-Soluble Block Printing Ink, 6-Color Printmaking Ink Set for Linoleum Block, 3.5 floz</p><p>$28.99</p><a href="https://www.amazon.com/dp/B0BXNX8FSH?tag=eloabder-20&linkCode=osi&th=1&psc=1">View Product</a></div><div class="product"><a href="https://www.amazon.com/dp/B0027ACJBO?tag=eloabder-20&linkCode=osi&th=1&psc=1"><img src="https://m.media-amazon.com/images/I/41OzayB9ojL._SL500_.jpg" alt="Product Image"></a><p>Speedball 3476 Oil-Based Block Printing Ink Starter Set for Professional, Permanent Prints AP Certified – 1.25 FL OZ Tubes</p><p>$33.99</p><a href="https://www.amazon.com/dp/B0027ACJBO?tag=eloabder-20&linkCode=osi&th=1&psc=1">View Product</a></div>
<div class="product"><a href="https://www.amazon.com/dp/B0027AGDWK?tag=eloabder-20&linkCode=osi&th=1&psc=1"><img src="https://m.media-amazon.com/images/I/515LDer6GPL._SL500_.jpg" alt="Product Image"></a><p>Speedball Deluxe Block Printing Kit - Includes Inks, Brayer, Bench Hook, Lino Handle and Cutters, Speedy-Carve Block, Mounted Linoleum Block</p><p>$59.99</p><a href="https://www.amazon.com/dp/B0027AGDWK?tag=eloabder-20&linkCode=osi&th=1&psc=1">View Product</a></div><div class="product"><a href="https://www.amazon.com/dp/B07ZJBZN5S?tag=eloabder-20&linkCode=osi&th=1&psc=1"><img src="https://m.media-amazon.com/images/I/41UbN58y9uS._SL500_.jpg" alt="Product Image"></a><p>SGHUO 12pcs 4"x6" Pink Rubber Carving Blocks Linoleum Block Stamp Making Kit</p><p>$22.99 ($1.92 / Count)</p><a href="https://www.amazon.com/dp/B07ZJBZN5S?tag=eloabder-20&linkCode=osi&th=1&psc=1">View Product</a></div>
<div class="product"><a href="https://www.amazon.com/dp/B00L2DYUM8?tag=eloabder-20&linkCode=osi&th=1&psc=1"><img src="https://m.media-amazon.com/images/I/51l5FZ0+5AL._SL500_.jpg" alt="Product Image"></a><p>Strathmore 300 Series Printmaking Paper Pad, Glue Bound, 5x7 inches, 40 Sheets (120g) - Artist Paper for Adults and Students - Block Printing, Linocut, Screen Printing, White</p><p>$7.26</p><a href="https://www.amazon.com/dp/B00L2DYUM8?tag=eloabder-20&linkCode=osi&th=1&psc=1">View Product</a></div><div class="product"><a href="https://www.amazon.com/dp/B07BSYS5XC?tag=eloabder-20&linkCode=osi&th=1&psc=1"><img src="https://m.media-amazon.com/images/I/51Uwfq0jv+L._SL500_.jpg" alt="Product Image"></a><p>Ucreate Printmaking Paper, 9"x12", White, 100 Sheet, P9001</p><p>$9.79</p><a href="https://www.amazon.com/dp/B07BSYS5XC?tag=eloabder-20&linkCode=osi&th=1&psc=1">View Product</a></div><div class="product"><a href="https://www.amazon.com/dp/B00K5562WA?tag=eloabder-20&linkCode=osi&th=1&psc=1"><img src="https://m.media-amazon.com/images/I/51Dm+TeJGdL._SL500_.jpg" alt="Product Image"></a><p>Strathmore Printmaking Paper Pad 8"X10"-20 Sheets -62433800, White</p><p>$10.19</p><a href="https://www.amazon.com/dp/B00K5562WA?tag=eloabder-20&linkCode=osi&th=1&psc=1">View Product</a></div><div class="product"><a href="https://www.amazon.com/dp/B001DNH8I0?tag=eloabder-20&linkCode=osi&th=1&psc=1"><img src="https://m.media-amazon.com/images/I/51UzoKdUojL._SL500_.jpg" alt="Product Image"></a><p>Black Ink 9-Inch by 12-Inch Bleached Mulberry Block Printing Paper, 25-Pack</p><p>$19.35 ($0.77 / Count)</p><a href="https://www.amazon.com/dp/B001DNH8I0?tag=eloabder-20&linkCode=osi&th=1&psc=1">View Product</a></div><div class="product"><a href="https://www.amazon.com/dp/B00C6G6L5Y?tag=eloabder-20&linkCode=osi&th=1&psc=1"><img src="https://m.media-amazon.com/images/I/5103h0Rm8sL._SL500_.jpg" alt="Product Image"></a><p>Black Ink Thai Mulberry Block Printing Paper Packs small assorted colors</p><p>$21.99</p><a href="https://www.amazon.com/dp/B00C6G6L5Y?tag=eloabder-20&linkCode=osi&th=1&psc=1">View Product</a></div>
<div class="product"><a href="https://www.amazon.com/dp/B003IG27OK?tag=eloabder-20&linkCode=osi&th=1&psc=1"><img src="https://m.media-amazon.com/images/I/416NUaYo1DL._SL500_.jpg" alt="Product Image"></a><p>Speedball Block Printing Baren - Comfortable Wooden Handle, Made in the USA - 4 Inches</p><p>$29.49</p><a href="https://www.amazon.com/dp/B003IG27OK?tag=eloabder-20&linkCode=osi&th=1&psc=1">View Product</a></div>
<div class="product"><a href="https://www.amazon.com/dp/B0CMZYY8CJ?tag=eloabder-20&linkCode=osi&th=1&psc=1"><img src="https://m.media-amazon.com/images/I/41TifSIP7SL._SL500_.jpg" alt="Product Image"></a><p>Ecoofor Blotting Paper for Flower Press, 20 Sheets Highly Absorbent and Reusable Blotter Paper for Flower Press Paper Craft 9 x 9 inch</p><p>$9.99</p><a href="https://www.amazon.com/dp/B0CMZYY8CJ?tag=eloabder-20&linkCode=osi&th=1&psc=1">View Product</a></div><div class="product"><a href="https://www.amazon.com/dp/B0CYRT3RM4?tag=eloabder-20&linkCode=osi&th=1&psc=1"><img src="https://m.media-amazon.com/images/I/31+qvVq3giL._SL500_.jpg" alt="Product Image"></a><p>Hygge & Sage Premium Natural Fiber Blotting Paper for Flower Press Art; 20 Large Sheets for a Press up to 8x11 Inches; Absorbent, Versatile, and Acid-Free Reusable Blotter Paper for Flower Pressing</p><p>$9.50 ($0.48 / Count)</p><a href="https://www.amazon.com/dp/B0CYRT3RM4?tag=eloabder-20&linkCode=osi&th=1&psc=1">View Product</a></div><div class="product"><a href="https://www.amazon.com/dp/B0D41GDLHM?tag=eloabder-20&linkCode=osi&th=1&psc=1"><img src="https://m.media-amazon.com/images/I/41LIF5dHXaL._SL500_.jpg" alt="Product Image"></a><p>Aboofx 20 Sheets Blotting Paper for Flower Press, 15" x 10" Extra Large Highly Absorbent Blotter Paper for Flower Press Reusable Herbarium Paper Craft Blotter Paper Sheets</p><p>$19.99</p><a href="https://www.amazon.com/dp/B0D41GDLHM?tag=eloabder-20&linkCode=osi&th=1&psc=1">View Product</a></div><div class="product"><a href="https://www.amazon.com/dp/B0CQMMYSBR?tag=eloabder-20&linkCode=osi&th=1&psc=1"><img src="https://m.media-amazon.com/images/I/413SlUi6IDL._SL500_.jpg" alt="Product Image"></a><p>Wisreach Blotting Paper for Flower Press, 20 Sheets Flower Press Paper Highly Absorbent and Reusable Blotter Paper for Flower Art A4 Size 8.26 x 11.4 inch</p><p>$9.99</p><a href="https://www.amazon.com/dp/B0CQMMYSBR?tag=eloabder-20&linkCode=osi&th=1&psc=1">View Product</a></div><div class="product"><a href="https://www.amazon.com/dp/B093FQ22PG?tag=eloabder-20&linkCode=osi&th=1&psc=1"><img src="https://m.media-amazon.com/images/I/41B2jXhe+QL._SL500_.jpg" alt="Product Image"></a><p>Blotting Paper for Flower Press by Berstuk® • Large A4 Flower Press Paper • Highly Absorbent and Reusable Herbarium Paper • Pack of 10 Blotter Paper Sheets</p><p>$6.99 ($69.90 / 100 Sheets)</p><a href="https://www.amazon.com/dp/B093FQ22PG?tag=eloabder-20&linkCode=osi&th=1&psc=1">View Product</a></div><div class="product"><a href="https://www.amazon.com/dp/B0C6PW4VGB?tag=eloabder-20&linkCode=osi&th=1&psc=1"><img src="https://m.media-amazon.com/images/I/21C64VB3iVL._SL500_.jpg" alt="Product Image"></a><p>PATIKIL 16"x12" Flower Press Paper, 1 Set/30 Sheet Refill Lining Blotter Paper Absorbent Reusable Blotting Paper for DIY Art Handicraft Scrapbook</p><p>$11.19</p><a href="https://www.amazon.com/dp/B0C6PW4VGB?tag=eloabder-20&linkCode=osi&th=1&psc=1">View Product</a></div><div class="product"><a href="https://www.amazon.com/dp/B0C6PTK915?tag=eloabder-20&linkCode=osi&th=1&psc=1"><img src="https://m.media-amazon.com/images/I/21UviFCGjtL._SL500_.jpg" alt="Product Image"></a><p>PATIKIL 12"x8" Flower Press Paper, 2 Set/60 Sheet Refill Lining Blotter Paper Absorbent Reusable Blotting Paper for DIY Art Handicraft Scrapbook</p><p>$13.69</p><a href="https://www.amazon.com/dp/B0C6PTK915?tag=eloabder-20&linkCode=osi&th=1&psc=1">View Product</a></div><div class="product"><a href="https://www.amazon.com/dp/B0CDJZ4MD7?tag=eloabder-20&linkCode=osi&th=1&psc=1"><img src="https://m.media-amazon.com/images/I/41iwkW+QQOL._SL500_.jpg" alt="Product Image"></a><p>30 PCS Blotting Paper for Flower Press Large A4 Flower Press Paper Highly Absorbent and Reusable Blotter Paper Refill Lining Paper for Flower Press Art Craft Scrapbook Making, 11.8 x 7.9 Inches Blue</p><p>$9.99</p><a href="https://www.amazon.com/dp/B0CDJZ4MD7?tag=eloabder-20&linkCode=osi&th=1&psc=1">View Product</a></div>

<div class="product"><a href="https://www.amazon.com/dp/B0D2T4F1DZ?tag=eloabder-20&linkCode=osi&th=1&psc=1"><img src="https://m.media-amazon.com/images/I/41KNcatyBWL._SL500_.jpg" alt="Product Image"></a><p>10pcs Book Cloth,14”x10”,Fabric Surface and Paper Backed, book cloth for book binding,book binding fabric,5 Colors Bookbinding Cloth for DIY fabric book cover,bookbinding paper (Style B)</p><p>$9.99</p><a href="https://www.amazon.com/dp/B0D2T4F1DZ?tag=eloabder-20&linkCode=osi&th=1&psc=1">View Product</a></div><div class="product"><a href="https://www.amazon.com/dp/B0CMD2LWR8?tag=eloabder-20&linkCode=osi&th=1&psc=1"><img src="https://m.media-amazon.com/images/I/31QVUZVSB+L._SL500_.jpg" alt="Product Image"></a><p>Mozeat Lens 33 ft Bookbinding Tape Book Tape Repair Book Binding Tape Cloth Book Repair Kit 2 Inch Wide Book Spine Tape Cloth Bookbinding Repair Tape White Book Tape for Reinforcing Book Spine Tape</p><p>$7.99</p><a href="https://www.amazon.com/dp/B0CMD2LWR8?tag=eloabder-20&linkCode=osi&th=1&psc=1">View Product</a></div><div class="product"><a href="https://www.amazon.com/dp/B0D1KC168C?tag=eloabder-20&linkCode=osi&th=1&psc=1"><img src="https://m.media-amazon.com/images/I/31wWgk-1V4L._SL500_.jpg" alt="Product Image"></a><p>AKONEGE Book Cloth for Book Binding 35 x 16 Inch Fabric Surface and Paper Backed, Strong, Easy to Use, Fabric Materials Bookbinding Supplies Bookcloth for Scrapbooking Album DIY Crafts, Black</p><p>$9.99</p><a href="https://www.amazon.com/dp/B0D1KC168C?tag=eloabder-20&linkCode=osi&th=1&psc=1">View Product</a></div><div class="product"><a href="https://www.amazon.com/dp/B0BC48CCWW?tag=eloabder-20&linkCode=osi&th=1&psc=1"><img src="https://m.media-amazon.com/images/I/41vTc+L-XyL._SL500_.jpg" alt="Product Image"></a><p>Wooqu Book Cloth, Fabric Surface and Paper Backed, Easy to Use, Strong, 17x29”, for Book Binding, Dark Green</p><p>$13.99</p><a href="https://www.amazon.com/dp/B0BC48CCWW?tag=eloabder-20&linkCode=osi&th=1&psc=1">View Product</a></div><div class="product"><a href="https://www.amazon.com/dp/B00W3S7LU4?tag=eloabder-20&linkCode=osi&th=1&psc=1"><img src="https://m.media-amazon.com/images/I/41mUL1LmSHS._SL500_.jpg" alt="Product Image"></a><p>BookGuard 2 inch Premium Bookbinding Repair Cloth Tape, 15 Yard Roll Burgundy</p><p>$14.95</p><a href="https://www.amazon.com/dp/B00W3S7LU4?tag=eloabder-20&linkCode=osi&th=1&psc=1">View Product</a></div>

<div class="product"><a href="https://www.amazon.com/dp/B08217DGL7?tag=eloabder-20&linkCode=osi&th=1&psc=1"><img src="https://m.media-amazon.com/images/I/51Gy-qfph7L._SL500_.jpg" alt="Product Image"></a><p>24 Colors Waxed Thread, Leather Sewing Thread,Hand Stitching Thread for Hand Sewing Leather and Bookbinding, 13Yards Per Color</p><p>$11.99 ($0.01 / Foot)</p><a href="https://www.amazon.com/dp/B08217DGL7?tag=eloabder-20&linkCode=osi&th=1&psc=1">View Product</a></div><div class="product"><a href="https://www.amazon.com/dp/B08GCHJ3FP?tag=eloabder-20&linkCode=osi&th=1&psc=1"><img src="https://m.media-amazon.com/images/I/41TK-XNxTFL._SL500_.jpg" alt="Product Image"></a><p>FANDOL 100% Natural Linen Thread Waxed thread for Bookbingding, Leather Sewing, Beading or Macrame (Natural)</p><p>$14.98</p><a href="https://www.amazon.com/dp/B08GCHJ3FP?tag=eloabder-20&linkCode=osi&th=1&psc=1">View Product</a></div><div class="product"><a href="https://www.amazon.com/dp/B0025U108E?tag=eloabder-20&linkCode=osi&th=1&psc=1"><img src="https://m.media-amazon.com/images/I/4172yrURiVL._SL500_.jpg" alt="Product Image"></a><p>Books by Hand Linen Thread, Archival Quality Natural Unbleached and Unwaxed, 50 Yards 35/3 Gauge, Ideal for Bookbinding and Sewing Signatures</p><p>$9.47</p><a href="https://www.amazon.com/dp/B0025U108E?tag=eloabder-20&linkCode=osi&th=1&psc=1">View Product</a></div><div class="product"><a href="https://www.amazon.com/dp/B08S78KLRN?tag=eloabder-20&linkCode=osi&th=1&psc=1"><img src="https://m.media-amazon.com/images/I/413NGMtJdrL._SL500_.jpg" alt="Product Image"></a><p>Jupean Waxed Thread, 150m /164Yards Beige Leather Waxed Thread, Leather Sewing Thread, Hand Stitching Thread for Hand Sewing Leather, Bookbinding, and Beginners Leather Craft DIY</p><p>$6.49 ($0.01 / Foot)</p><a href="https://www.amazon.com/dp/B08S78KLRN?tag=eloabder-20&linkCode=osi&th=1&psc=1">View Product</a></div><div class="product"><a href="https://www.amazon.com/dp/B015D9E6UM?tag=eloabder-20&linkCode=osi&th=1&psc=1"><img src="https://m.media-amazon.com/images/I/51VnWPI+Q5L._SL500_.jpg" alt="Product Image"></a><p>Lineco, Natural Waxed Linen Thread 20 Yards, Books by Hand Natural, Black, Brown Color for Sewing, Bookbinding (3/Pkg)</p><p>$13.77</p><a href="https://www.amazon.com/dp/B015D9E6UM?tag=eloabder-20&linkCode=osi&th=1&psc=1">View Product</a></div>
<div class="product"><a href="https://www.amazon.com/dp/B0CMD53C1C?tag=eloabder-20&linkCode=osi&th=1&psc=1"><img src="https://m.media-amazon.com/images/I/31dU4wqS0rL._SL500_.jpg" alt="Product Image"></a><p>5-in-1 Bookbinding Kit,Book Cover Guide, Bookbinding Cover Tool, Stainless Steel Book Binding Kit, Bookbinding Ruler, Scrapbooking Tools for Making Book Cover Chipboard Covers Album Planner</p><p>$7.88</p><a href="https://www.amazon.com/dp/B0CMD53C1C?tag=eloabder-20&linkCode=osi&th=1&psc=1">View Product</a></div>
<div class="product"><a href="https://www.amazon.com/dp/B007TIEG6U?tag=eloabder-20&linkCode=osi&th=1&psc=1"><img src="https://m.media-amazon.com/images/I/31d6r6R5lGL._SL500_.jpg" alt="Product Image"></a><p>Handy Art Empty 2 ounce Marker Bottle, Dauber Tip and Cap, 12-Each (900-003) , White</p><p>$23.12 ($1.93 / Count)</p><a href="https://www.amazon.com/dp/B007TIEG6U?tag=eloabder-20&linkCode=osi&th=1&psc=1">View Product</a></div>
<div class="product"><a href="https://www.amazon.com/dp/B07YDNKSH6?tag=eloabder-20&linkCode=osi&th=1&psc=1"><img src="https://m.media-amazon.com/images/I/41JGrHa7mSL._SL500_.jpg" alt="Product Image"></a><p>4-Inch Rubber Brayer Roller for Printmaking, Great for Gluing Application Also. (Original Version)</p><p>$6.99</p><a href="https://www.amazon.com/dp/B07YDNKSH6?tag=eloabder-20&linkCode=osi&th=1&psc=1">View Product</a></div>
<div class="product"><a href="https://www.amazon.com/dp/B005U7BNPE?tag=eloabder-20&linkCode=osi&th=1&psc=1"><img src="https://m.media-amazon.com/images/I/418YfTClSxL._SL500_.jpg" alt="Product Image"></a><p>Apple Barrel Acrylic Paint in Assorted Colors (2 oz), 20513, Bright Yellow</p><p>$0.58 ($0.29 / Fl Oz)</p><a href="https://www.amazon.com/dp/B005U7BNPE?tag=eloabder-20&linkCode=osi&th=1&psc=1">View Product</a></div><div class="product"><a href="https://www.amazon.com/dp/B099DWCRZ5?tag=eloabder-20&linkCode=osi&th=1&psc=1"><img src="https://m.media-amazon.com/images/I/41rr5hT-8TL._SL500_.jpg" alt="Product Image"></a><p>milo Fluorescent Acrylic Paint Set of 6 Colors | 4 oz Bottles | Student Neon Colors Acrylics Painting Pack | Made in the USA | Non-Toxic Art & Craft Paints for Artists, Kids, & Hobby Painters</p><p>$22.90 ($0.95 / Fl Oz)</p><a href="https://www.amazon.com/dp/B099DWCRZ5?tag=eloabder-20&linkCode=osi&th=1&psc=1">View Product</a></div><div class="product"><a href="https://www.amazon.com/dp/B07ZPPPWPL?tag=eloabder-20&linkCode=osi&th=1&psc=1"><img src="https://m.media-amazon.com/images/I/51Vqk2rrZwL._SL500_.jpg" alt="Product Image"></a><p>Apple Barrel, Pastel Dreams & Vivid Wonders Collection Acrylic Craft Paint, PROMOTCK, 2 fl oz each, 18 assorted matte colors, 18 count</p><p>$22.66 ($0.63 / Fl Oz)</p><a href="https://www.amazon.com/dp/B07ZPPPWPL?tag=eloabder-20&linkCode=osi&th=1&psc=1">View Product</a></div><div class="product"><a href="https://www.amazon.com/dp/B0CKQR52XC?tag=eloabder-20&linkCode=osi&th=1&psc=1"><img src="https://m.media-amazon.com/images/I/51WTPlhN2WL._SL500_.jpg" alt="Product Image"></a><p>ARTME Glow in The Dark Paint, 10 Bright Colors 60ml/2oz Blacklight Paint Set, Neon Craft Paint, Acrylic Glow Fluorescent Paint Perfect for Art Painting, DIY projects, Halloween and Christmas</p><p>$23.99 ($1.20 / Fl Oz)</p><a href="https://www.amazon.com/dp/B0CKQR52XC?tag=eloabder-20&linkCode=osi&th=1&psc=1">View Product</a></div><div class="product"><a href="https://www.amazon.com/dp/B09XXHBL3Y?tag=eloabder-20&linkCode=osi&th=1&psc=1"><img src="https://m.media-amazon.com/images/I/51taBeDdeIL._SL500_.jpg" alt="Product Image"></a><p>Fantastory Glow in the Dark Acrylic Paint, 10 Extra Bright Colors, 30ml/1oz Waterproof Glow in Dark Paint,Indoor Outdoor Blacklight Paint for Kids,Adults, Rocks,Walls,Halloween,Craft &Fabric</p><p>$9.99 ($1.00 / Fl Oz)</p><a href="https://www.amazon.com/dp/B09XXHBL3Y?tag=eloabder-20&linkCode=osi&th=1&psc=1">View Product</a></div><div class="product"><a href="https://www.amazon.com/dp/B0BS3JM8ZR?tag=eloabder-20&linkCode=osi&th=1&psc=1"><img src="https://m.media-amazon.com/images/I/51S8FteGgPL._SL500_.jpg" alt="Product Image"></a><p>Acrylic Paint, Shuttle Art 24 Colors Acrylic Paint Bottle Set, 250ml/8.45oz Each, Rich Pigments, High Viscosity, Bulk Paint for Artists, Beginners and Kids Painting on Rocks Crafts Canvas Wood Ceramic</p><p>$49.99 ($0.25 / Fl Oz)</p><a href="https://www.amazon.com/dp/B0BS3JM8ZR?tag=eloabder-20&linkCode=osi&th=1&psc=1">View Product</a></div><div class="product"><a href="https://www.amazon.com/dp/B00CIW3EDI?tag=eloabder-20&linkCode=osi&th=1&psc=1"><img src="https://m.media-amazon.com/images/I/41PMnxyBo5L._SL500_.jpg" alt="Product Image"></a><p>FolkArt Multi-Surface Acrylic Paint in Assorted Colors (2 oz), 2896, Bright Pink</p><p>$1.47 ($0.74 / Fl Oz)</p><a href="https://www.amazon.com/dp/B00CIW3EDI?tag=eloabder-20&linkCode=osi&th=1&psc=1">View Product</a></div><div class="product"><a href="https://www.amazon.com/dp/B085ZB5ZK9?tag=eloabder-20&linkCode=osi&th=1&psc=1"><img src="https://m.media-amazon.com/images/I/51nmRq1eicL._SL500_.jpg" alt="Product Image"></a><p>FolkArt 4 Bottle Multi-Surface Acrylic Paint Set, 2oz, Neon Blacklight Colors</p><p>$8.12 ($1.02 / Fl Oz)</p><a href="https://www.amazon.com/dp/B085ZB5ZK9?tag=eloabder-20&linkCode=osi&th=1&psc=1">View Product</a></div><div class="product"><a href="https://www.amazon.com/dp/B08N585VN5?tag=eloabder-20&linkCode=osi&th=1&psc=1"><img src="https://m.media-amazon.com/images/I/51nwFBdxwVL._SL500_.jpg" alt="Product Image"></a><p>Acrylic Paint Set Value Pack of 12 Colors | Craft Painting Kit with 2 oz Squeeze Bottles for Beginners, Artists, Professionals | Non-Toxic Water Based Paints for Canvas, Paper, Wood | Bright Hues</p><p>$11.99 ($0.50 / Fl Oz)</p><a href="https://www.amazon.com/dp/B08N585VN5?tag=eloabder-20&linkCode=osi&th=1&psc=1">View Product</a></div>
<div class="product"><a href="https://www.amazon.com/dp/B0009RRT9Y?tag=eloabder-20&linkCode=osi&th=1&psc=1"><img src="https://m.media-amazon.com/images/I/51ZhyYPOB5L._SL500_.jpg" alt="Product Image"></a><p>General Pencil Company The Masters Brush Cleaner & Preserver 2.5 0z.</p><p>$12.00</p><a href="https://www.amazon.com/dp/B0009RRT9Y?tag=eloabder-20&linkCode=osi&th=1&psc=1">View Product</a></div><div class="product"><a href="https://www.amazon.com/dp/B00F38YVQS?tag=eloabder-20&linkCode=osi&th=1&psc=1"><img src="https://m.media-amazon.com/images/I/51yjmSTzzML._SL500_.jpg" alt="Product Image"></a><p>B & J Original Brush Cleaner - 2.5 Oz/12ct Display</p><p>$12.77</p><a href="https://www.amazon.com/dp/B00F38YVQS?tag=eloabder-20&linkCode=osi&th=1&psc=1">View Product</a></div><div class="product"><a href="https://www.amazon.com/dp/B004BN7QQ8?tag=eloabder-20&linkCode=osi&th=1&psc=1"><img src="https://m.media-amazon.com/images/I/31fEWB-h4VL._SL500_.jpg" alt="Product Image"></a><p>Winsor & Newton Brush Cleaner & Restorer, 16.0-oz Bottle</p><p>$21.87 ($1.37 / Fl Oz)</p><a href="https://www.amazon.com/dp/B004BN7QQ8?tag=eloabder-20&linkCode=osi&th=1&psc=1">View Product</a></div><div class="product"><a href="https://www.amazon.com/dp/B09NCHL2LM?tag=eloabder-20&linkCode=osi&th=1&psc=1"><img src="https://m.media-amazon.com/images/I/31UzwasdL6L._SL500_.jpg" alt="Product Image"></a><p>U.S. Art Supply Brush Cleaner and Restorer, 4 Ounce Bottle - Quickly Cleans Paint Brushes, Airbrushes, Art Tools - Cleaning Solution to Remove Dried On Acrylic, Oil and Water-Based Paint Colors</p><p>$8.99 ($2.25 / Fl Oz)</p><a href="https://www.amazon.com/dp/B09NCHL2LM?tag=eloabder-20&linkCode=osi&th=1&psc=1">View Product</a></div><div class="product"><a href="https://www.amazon.com/dp/B09J8L55SK?tag=eloabder-20&linkCode=osi&th=1&psc=1"><img src="https://m.media-amazon.com/images/I/41qgWS2nSsL._SL500_.jpg" alt="Product Image"></a><p>Green Piece® Paint Brush Cleaner and Restorer for Art Paint Brushes - 100% Natural - Non-Toxic - Wet or Dry Paint - No Chemicals - Oil or Acrylic Paints, Wood and Metal - Amazing Power - 18 Oz</p><p>$19.88</p><a href="https://www.amazon.com/dp/B09J8L55SK?tag=eloabder-20&linkCode=osi&th=1&psc=1">View Product</a></div><div class="product"><a href="https://www.amazon.com/dp/B0027A79I2?tag=eloabder-20&linkCode=osi&th=1&psc=1"><img src="https://m.media-amazon.com/images/I/31J6S+mCjuL._SL500_.jpg" alt="Product Image"></a><p>Pink Soap 12-Ounce Paint Brush Cleaner and Conditioner, Solution Cleans and Restores, Removes Dried Paint on Airbrushes and Other Artist Tools & Supplies</p><p>$15.49 ($1.29 / Fl Oz)</p><a href="https://www.amazon.com/dp/B0027A79I2?tag=eloabder-20&linkCode=osi&th=1&psc=1">View Product</a></div><div class="product"><a href="https://www.amazon.com/dp/B0027AEANE?tag=eloabder-20&linkCode=osi&th=1&psc=1"><img src="https://m.media-amazon.com/images/I/51bHOLU1pVL._SL500_.jpg" alt="Product Image"></a><p>General Pencil General 105-BP Pencil Masters Brush Cleaner & Preserver, 1 Pack, Clear</p><p>$9.99 ($4.00 / Ounce)</p><a href="https://www.amazon.com/dp/B0027AEANE?tag=eloabder-20&linkCode=osi&th=1&psc=1">View Product</a></div>

<div class="product"><a href="https://www.amazon.com/dp/B00N9UUWLA?tag=eloabder-20&linkCode=osi&th=1&psc=1"><img src="https://m.media-amazon.com/images/I/41be4n09wZL._SL500_.jpg" alt="Product Image"></a><p>Pentel Arts Portable Pocket Brush Pen (Medium Point), 1Pen & 2Refills</p><p>$7.00</p><a href="https://www.amazon.com/dp/B00N9UUWLA?tag=eloabder-20&linkCode=osi&th=1&psc=1">View Product</a></div><div class="product"><a href="https://www.amazon.com/dp/B07DQ4292Y?tag=eloabder-20&linkCode=osi&th=1&psc=1"><img src="https://m.media-amazon.com/images/I/41-kgHpaPvL._SL500_.jpg" alt="Product Image"></a><p>Tombow 62039 Fudenosuke Brush Pens, 3-Pack. Soft, Hard, and Twin Tip Markers for Calligraphy and Art Drawings</p><p>$7.59 ($2.53 / Count)</p><a href="https://www.amazon.com/dp/B07DQ4292Y?tag=eloabder-20&linkCode=osi&th=1&psc=1">View Product</a></div><div class="product"><a href="https://www.amazon.com/dp/B0995FNMKW?tag=eloabder-20&linkCode=osi&th=1&psc=1"><img src="https://m.media-amazon.com/images/I/51kpGsTNvlL._SL500_.jpg" alt="Product Image"></a><p>WRITECH Arts Sign Brush Pen Brush Tip Marker Felt Tip Water Based Ink Color Pens 12 Assorted Vintage Colors Great for Lettering Journaling Calligraphy (Vintage)</p><p>$13.99 ($1.17 / Count)</p><a href="https://www.amazon.com/dp/B0995FNMKW?tag=eloabder-20&linkCode=osi&th=1&psc=1">View Product</a></div><div class="product"><a href="https://www.amazon.com/dp/B07H89R749?tag=eloabder-20&linkCode=osi&th=1&psc=1"><img src="https://m.media-amazon.com/images/I/51nTGZ-eAsL._SL500_.jpg" alt="Product Image"></a><p>Tombow Fudenosuke Brush Pen - Hard - 10 Colors Set (WS-BH10C)</p><p>$11.73</p><a href="https://www.amazon.com/dp/B07H89R749?tag=eloabder-20&linkCode=osi&th=1&psc=1">View Product</a></div><div class="product"><a href="https://www.amazon.com/dp/B002PIFTRE?tag=eloabder-20&linkCode=osi&th=1&psc=1"><img src="https://m.media-amazon.com/images/I/41IVnNPD1hL._SL500_.jpg" alt="Product Image"></a><p>Pentel Color Brush Pen, Black (GFLBP101)</p><p>$7.89</p><a href="https://www.amazon.com/dp/B002PIFTRE?tag=eloabder-20&linkCode=osi&th=1&psc=1">View Product</a></div>
<div class="product"><a href="https://www.amazon.com/dp/B0CLLSY2BT?tag=eloabder-20&linkCode=osi&th=1&psc=1"><img src="https://m.media-amazon.com/images/I/51sQM3lrN9L._SL500_.jpg" alt="Product Image"></a><p>CUGEBANNA Paint Brush Washer,Airtight Stainless Steel Brush Cleaner for Oil Painting Acrylic,Brush Washer with Cleaning Beads and Wringer</p><p>$22.99</p><a href="https://www.amazon.com/dp/B0CLLSY2BT?tag=eloabder-20&linkCode=osi&th=1&psc=1">View Product</a></div><div class="product"><a href="https://www.amazon.com/dp/B013PB35N4?tag=eloabder-20&linkCode=osi&th=1&psc=1"><img src="https://m.media-amazon.com/images/I/419miJHrhtL._SL500_.jpg" alt="Product Image"></a><p>US Art Supply Deluxe Brush Cleaner-Brush Washer with Wash Tank</p><p>$18.99</p><a href="https://www.amazon.com/dp/B013PB35N4?tag=eloabder-20&linkCode=osi&th=1&psc=1">View Product</a></div>
<div class="product"><a href="https://www.amazon.com/dp/B07GH7WGC3?tag=eloabder-20&linkCode=osi&th=1&psc=1"><img src="https://m.media-amazon.com/images/I/51vzX1OZI6L._SL500_.jpg" alt="Product Image"></a><p>BOSOBO Paint Brushes Set, 2 Pack 20 Pcs Round-Pointed Tip Paintbrushes Nylon Hair Artist Acrylic Paint Brushes for Acrylic Oil Watercolor, Face Nail Art, Miniature Detailing & Rock Painting, Blue</p><p>$7.49 ($0.37 / Count)</p><a href="https://www.amazon.com/dp/B07GH7WGC3?tag=eloabder-20&linkCode=osi&th=1&psc=1">View Product</a></div><div class="product"><a href="https://www.amazon.com/dp/B078XJ2DCJ?tag=eloabder-20&linkCode=osi&th=1&psc=1"><img src="https://m.media-amazon.com/images/I/616oHEXPN1S._SL500_.jpg" alt="Product Image"></a><p>Pro Grade - Chip Paint Brushes - 36-Pack - 2 Inch Chip Brush for Paints, Stains, Varnishes, Glues, & Gesso</p><p>$17.99</p><a href="https://www.amazon.com/dp/B078XJ2DCJ?tag=eloabder-20&linkCode=osi&th=1&psc=1">View Product</a></div>

<div class="product"><a href="https://www.amazon.com/dp/B000YQJVFA?tag=eloabder-20&linkCode=osi&th=1&psc=1"><img src="https://m.media-amazon.com/images/I/51so-OSRt+L._SL500_.jpg" alt="Product Image"></a><p>Winsor & Newton Calligraphy Ink, 30ml (1-oz) Bottle, Black</p><p>$10.07 ($10.07 / Count)</p><a href="https://www.amazon.com/dp/B000YQJVFA?tag=eloabder-20&linkCode=osi&th=1&psc=1">View Product</a></div><div class="product"><a href="https://www.amazon.com/dp/B0026SBYUE?tag=eloabder-20&linkCode=osi&th=1&psc=1"><img src="https://m.media-amazon.com/images/I/412Ga9k1q8L._SL500_.jpg" alt="Product Image"></a><p>Higgins Black Calligraphy Ink, 2.5 Ounce Bottle (44314)</p><p>$5.99</p><a href="https://www.amazon.com/dp/B0026SBYUE?tag=eloabder-20&linkCode=osi&th=1&psc=1">View Product</a></div><div class="product"><a href="https://www.amazon.com/dp/B0CXDBD77N?tag=eloabder-20&linkCode=osi&th=1&psc=1"><img src="https://m.media-amazon.com/images/I/41x1EZv3P3L._SL500_.jpg" alt="Product Image"></a><p>SEAMEW 250 ML/8.8 OZ Calligraphy and Sumi Liquid Ink - Versatile Elegance for Chinese Traditional Art Works and Japanese Brush Art</p><p>$11.49</p><a href="https://www.amazon.com/dp/B0CXDBD77N?tag=eloabder-20&linkCode=osi&th=1&psc=1">View Product</a></div><div class="product"><a href="https://www.amazon.com/dp/B0CR3ML8VS?tag=eloabder-20&linkCode=osi&th=1&psc=1"><img src="https://m.media-amazon.com/images/I/41fLIKySQZL._SL500_.jpg" alt="Product Image"></a><p>Hmayart Prepared Super Thick Liquid Black Ink for Japanese Brush Calligraphy & Chinese Traditional Artworks (MZ010 250g)</p><p>$11.99</p><a href="https://www.amazon.com/dp/B0CR3ML8VS?tag=eloabder-20&linkCode=osi&th=1&psc=1">View Product</a></div><div class="product"><a href="https://www.amazon.com/dp/B0039OQ0J4?tag=eloabder-20&linkCode=osi&th=1&psc=1"><img src="https://m.media-amazon.com/images/I/41RRlR55P9L._SL500_.jpg" alt="Product Image"></a><p>Daiso Sumi Calligraphy Liquid Ink in a 180ml Bottle (Japan Import)</p><p>$8.99</p><a href="https://www.amazon.com/dp/B0039OQ0J4?tag=eloabder-20&linkCode=osi&th=1&psc=1">View Product</a></div><div class="product"><a href="https://www.amazon.com/dp/B074KJ289G?tag=eloabder-20&linkCode=osi&th=1&psc=1"><img src="https://m.media-amazon.com/images/I/41FZT3aCChL._SL500_.jpg" alt="Product Image"></a><p>Easyou Redstar Liquid Ink for Professioanl Traditional Calligraphy and Brush Painting Chinese Ink Liquid (Black&1pcs*180ML)</p><p>$10.99</p><a href="https://www.amazon.com/dp/B074KJ289G?tag=eloabder-20&linkCode=osi&th=1&psc=1">View Product</a></div><div class="product"><a href="https://www.amazon.com/dp/B07JYJ6C1W?tag=eloabder-20&linkCode=osi&th=1&psc=1"><img src="https://m.media-amazon.com/images/I/51IAnrWkw6L._SL500_.jpg" alt="Product Image"></a><p>MZ001 HmayartBlack Sumi Liquid Ink for Japanese Brush Calligraphy & Chinese Traditional Artworks 250ml (black)</p><p>$13.99</p><a href="https://www.amazon.com/dp/B07JYJ6C1W?tag=eloabder-20&linkCode=osi&th=1&psc=1">View Product</a></div><div class="product"><a href="https://www.amazon.com/dp/B0894L9M2C?tag=eloabder-20&linkCode=osi&th=1&psc=1"><img src="https://m.media-amazon.com/images/I/51H5LBUAZcL._SL500_.jpg" alt="Product Image"></a><p>24 Colors Calligraphy Ink Set, Calligraphy Fountain Glass Dip Pen Color Ink Caligrapher Pen Ink Bottle Set, Gold Powder Drawing Writing Art Ink with Gift Box - 24 x 7ml</p><p>$21.98</p><a href="https://www.amazon.com/dp/B0894L9M2C?tag=eloabder-20&linkCode=osi&th=1&psc=1">View Product</a></div><div class="product"><a href="https://www.amazon.com/dp/B0C49WVM7L?tag=eloabder-20&linkCode=osi&th=1&psc=1"><img src="https://m.media-amazon.com/images/I/41zxtjGWS1L._SL500_.jpg" alt="Product Image"></a><p>AOKUY 24 Colors Calligraphy Ink Set,Calligraphy Inks,Colorful Dip Pen Ink Set,Gold Powder Drawing Writing Art Ink with Gift Box</p><p>$16.99</p><a href="https://www.amazon.com/dp/B0C49WVM7L?tag=eloabder-20&linkCode=osi&th=1&psc=1">View Product</a></div>



<div class="product"><a href="https://www.amazon.com/dp/B0D3HPD7WP?tag=eloabder-20&linkCode=osi&th=1&psc=1"><img src="https://m.media-amazon.com/images/I/31KSmmAWUWL._SL500_.jpg" alt="Product Image"></a><p>50 Sheets Grey Cardstock Paper, Colored Printer Paper 8.5 x 11, Thick Construction Paper for Cards Making, Scrapbook，Office Printing, Invitations, Certificates，DIY Crafting 92 lb/250gsm</p><p>$9.99</p><a href="https://www.amazon.com/dp/B0D3HPD7WP?tag=eloabder-20&linkCode=osi&th=1&psc=1">View Product</a></div>
<div class="product"><a href="https://www.amazon.com/dp/B076CP6F36?tag=eloabder-20&linkCode=osi&th=1&psc=1"><img src="https://m.media-amazon.com/images/I/51rfEIvgI+L._SL500_.jpg" alt="Product Image"></a><p>Apple Barrel, Vibrant Spectrum Collection Acrylic Craft Paint, PROMOABIII, 2 fl oz each, 16 assorted matte colors, 16 count</p><p>$15.97 ($0.50 / Fl Oz)</p><a href="https://www.amazon.com/dp/B076CP6F36?tag=eloabder-20&linkCode=osi&th=1&psc=1">View Product</a></div><div class="product"><a href="https://www.amazon.com/dp/B0BKFLSYQF?tag=eloabder-20&linkCode=osi&th=1&psc=1"><img src="https://m.media-amazon.com/images/I/51a0PmPRknL._SL500_.jpg" alt="Product Image"></a><p>72 Pack Acrylic Paint Set, Shuttle Art 60 Colors Acrylic Paint Including Extra White Black & 12 Brushes, 2oz/60ml, Rich Pigmented, Water Proof, Ideal for Artists, Beginners on Canvas Rock Wood Ceramic</p><p>$45.99 ($23.00 / Fl Oz)</p><a href="https://www.amazon.com/dp/B0BKFLSYQF?tag=eloabder-20&linkCode=osi&th=1&psc=1">View Product</a></div><div class="product"><a href="https://www.amazon.com/dp/B08CB3JH79?tag=eloabder-20&linkCode=osi&th=1&psc=1"><img src="https://m.media-amazon.com/images/I/51OUZsFdnTL._SL500_.jpg" alt="Product Image"></a><p>Acrylic Paint Set of 36 Colors 2fl oz 60ml Bottles,Non Toxic 36 Colors Acrylic Paint No Fading Rich Pigment for Kids Adults Artists Canvas Crafts Wood Painting</p><p>$32.99 ($0.46 / Fl Oz)</p><a href="https://www.amazon.com/dp/B08CB3JH79?tag=eloabder-20&linkCode=osi&th=1&psc=1">View Product</a></div><div class="product"><a href="https://www.amazon.com/dp/B0018NBVKQ?tag=eloabder-20&linkCode=osi&th=1&psc=1"><img src="https://m.media-amazon.com/images/I/31YlSvZMTCL._SL500_.jpg" alt="Product Image"></a><p>Apple Barrel Acrylic Paint in Assorted Colors (8 Ounce), 20403 White</p><p>$2.67 ($0.33 / Fl Oz)</p><a href="https://www.amazon.com/dp/B0018NBVKQ?tag=eloabder-20&linkCode=osi&th=1&psc=1">View Product</a></div><div class="product"><a href="https://www.amazon.com/dp/B077WSBLZ1?tag=eloabder-20&linkCode=osi&th=1&psc=1"><img src="https://m.media-amazon.com/images/I/51KPkXpLn1L._SL500_.jpg" alt="Product Image"></a><p>Shuttle Art Acrylic Paint Set, 30 x12ml Tubes Artist Quality Non Toxic Rich Pigments Colors Great for Kids Adults Professional Painting on Rocks Canvas Wood Clay Fabric Ceramic Crafts</p><p>$12.99 ($1.08 / Fl Oz)</p><a href="https://www.amazon.com/dp/B077WSBLZ1?tag=eloabder-20&linkCode=osi&th=1&psc=1">View Product</a></div><div class="product"><a href="https://www.amazon.com/dp/B00889Z5Y6?tag=eloabder-20&linkCode=osi&th=1&psc=1"><img src="https://m.media-amazon.com/images/I/41MQjsyDbSL._SL500_.jpg" alt="Product Image"></a><p>Apple Barrel Acrylic Paint in Assorted Colors (2 oz), 20764, Apricot</p><p>$0.58 ($0.29 / Fl Oz)</p><a href="https://www.amazon.com/dp/B00889Z5Y6?tag=eloabder-20&linkCode=osi&th=1&psc=1">View Product</a></div><div class="product"><a href="https://www.amazon.com/dp/B09TWQD5ZL?tag=eloabder-20&linkCode=osi&th=1&psc=1"><img src="https://m.media-amazon.com/images/I/41B0L003QXL._SL500_.jpg" alt="Product Image"></a><p>Artkey Acrylic Paint Set - 24 colors 2 oz/59 ml Acrylic Paints Professional Artists Painting Kit for Canvases Fabric Rock Leather Easter Egg Wood Ceramic Glass Art Craft Painting</p><p>$19.99 ($0.42 / Fl Oz)</p><a href="https://www.amazon.com/dp/B09TWQD5ZL?tag=eloabder-20&linkCode=osi&th=1&psc=1">View Product</a></div><div class="product"><a href="https://www.amazon.com/dp/B07Z93LQDB?tag=eloabder-20&linkCode=osi&th=1&psc=1"><img src="https://m.media-amazon.com/images/I/51veoN6zK0L._SL500_.jpg" alt="Product Image"></a><p>Shuttle Art Acrylic Paint Set, 36 Colors Acrylic Paint with Brushes & Palette, 2oz Bottles, Rich Pigments Non-toxic Paint for Artists Kids & Adults, Art Supplies for Canvas Rock Ceramic Wood Painting</p><p>$27.99</p><a href="https://www.amazon.com/dp/B07Z93LQDB?tag=eloabder-20&linkCode=osi&th=1&psc=1">View Product</a></div><div class="product"><a href="https://www.amazon.com/dp/B002665SYY?tag=eloabder-20&linkCode=osi&th=1&psc=1"><img src="https://m.media-amazon.com/images/I/31sJJeWK6OS._SL500_.jpg" alt="Product Image"></a><p>Liquitex BASICS Acrylic Paint, 250ml (8.5-oz) Tube, Titanium White</p><p>$9.99 ($1.18 / Fl Oz)</p><a href="https://www.amazon.com/dp/B002665SYY?tag=eloabder-20&linkCode=osi&th=1&psc=1">View Product</a></div>
<div class="product"><a href="https://www.amazon.com/dp/B0CC98XLGL?tag=eloabder-20&linkCode=osi&th=1&psc=1"><img src="https://m.media-amazon.com/images/I/51ZLw+nThiL._SL500_.jpg" alt="Product Image"></a><p>HUIRUSO 4 Pack Double Sided Tape Roller, Scrapbook Supplies, Glue Tape Roller for Crafts, Double-Sided Adhesive Tape Runner for Scrapbooking, School Office Journaling Supplies (0.31 in X 26.25 ft)</p><p>$6.99 ($1.75 / Count)</p><a href="https://www.amazon.com/dp/B0CC98XLGL?tag=eloabder-20&linkCode=osi&th=1&psc=1">View Product</a></div><div class="product"><a href="https://www.amazon.com/dp/B007XAAE6K?tag=eloabder-20&linkCode=osi&th=1&psc=1"><img src="https://m.media-amazon.com/images/I/414qxYVR0wL._SL500_.jpg" alt="Product Image"></a><p>Scotch Double Sided Tape Runner, 1-Pack, 0.27 in x 26 ft., Perfect for Holiday Crafts, Gifts, and More</p><p>$4.47</p><a href="https://www.amazon.com/dp/B007XAAE6K?tag=eloabder-20&linkCode=osi&th=1&psc=1">View Product</a></div><div class="product"><a href="https://www.amazon.com/dp/B0BZVGPFSK?tag=eloabder-20&linkCode=osi&th=1&psc=1"><img src="https://m.media-amazon.com/images/I/51-ue9+7JkL._SL500_.jpg" alt="Product Image"></a><p>Birllaid Double Sided Tape for Walls, Picture Hanging Strips Removable Mounting Dots Adhesive Heavy Duty, Removable for Art Craft, Decoration, Party Supplies, Multipurpose</p><p>$11.99</p><a href="https://www.amazon.com/dp/B0BZVGPFSK?tag=eloabder-20&linkCode=osi&th=1&psc=1">View Product</a></div><div class="product"><a href="https://www.amazon.com/dp/B0CGVN9SL1?tag=eloabder-20&linkCode=osi&th=1&psc=1"><img src="https://m.media-amazon.com/images/I/41Hy+i4CnoL._SL500_.jpg" alt="Product Image"></a><p>30Ft x 1 Inch Hook and Loop Strips with Adhesive,Double Rolls of Heavy Duty Self Adhesive Tape with Backing, Nylon Self Adhesive Tape for Home Office School and Crafting,White</p><p>$9.99</p><a href="https://www.amazon.com/dp/B0CGVN9SL1?tag=eloabder-20&linkCode=osi&th=1&psc=1">View Product</a></div><div class="product"><a href="https://www.amazon.com/dp/B07Y3VDPLF?tag=eloabder-20&linkCode=osi&th=1&psc=1"><img src="https://m.media-amazon.com/images/I/41cyKQ2OMuL._SL500_.jpg" alt="Product Image"></a><p>Melsan 1x4 inch Hook and Loop Strips with Adhesive - 15 Sets, Strong Back Adhesive Fasten Mounting Tape for Home or Office Use - Instead of Holes and Screws, Black</p><p>$7.82</p><a href="https://www.amazon.com/dp/B07Y3VDPLF?tag=eloabder-20&linkCode=osi&th=1&psc=1">View Product</a></div><div class="product"><a href="https://www.amazon.com/dp/B07V57VJT5?tag=eloabder-20&linkCode=osi&th=1&psc=1"><img src="https://m.media-amazon.com/images/I/514JO3bvl3L._SL500_.jpg" alt="Product Image"></a><p>XFasten Adhesive Roller for Scrapbooking, 8mm x 30ft 4-Pack Double Sided Glue Tape Roller, Scrapbook Supplies for Adults, Photo Tape for Scrapbooking</p><p>$9.99 ($2.50 / Count)</p><a href="https://www.amazon.com/dp/B07V57VJT5?tag=eloabder-20&linkCode=osi&th=1&psc=1">View Product</a></div><div class="product"><a href="https://www.amazon.com/dp/B07JLTGQHX?tag=eloabder-20&linkCode=osi&th=1&psc=1"><img src="https://m.media-amazon.com/images/I/51Eqfo7kUZL._SL500_.jpg" alt="Product Image"></a><p>UPINS 120 Pack Double Sided Foam Tape Square Self-Adhesive Foam Tape Black Strong Tape Pads for DIY Art Crafts Supplies</p><p>$9.99 ($0.08 / Count)</p><a href="https://www.amazon.com/dp/B07JLTGQHX?tag=eloabder-20&linkCode=osi&th=1&psc=1">View Product</a></div><div class="product"><a href="https://www.amazon.com/dp/B005FM6XF4?tag=eloabder-20&linkCode=osi&th=1&psc=1"><img src="https://m.media-amazon.com/images/I/51-vp1WJ89L._SL500_.jpg" alt="Product Image"></a><p>AdTech 5603 Permanent Crafter's Tape, 0.31" x 315", Pack of 4</p><p>$7.84 ($0.07 / Foot)</p><a href="https://www.amazon.com/dp/B005FM6XF4?tag=eloabder-20&linkCode=osi&th=1&psc=1">View Product</a></div><div class="product"><a href="https://www.amazon.com/dp/B0CJF1FLFJ?tag=eloabder-20&linkCode=osi&th=1&psc=1"><img src="https://m.media-amazon.com/images/I/51dig1RqzdL._SL500_.jpg" alt="Product Image"></a><p>UPINS 150Pack Double Sided Foam Tape Strong Sticky Double Sided Foam Pads for Crafts Self-Adhesive Mounting Foam Tape Heavy Duty for Home Wall Decor 40 * 40 * 2mm</p><p>$8.99 ($0.06 / Count)</p><a href="https://www.amazon.com/dp/B0CJF1FLFJ?tag=eloabder-20&linkCode=osi&th=1&psc=1">View Product</a></div><div class="product"><a href="https://www.amazon.com/dp/B0D4YWRGCL?tag=eloabder-20&linkCode=osi&th=1&psc=1"><img src="https://m.media-amazon.com/images/I/41EqJ553-KL._SL500_.jpg" alt="Product Image"></a><p>Amanbo Glue Tape for Scrapbooking, 6 Pack Scrapbook Tape, Double Sided Tape Roller for Crafts, Total 120 Ft x 0.24 in Tape Runner, Craft Supplies for Scrapbooking, Gift Wrapping and Photo Tape</p><p>$6.99</p><a href="https://www.amazon.com/dp/B0D4YWRGCL?tag=eloabder-20&linkCode=osi&th=1&psc=1">View Product</a></div>
<div class="product"><a href="https://www.amazon.com/dp/B0CC5HPPTN?tag=eloabder-20&linkCode=osi&th=1&psc=1"><img src="https://m.media-amazon.com/images/I/519M81S201L._SL500_.jpg" alt="Product Image"></a><p>Airbrush Paint - 30 Colors with 3 Thinner, Ready to Spray Airbrush Paint Set, Water-Based Acrylic Air brush Paints for Metal, Plastic Models, Canvas, Wood, 20ml/Bottle</p><p>$32.99 ($1.48 / Fl Oz)</p><a href="https://www.amazon.com/dp/B0CC5HPPTN?tag=eloabder-20&linkCode=osi&th=1&psc=1">View Product</a></div>
<div class="product"><a href="https://www.amazon.com/dp/B0CXPSGK36?tag=eloabder-20&linkCode=osi&th=1&psc=1"><img src="https://m.media-amazon.com/images/I/51dd2dYOtrL._SL500_.jpg" alt="Product Image"></a><p>Letter Stickers 30 Sheets 1500 PCS Large Alphabet Sticker 2 Inch Vinyl Self Adhesive Stick on Stickers for Water Bottles Cup Mailbox Number Address Craft Scrapbooking Bulletin Board Decor Multicolor</p><p>$9.99</p><a href="https://www.amazon.com/dp/B0CXPSGK36?tag=eloabder-20&linkCode=osi&th=1&psc=1">View Product</a></div><div class="product"><a href="https://www.amazon.com/dp/B07NNYFMGY?tag=eloabder-20&linkCode=osi&th=1&psc=1"><img src="https://m.media-amazon.com/images/I/51yDnU+gEXL._SL500_.jpg" alt="Product Image"></a><p>20 Sheets Alphabet Letter Stickers 10 Colors Self Adhesive Sticker Colorful PU Material Convex Feeling (Colored Letter Stickers 1)</p><p>$6.99 ($0.35 / Count)</p><a href="https://www.amazon.com/dp/B07NNYFMGY?tag=eloabder-20&linkCode=osi&th=1&psc=1">View Product</a></div>

<div class="product"><a href="https://www.amazon.com/dp/B01DDN8854?tag=eloabder-20&linkCode=osi&th=1&psc=1"><img src="https://m.media-amazon.com/images/I/61dPubDZBSL._SL500_.jpg" alt="Product Image"></a><p>Hugs 'n Kisses HNKHABY13 Applique Paper (20 Pack)</p><p>$19.72 ($0.99 / Count)</p><a href="https://www.amazon.com/dp/B01DDN8854?tag=eloabder-20&linkCode=osi&th=1&psc=1">View Product</a></div>
<div class="product"><a href="https://www.amazon.com/dp/B09KPNFJW1?tag=eloabder-20&linkCode=osi&th=1&psc=1"><img src="https://m.media-amazon.com/images/I/41abn5fELmL._SL500_.jpg" alt="Product Image"></a><p>UniPleased Disposable Aprons (50 Count), Plastic apron for Painting Party, Cooking, Housework, Picnic etc.</p><p>$5.69</p><a href="https://www.amazon.com/dp/B09KPNFJW1?tag=eloabder-20&linkCode=osi&th=1&psc=1">View Product</a></div>
<div class="product"><a href="https://www.amazon.com/dp/B087M21MM2?tag=eloabder-20&linkCode=osi&th=1&psc=1"><img src="https://m.media-amazon.com/images/I/41Xf-jehhLL._SL500_.jpg" alt="Product Image"></a><p>GOTIDEAL Stretched Canvas, Multi Pack 4x4, 5x7, 8x10,9x12, 11x14 Set of 10, Primed White - 100% Cotton Artist Canvas Boards for Painting, Acrylic Pouring, Oil Paint Dry & Wet Art Media</p><p>$24.99</p><a href="https://www.amazon.com/dp/B087M21MM2?tag=eloabder-20&linkCode=osi&th=1&psc=1">View Product</a></div><div class="product"><a href="https://www.amazon.com/dp/B00OQJYISG?tag=eloabder-20&linkCode=osi&th=1&psc=1"><img src="https://m.media-amazon.com/images/I/31fEDLPkkcL._SL500_.jpg" alt="Product Image"></a><p>6 Count 12” x 16” Super Value Canvas by Artist's Loft Necessities - Acid Free Cotton Canvas for Paint, Acrylic, & Oils - 1 Pack</p><p>$19.99</p><a href="https://www.amazon.com/dp/B00OQJYISG?tag=eloabder-20&linkCode=osi&th=1&psc=1">View Product</a></div><div class="product"><a href="https://www.amazon.com/dp/B09CDKB9HY?tag=eloabder-20&linkCode=osi&th=1&psc=1"><img src="https://m.media-amazon.com/images/I/51+p5xnClGL._SL500_.jpg" alt="Product Image"></a><p>DPDIAN Canvas Boards for Painting 40 Pack, 8 inch x 10 inch Super Value Pack, Artist Canvas Panels for Oil & Acrylic Painting</p><p>$29.99</p><a href="https://www.amazon.com/dp/B09CDKB9HY?tag=eloabder-20&linkCode=osi&th=1&psc=1">View Product</a></div><div class="product"><a href="https://www.amazon.com/dp/B0CFBGP29G?tag=eloabder-20&linkCode=osi&th=1&psc=1"><img src="https://m.media-amazon.com/images/I/3147Az5plbL._SL500_.jpg" alt="Product Image"></a><p>ArtSkills Stretched Canvases for Painting, 12x16 Canvas Painting Supplies for Artists, Blank Canvas Pack, 2-Pack</p><p>$16.99</p><a href="https://www.amazon.com/dp/B0CFBGP29G?tag=eloabder-20&linkCode=osi&th=1&psc=1">View Product</a></div><div class="product"><a href="https://www.amazon.com/dp/B07BNGQ1SS?tag=eloabder-20&linkCode=osi&th=1&psc=1"><img src="https://m.media-amazon.com/images/I/410ZVtygUwS._SL500_.jpg" alt="Product Image"></a><p>PHOENIX Stretched Canvas for Painting 8x10 Inch/10 Value Pack, 8 Oz Triple Primed 5/8 Inch Profile 100% Cotton White Blank Canvas, Artist Framed Canvas for Oil Acrylic & Pouring Art</p><p>$22.99</p><a href="https://www.amazon.com/dp/B07BNGQ1SS?tag=eloabder-20&linkCode=osi&th=1&psc=1">View Product</a></div><div class="product"><a href="https://www.amazon.com/dp/B0922JP1H4?tag=eloabder-20&linkCode=osi&th=1&psc=1"><img src="https://m.media-amazon.com/images/I/41BmiEND1KL._SL500_.jpg" alt="Product Image"></a><p>GOTIDEAL Canvases for Painting, 18 Pack Canvas Boards Multipack 4x4, 5x7, 8x10, 9x12,11x14,Primed White Blank Artist Canvas Variety Pack for Acrylic Paint, Oil Paint, Watercolor, Gouache</p><p>$19.99</p><a href="https://www.amazon.com/dp/B0922JP1H4?tag=eloabder-20&linkCode=osi&th=1&psc=1">View Product</a></div>


<div class="product"><a href="https://www.amazon.com/dp/B0872VFHBH?tag=eloabder-20&linkCode=osi&th=1&psc=1"><img src="https://m.media-amazon.com/images/I/51k3bekQheS._SL500_.jpg" alt="Product Image"></a><p>Bachmore Drawing Pad 9X12 Inch (110lb/180g), 60 Sheets, Top Spiral Bound Multi-Media for Artist Pro & Amateurs | Acrylic Art, Ink, Paint, Oil Pastels,Watercolor Mixed Media Sketch</p><p>$11.99</p><a href="https://www.amazon.com/dp/B0872VFHBH?tag=eloabder-20&linkCode=osi&th=1&psc=1">View Product</a></div><div class="product"><a href="https://www.amazon.com/dp/B0027A75A4?tag=eloabder-20&linkCode=osi&th=1&psc=1"><img src="https://m.media-amazon.com/images/I/51dyOxxcgYL._SL500_.jpg" alt="Product Image"></a><p>Strathmore 200 Series Sketch Pad, 9x12 inch, 100 Sheets, Tape Bound - Artist Sketchbook for Drawing, Illustration, Art Class Students</p><p>$6.99 ($0.07 / Count)</p><a href="https://www.amazon.com/dp/B0027A75A4?tag=eloabder-20&linkCode=osi&th=1&psc=1">View Product</a></div><div class="product"><a href="https://www.amazon.com/dp/B0BV13YQKX?tag=eloabder-20&linkCode=osi&th=1&psc=1"><img src="https://m.media-amazon.com/images/I/41VYfMpvXUL._SL500_.jpg" alt="Product Image"></a><p>Canson Graduate Watercolor Pad, Foldover, 9x12 inch, 20 Sheets | Artist Paper for Adults and Students - Painting, Gouache, Mixed Media and Ink</p><p>$4.97 ($0.41 / Count)</p><a href="https://www.amazon.com/dp/B0BV13YQKX?tag=eloabder-20&linkCode=osi&th=1&psc=1">View Product</a></div><div class="product"><a href="https://www.amazon.com/dp/B0024KMQ6K?tag=eloabder-20&linkCode=osi&th=1&psc=1"><img src="https://m.media-amazon.com/images/I/51sYdvPPUCL._SL500_.jpg" alt="Product Image"></a><p>Strathmore 400 Series Pastel Pad, Assorted Colors, 9"x12" Glue Bound, 24 Sheets</p><p>$9.11</p><a href="https://www.amazon.com/dp/B0024KMQ6K?tag=eloabder-20&linkCode=osi&th=1&psc=1">View Product</a></div><div class="product"><a href="https://www.amazon.com/dp/B00246O6PI?tag=eloabder-20&linkCode=osi&th=1&psc=1"><img src="https://m.media-amazon.com/images/I/517TUmckOIL._SL500_.jpg" alt="Product Image"></a><p>Strathmore 300 Series Drawing Paper Pad, Top Wire Bound, 11x14 inches, 50 Sheets (70lb/114g) - Artist Paper for Adults and Students - Charcoal, Colored Pencil, Ink, Pastel, Marker</p><p>$13.33</p><a href="https://www.amazon.com/dp/B00246O6PI?tag=eloabder-20&linkCode=osi&th=1&psc=1">View Product</a></div>
<div class="product"><a href="https://www.amazon.com/dp/B08ZMH7LJY?tag=eloabder-20&linkCode=osi&th=1&psc=1"><img src="https://m.media-amazon.com/images/I/51mJIsLJA-S._SL500_.jpg" alt="Product Image"></a><p>PANDAFLY Professional Drawing Sketching Pencil Set - 12 Pieces Graphite Pencils(14B - 2H), Ideal for Drawing Art, Sketching, Shading, Artist Pencils for Beginners & Pro Artists</p><p>$5.11</p><a href="https://www.amazon.com/dp/B08ZMH7LJY?tag=eloabder-20&linkCode=osi&th=1&psc=1">View Product</a></div><div class="product"><a href="https://www.amazon.com/dp/B088K1G5NL?tag=eloabder-20&linkCode=osi&th=1&psc=1"><img src="https://m.media-amazon.com/images/I/51F2bOMZWnL._SL500_.jpg" alt="Product Image"></a><p>MARKART Professional Drawing Sketching Pencil Set - 14 Pieces,Graphite,(12B - 4H), Ideal for Drawing Art, Sketching, Shading, Artist Pencils for Beginners & Pro Artists</p><p>$5.24</p><a href="https://www.amazon.com/dp/B088K1G5NL?tag=eloabder-20&linkCode=osi&th=1&psc=1">View Product</a></div><div class="product"><a href="https://www.amazon.com/dp/B08FHMRW4L?tag=eloabder-20&linkCode=osi&th=1&psc=1"><img src="https://m.media-amazon.com/images/I/51Pmn5gjyzL._SL500_.jpg" alt="Product Image"></a><p>Mr. Pen- Sketch Pencils for Drawing, 14 Pack, Drawing Pencils, Art Pencils, Graphite Pencils, Graphite Pencils for Drawing, Art Pencils for Drawing and Shading</p><p>$5.95</p><a href="https://www.amazon.com/dp/B08FHMRW4L?tag=eloabder-20&linkCode=osi&th=1&psc=1">View Product</a></div><div class="product"><a href="https://www.amazon.com/dp/B0BNQ58DC4?tag=eloabder-20&linkCode=osi&th=1&psc=1"><img src="https://m.media-amazon.com/images/I/51e-gQtCcCL._SL500_.jpg" alt="Product Image"></a><p>MARTCOLOR Drawing Sketching Pencils Set, 12 Pack Graphite Pencils(14B - 2H), Ideal for Drawing Art, Sketching, Shading, Artist Pencils for Beginners & Pro Artists</p><p>$5.99</p><a href="https://www.amazon.com/dp/B0BNQ58DC4?tag=eloabder-20&linkCode=osi&th=1&psc=1">View Product</a></div>

<div class="product"><a href="https://www.amazon.com/dp/B0851M3749?tag=eloabder-20&linkCode=osi&th=1&psc=1"><img src="https://m.media-amazon.com/images/I/41KKSGSDl5L._SL500_.jpg" alt="Product Image"></a><p>N NOROCME 12 PCS Blending Stumps and Tortillions Paper Art Blenders with Sandpaper Pencil Sharpener Pointer for Student Artist Charcoal Sketch Drawing Tools</p><p>$4.99</p><a href="https://www.amazon.com/dp/B0851M3749?tag=eloabder-20&linkCode=osi&th=1&psc=1">View Product</a></div><div class="product"><a href="https://www.amazon.com/dp/B09J3HKN8F?tag=eloabder-20&linkCode=osi&th=1&psc=1"><img src="https://m.media-amazon.com/images/I/51Qvx81eQLL._SL500_.jpg" alt="Product Image"></a><p>Eraser Pencils Set for Artists, Wooden Sketch Eraser Pen for Charcoal Drawings, Professional Highlight Painting Eraser for Sketching, Revise Erasing Details for Students Limner</p><p>$6.99</p><a href="https://www.amazon.com/dp/B09J3HKN8F?tag=eloabder-20&linkCode=osi&th=1&psc=1">View Product</a></div>
<div class="product"><a href="https://www.amazon.com/dp/B09WCQ89T8?tag=eloabder-20&linkCode=osi&th=1&psc=1"><img src="https://m.media-amazon.com/images/I/41gZz0qgBFL._SL500_.jpg" alt="Product Image"></a><p>Bernat BABY BLANKET BB Blue Dreams Yarn - 1 Pack of 10.5oz/300g - Polyester - #6 Super Bulky - 220 Yards - Knitting/Crochet</p><p>$6.97</p><a href="https://www.amazon.com/dp/B09WCQ89T8?tag=eloabder-20&linkCode=osi&th=1&psc=1">View Product</a></div><div class="product"><a href="https://www.amazon.com/dp/B07V5JVNFD?tag=eloabder-20&linkCode=osi&th=1&psc=1"><img src="https://m.media-amazon.com/images/I/41IS+HdtiOL._SL500_.jpg" alt="Product Image"></a><p>Lion Brand Yarn Basic Stitch Anti-Pilling Knitting Yarn, Yarn for Crocheting, 1-Pack, Baby Blue</p><p>$8.40 ($0.02 / Foot)</p><a href="https://www.amazon.com/dp/B07V5JVNFD?tag=eloabder-20&linkCode=osi&th=1&psc=1">View Product</a></div><div class="product"><a href="https://www.amazon.com/dp/B01M0AJID2?tag=eloabder-20&linkCode=osi&th=1&psc=1"><img src="https://m.media-amazon.com/images/I/41yVau0AUpL._SL500_.jpg" alt="Product Image"></a><p>Lion Brand Yarn (1 Skein) Lion Brand Yarn Babysoft Baby Yarn Yarn, Little Boy Blue Multicolor</p><p>$7.19 ($0.01 / Foot)</p><a href="https://www.amazon.com/dp/B01M0AJID2?tag=eloabder-20&linkCode=osi&th=1&psc=1">View Product</a></div><div class="product"><a href="https://www.amazon.com/dp/B09W1KHF42?tag=eloabder-20&linkCode=osi&th=1&psc=1"><img src="https://m.media-amazon.com/images/I/41maDlrio5L._SL500_.jpg" alt="Product Image"></a><p>Red Heart Super Saver Light Blue Yarn - 3 Pack of 198g/7oz - Acrylic - 4 Medium (Worsted) - 364 Yards - Knitting/Crochet</p><p>$13.29 ($4.43 / Count)</p><a href="https://www.amazon.com/dp/B09W1KHF42?tag=eloabder-20&linkCode=osi&th=1&psc=1">View Product</a></div><div class="product"><a href="https://www.amazon.com/dp/B08LKVZ3CX?tag=eloabder-20&linkCode=osi&th=1&psc=1"><img src="https://m.media-amazon.com/images/I/41GLizNx8UL._SL500_.jpg" alt="Product Image"></a><p>Bernat Baby Blanket Baby Blue Yarn - 3 Pack of 100g/3.5oz - Polyester - 6 Super Bulky - 72 Yards - Knitting/Crochet</p><p>$21.81</p><a href="https://www.amazon.com/dp/B08LKVZ3CX?tag=eloabder-20&linkCode=osi&th=1&psc=1">View Product</a></div><div class="product"><a href="https://www.amazon.com/dp/B0CHJ95WHJ?tag=eloabder-20&linkCode=osi&th=1&psc=1"><img src="https://m.media-amazon.com/images/I/314E1EQdihL._SL500_.jpg" alt="Product Image"></a><p>NORCIA Soft Velvet Yarn Chenille Yarn for Crocheting Baby Blanket Yarn for Knitting Amigurumi Yarn Fancy Yarn for Crochet Weaving Craft (Baby Blue, 1 Skein)</p><p>$9.99</p><a href="https://www.amazon.com/dp/B0CHJ95WHJ?tag=eloabder-20&linkCode=osi&th=1&psc=1">View Product</a></div>
<div class="product"><a href="https://www.amazon.com/dp/B0779F2TXJ?tag=eloabder-20&linkCode=osi&th=1&psc=1"><img src="https://m.media-amazon.com/images/I/31kqZr8DJzL._SL500_.jpg" alt="Product Image"></a><p>OPENDGO Feather Ballpoint Pen ，Black Ink Vintage Feather Quill Refined Plated Rod Quill Ballpoint Pen For School Writing ▏Wedding Gift Signature Pen (Black)</p><p>$6.97</p><a href="https://www.amazon.com/dp/B0779F2TXJ?tag=eloabder-20&linkCode=osi&th=1&psc=1">View Product</a></div><div class="product"><a href="https://www.amazon.com/dp/B0CQF3BJ3S?tag=eloabder-20&linkCode=osi&th=1&psc=1"><img src="https://m.media-amazon.com/images/I/41gs6AOiP6L._SL500_.jpg" alt="Product Image"></a><p>3 in 1 Retractable Ballpoint Pen with Light and Stylus, Nice Pens for Journaling Writing in The Dark - White/Red Light Tip- 0.7mm Black Ink</p><p>$12.99</p><a href="https://www.amazon.com/dp/B0CQF3BJ3S?tag=eloabder-20&linkCode=osi&th=1&psc=1">View Product</a></div><div class="product"><a href="https://www.amazon.com/dp/B08BBZ3B8G?tag=eloabder-20&linkCode=osi&th=1&psc=1"><img src="https://m.media-amazon.com/images/I/41cMHyw60wL._SL500_.jpg" alt="Product Image"></a><p>Mr. Pen- Pens, Black Pens, 12 Pack, Fast Dry, No Smear Pens, Bible Pens, Pens for Journaling, Pens No Bleed Through, Pens Fine Point, Journal Pens, Fine Tip, Planner Pens, Ball Point Journal Pens</p><p>$9.99</p><a href="https://www.amazon.com/dp/B08BBZ3B8G?tag=eloabder-20&linkCode=osi&th=1&psc=1">View Product</a></div><div class="product"><a href="https://www.amazon.com/dp/B0D4YWWGX6?tag=eloabder-20&linkCode=osi&th=1&psc=1"><img src="https://m.media-amazon.com/images/I/31xHBCCzJqL._SL500_.jpg" alt="Product Image"></a><p>PATIKIL 21cm/8" Feather Ballpoint Pen, 1Pcs Ink Vintage Quill Pen Refined Plated Dip Pen for Calligraphy Writing Signature Wedding Gift, Yellow</p><p>$7.49</p><a href="https://www.amazon.com/dp/B0D4YWWGX6?tag=eloabder-20&linkCode=osi&th=1&psc=1">View Product</a></div>

<div class="product"><a href="https://www.amazon.com/dp/B001TLDEVQ?tag=eloabder-20&linkCode=osi&th=1&psc=1"><img src="https://m.media-amazon.com/images/I/41jYF39F6lL._SL500_.jpg" alt="Product Image"></a><p>Beadalon SuppleMax Illusion Beading Cord, 0.40 mm / 0.016 in, Clear Monofilament, 50 m / 164 ft</p><p>$4.74</p><a href="https://www.amazon.com/dp/B001TLDEVQ?tag=eloabder-20&linkCode=osi&th=1&psc=1">View Product</a></div><div class="product"><a href="https://www.amazon.com/dp/B0D2HVFZ7Q?tag=eloabder-20&linkCode=osi&th=1&psc=1"><img src="https://m.media-amazon.com/images/I/41R66LMYz7L._SL500_.jpg" alt="Product Image"></a><p>Zxiixz 116Yards 0.5mm Bracelet String, Waxed String Cord for Bracelet Making, Beading Thread for Bracelet Beads, Friendship Bracelet String for Bracelet Making, Waxed Polyester Cord for Jewelry Making</p><p>$6.99</p><a href="https://www.amazon.com/dp/B0D2HVFZ7Q?tag=eloabder-20&linkCode=osi&th=1&psc=1">View Product</a></div><div class="product"><a href="https://www.amazon.com/dp/B07BNF8KH5?tag=eloabder-20&linkCode=osi&th=1&psc=1"><img src="https://m.media-amazon.com/images/I/51jVByheyVL._SL500_.jpg" alt="Product Image"></a><p>PH PandaHall 100 Yards 1mm Waxed Cotton Cord Thread Beading String for Bracelet Necklace Making Crafting Beading Macrame Vase Decor, Burlywood</p><p>$7.19 ($0.02 / Foot)</p><a href="https://www.amazon.com/dp/B07BNF8KH5?tag=eloabder-20&linkCode=osi&th=1&psc=1">View Product</a></div><div class="product"><a href="https://www.amazon.com/dp/B07HBPGXJG?tag=eloabder-20&linkCode=osi&th=1&psc=1"><img src="https://m.media-amazon.com/images/I/41xi8gO6kDL._SL500_.jpg" alt="Product Image"></a><p>Paxcoo 0.8mm Elastic String, Stretchy Bracelet String Crystal String Bead Cord for Bracelet, Beading and Jewelry Making (120m)</p><p>$6.99 ($0.02 / Foot)</p><a href="https://www.amazon.com/dp/B07HBPGXJG?tag=eloabder-20&linkCode=osi&th=1&psc=1">View Product</a></div><div class="product"><a href="https://www.amazon.com/dp/B0CNPST7D9?tag=eloabder-20&linkCode=osi&th=1&psc=1"><img src="https://m.media-amazon.com/images/I/41A9VISFC4L._SL500_.jpg" alt="Product Image"></a><p>Kblick Black Nylon String Cord - 1MM 100 Yards Black Twine, Bracelet String for Bracelet Making, Braided Ornament Lanyard Sting, Jewelry Thread Clay Bead String for Crafts, Macrame Satin Cord</p><p>$5.99 ($0.02 / Foot)</p><a href="https://www.amazon.com/dp/B0CNPST7D9?tag=eloabder-20&linkCode=osi&th=1&psc=1">View Product</a></div><div class="product"><a href="https://www.amazon.com/dp/B08GC3JF9X?tag=eloabder-20&linkCode=osi&th=1&psc=1"><img src="https://m.media-amazon.com/images/I/41FQZYhvQpL._SL500_.jpg" alt="Product Image"></a><p>Cheriswelry 100M 0.8mm Nylon Beading Cord Black Chinese Knotting Rattail Macrame Thread String Roll for Jewelry Making Kumihimo Wrapping Supplies DIY Crafts</p><p>$6.99 ($0.02 / Fl Oz)</p><a href="https://www.amazon.com/dp/B08GC3JF9X?tag=eloabder-20&linkCode=osi&th=1&psc=1">View Product</a></div><div class="product"><a href="https://www.amazon.com/dp/B0B3V9RWQC?tag=eloabder-20&linkCode=osi&th=1&psc=1"><img src="https://m.media-amazon.com/images/I/41F-OP+yCxL._SL500_.jpg" alt="Product Image"></a><p>Griffin Silk Bead Cord Perlseide – Black Color – Size 3 (0.50mm) – 2 Meters per Card – Stainless Steel Needle Attached – for Knotting Pearls, Gemstones, Crystals and Beads</p><p>$4.99 ($0.76 / Foot)</p><a href="https://www.amazon.com/dp/B0B3V9RWQC?tag=eloabder-20&linkCode=osi&th=1&psc=1">View Product</a></div><div class="product"><a href="https://www.amazon.com/dp/B08F49YVQP?tag=eloabder-20&linkCode=osi&th=1&psc=1"><img src="https://m.media-amazon.com/images/I/41yCMIpj0rS._SL500_.jpg" alt="Product Image"></a><p>1mm Stretchy Bracelet String, Sturdy Rainbow Elastic String Elastic Cord for Jewelry Making, Necklaces, Beading and Crafts</p><p>$6.99 ($0.04 / Foot)</p><a href="https://www.amazon.com/dp/B08F49YVQP?tag=eloabder-20&linkCode=osi&th=1&psc=1">View Product</a></div>

<div class="product"><a href="https://www.amazon.com/dp/B001GMUBJ6?tag=eloabder-20&linkCode=osi&th=1&psc=1"><img src="https://m.media-amazon.com/images/I/41V5qzn3H5L._SL500_.jpg" alt="Product Image"></a><p>The Beadsmith Fireline by Berkley – Micro-Fused Braided Thread – 6lb. Test, 006”/.15mm Diameter, 50 Yard Spool, Crystal Color – Super Strong Stringing Material for Jewelry Making and Bead Weaving</p><p>$12.59</p><a href="https://www.amazon.com/dp/B001GMUBJ6?tag=eloabder-20&linkCode=osi&th=1&psc=1">View Product</a></div><div class="product"><a href="https://www.amazon.com/dp/B001UAKK0Y?tag=eloabder-20&linkCode=osi&th=1&psc=1"><img src="https://m.media-amazon.com/images/I/41rY1D0wfuL._SL500_.jpg" alt="Product Image"></a><p>Beadalon Wildfire, 0.006 in, 0.15 mm, Break Strength 10 lb / 4.5 kg, Frost, 50 yd / 45 m</p><p>$8.85 ($0.06 / Foot)</p><a href="https://www.amazon.com/dp/B001UAKK0Y?tag=eloabder-20&linkCode=osi&th=1&psc=1">View Product</a></div><div class="product"><a href="https://www.amazon.com/dp/B095WY58F4?tag=eloabder-20&linkCode=osi&th=1&psc=1"><img src="https://m.media-amazon.com/images/I/41mXRfJqcjL._SL500_.jpg" alt="Product Image"></a><p>PH PandaHall 0.1mm Nylon Seed Bead Thread 100 Yards Black White Bracelet Cord Beading Thread Invisible Sewing Thread Nylon Braided Thread String for Leather Stitching Beading Jewelry Bracelets Making</p><p>$9.99 ($0.03 / Foot)</p><a href="https://www.amazon.com/dp/B095WY58F4?tag=eloabder-20&linkCode=osi&th=1&psc=1">View Product</a></div><div class="product"><a href="https://www.amazon.com/dp/B08RN2R2SZ?tag=eloabder-20&linkCode=osi&th=1&psc=1"><img src="https://m.media-amazon.com/images/I/41Tg2MMC++L._SL500_.jpg" alt="Product Image"></a><p>KO Nylon Beading Thread, White Color, Japanese Pre-Waxed 100% Nylon, 330TEX, Tangle Resistant Knotting Cords, 50m /55 yds Spool, Use for Seed Bead Projects, Loom Work & Bead Weaving</p><p>$7.06 ($0.04 / Foot)</p><a href="https://www.amazon.com/dp/B08RN2R2SZ?tag=eloabder-20&linkCode=osi&th=1&psc=1">View Product</a></div><div class="product"><a href="https://www.amazon.com/dp/B09J89ST79?tag=eloabder-20&linkCode=osi&th=1&psc=1"><img src="https://m.media-amazon.com/images/I/41hLuuOZeXL._SL500_.jpg" alt="Product Image"></a><p>2 Roll Polyester Thread, Heavy Duty Thread, 1500Yard/Reel 210D/3 nylon thread for sewing, Sewing Thread for Upholstery, Outdoor Market, Drapery, Leather, Beading, Crafts</p><p>$7.99 ($0.00 / Foot)</p><a href="https://www.amazon.com/dp/B09J89ST79?tag=eloabder-20&linkCode=osi&th=1&psc=1">View Product</a></div><div class="product"><a href="https://www.amazon.com/dp/B0C6MSY7QQ?tag=eloabder-20&linkCode=osi&th=1&psc=1"><img src="https://m.media-amazon.com/images/I/31Bn-MyA62L._SL500_.jpg" alt="Product Image"></a><p>PH PandaHall 0.1mm Nylon String 100 Yards Beading Thread White Nylon Seed Bead Thread Bracelet Beading Thread Sewing String for Leather Stitching Beading Jewelry Bracelets Making</p><p>$7.99 ($0.03 / Foot)</p><a href="https://www.amazon.com/dp/B0C6MSY7QQ?tag=eloabder-20&linkCode=osi&th=1&psc=1">View Product</a></div>

<div class="product"><a href="https://www.amazon.com/dp/B07NMNDT1W?tag=eloabder-20&linkCode=osi&th=1&psc=1"><img src="https://m.media-amazon.com/images/I/41-zwQIcVcL._SL500_.jpg" alt="Product Image"></a><p>Howemon White Beeswax Pellets 2LB 100% Pure and Natural Triple Filtered for Skin, Face, Body and Hair Care DIY Creams, Lotions, Lip Balm and Soap Making Supplies</p><p>$13.99 ($0.44 / Fl Oz)</p><a href="https://www.amazon.com/dp/B07NMNDT1W?tag=eloabder-20&linkCode=osi&th=1&psc=1">View Product</a></div><div class="product"><a href="https://www.amazon.com/dp/B00B3U0FW4?tag=eloabder-20&linkCode=osi&th=1&psc=1"><img src="https://m.media-amazon.com/images/I/51rWFCST+TL._SL500_.jpg" alt="Product Image"></a><p>Beesworks Yellow Beeswax Pellets (1 lb) | 100% Pure, Cosmetic Grade, Triple-Filtered Beeswax for DIY Skin care, Lip Balm, Lotion, and Candle Making</p><p>$13.99 ($0.87 / Ounce)</p><a href="https://www.amazon.com/dp/B00B3U0FW4?tag=eloabder-20&linkCode=osi&th=1&psc=1">View Product</a></div><div class="product"><a href="https://www.amazon.com/dp/B01LWX2IO1?tag=eloabder-20&linkCode=osi&th=1&psc=1"><img src="https://m.media-amazon.com/images/I/41MlNqhDyCL._SL500_.jpg" alt="Product Image"></a><p>Beesworks Yellow Beeswax Bars (6 oz) | 100% Pure, Cosmetic Grade, Triple-Filtered Beeswax for DIY Skin Care, Lip Balm, Lotion and Candle Making (1 oz Bars - Pack of 6)</p><p>$6.99</p><a href="https://www.amazon.com/dp/B01LWX2IO1?tag=eloabder-20&linkCode=osi&th=1&psc=1">View Product</a></div><div class="product"><a href="https://www.amazon.com/dp/B0BV77F19N?tag=eloabder-20&linkCode=osi&th=1&psc=1"><img src="https://m.media-amazon.com/images/I/41xzHaO1-EL._SL500_.jpg" alt="Product Image"></a><p>Beeswax Pellets 10LB Cosmetic Beeswax Triple Filtered Beeswax Pastilles for Candle Making Great for DIY Projects Creams Lotions Lip Balm and Soap Making Supplies(10LB)</p><p>$32.99</p><a href="https://www.amazon.com/dp/B0BV77F19N?tag=eloabder-20&linkCode=osi&th=1&psc=1">View Product</a></div><div class="product"><a href="https://www.amazon.com/dp/B0C9QSG3CY?tag=eloabder-20&linkCode=osi&th=1&psc=1"><img src="https://m.media-amazon.com/images/I/414XQcU6SRL._SL500_.jpg" alt="Product Image"></a><p>YASNAY White Beeswax Pellets 2LB, 100% Organic Beeswax, Beeswax for Candle Making, Body, Skin Care DIY, Lip Balm and Soap Making Supplies</p><p>$11.99</p><a href="https://www.amazon.com/dp/B0C9QSG3CY?tag=eloabder-20&linkCode=osi&th=1&psc=1">View Product</a></div><div class="product"><a href="https://www.amazon.com/dp/B097HTC4WN?tag=eloabder-20&linkCode=osi&th=1&psc=1"><img src="https://m.media-amazon.com/images/I/51pwMM7C6-L._SL500_.jpg" alt="Product Image"></a><p>Eco Lux 8 Yellow Beeswax Blocks 100% Pure Natural Organic Bees Wax 6.5oz</p><p>$8.49 ($1.35 / Ounce)</p><a href="https://www.amazon.com/dp/B097HTC4WN?tag=eloabder-20&linkCode=osi&th=1&psc=1">View Product</a></div><div class="product"><a href="https://www.amazon.com/dp/B00HDHQQCE?tag=eloabder-20&linkCode=osi&th=1&psc=1"><img src="https://m.media-amazon.com/images/I/41vF-7MwNhL._SL500_.jpg" alt="Product Image"></a><p>Murray's 100% Pure Beeswax 4 oz</p><p>$5.98 ($1.50 / Ounce)</p><a href="https://www.amazon.com/dp/B00HDHQQCE?tag=eloabder-20&linkCode=osi&th=1&psc=1">View Product</a></div><div class="product"><a href="https://www.amazon.com/dp/B09YM8JTLM?tag=eloabder-20&linkCode=osi&th=1&psc=1"><img src="https://m.media-amazon.com/images/I/41cjNuBnFEL._SL500_.jpg" alt="Product Image"></a><p>TRINIDa Beeswax Pellets 2LB(32 oz), 100% Organic Yellow Bees Wax for DIY Candles, Beeswax for Candle Making, Skin, Body, Face, and Hair Care, Lotions, DIY Creams, Lip Balm and Soap Making Supplies</p><p>$11.99</p><a href="https://www.amazon.com/dp/B09YM8JTLM?tag=eloabder-20&linkCode=osi&th=1&psc=1">View Product</a></div><div class="product"><a href="https://www.amazon.com/dp/B00F3CNMV4?tag=eloabder-20&linkCode=osi&th=1&psc=1"><img src="https://m.media-amazon.com/images/I/31pjrRAEa4L._SL500_.jpg" alt="Product Image"></a><p>Stakich Yellow Beeswax Block - Natural, Triple Filtered - 1 Pound, Honey Scent</p><p>$13.95 ($0.87 / Ounce)</p><a href="https://www.amazon.com/dp/B00F3CNMV4?tag=eloabder-20&linkCode=osi&th=1&psc=1">View Product</a></div><div class="product"><a href="https://www.amazon.com/dp/B0BXFZBZS9?tag=eloabder-20&linkCode=osi&th=1&psc=1"><img src="https://m.media-amazon.com/images/I/4178i9IB9KL._SL500_.jpg" alt="Product Image"></a><p>5LB Beeswax Pellets Beeswax for Candle Making Organic Beeswax Pellets for Skin Beeswax Beads Beeswax Bulk Beeswax for Lotion Making Organic for DIY and Craft Project</p><p>$22.99</p><a href="https://www.amazon.com/dp/B0BXFZBZS9?tag=eloabder-20&linkCode=osi&th=1&psc=1">View Product</a></div>
<div class="product"><a href="https://www.amazon.com/dp/B0052F1BVK?tag=eloabder-20&linkCode=osi&th=1&psc=1"><img src="https://m.media-amazon.com/images/I/41zE9eiGoLL._SL500_.jpg" alt="Product Image"></a><p>ACC Staples Large Binder Clips, 2" Width, 1" Capacity, Black, 12/Pk</p><p>$6.30</p><a href="https://www.amazon.com/dp/B0052F1BVK?tag=eloabder-20&linkCode=osi&th=1&psc=1">View Product</a></div><div class="product"><a href="https://www.amazon.com/dp/B07MLFR771?tag=eloabder-20&linkCode=osi&th=1&psc=1"><img src="https://m.media-amazon.com/images/I/51N2wxA7N0L._SL500_.jpg" alt="Product Image"></a><p>CooBigo 50 Pack Binder Ring, Metal Book Ring Paper Ring Holder 5/8-Inch Loose Leaf Binder Ring Clip for Index Card, Flash Card Ring, Card Calendar, Keychain Key Ring - Bronze</p><p>$6.99</p><a href="https://www.amazon.com/dp/B07MLFR771?tag=eloabder-20&linkCode=osi&th=1&psc=1">View Product</a></div><div class="product"><a href="https://www.amazon.com/dp/B01563NHGY?tag=eloabder-20&linkCode=osi&th=1&psc=1"><img src="https://m.media-amazon.com/images/I/41gj+0ZftqL._SL500_.jpg" alt="Product Image"></a><p>vanki Pack of 40 Cute Lovely Smiling Face Spring-Loaded File Organizer Paper Holder Metal Binder Clips, Assorted Color</p><p>$8.99</p><a href="https://www.amazon.com/dp/B01563NHGY?tag=eloabder-20&linkCode=osi&th=1&psc=1">View Product</a></div><div class="product"><a href="https://www.amazon.com/dp/B000GOUDSO?tag=eloabder-20&linkCode=osi&th=1&psc=1"><img src="https://m.media-amazon.com/images/I/41ZANISHgML._SL500_.jpg" alt="Product Image"></a><p>Small Binder Clips .75" 8/Pkg-Assorted Colors</p><p>$4.46</p><a href="https://www.amazon.com/dp/B000GOUDSO?tag=eloabder-20&linkCode=osi&th=1&psc=1">View Product</a></div>
<div class="product"><a href="https://www.amazon.com/dp/B07PRPX4VR?tag=eloabder-20&linkCode=osi&th=1&psc=1"><img src="https://m.media-amazon.com/images/I/41IMH12fdPL._SL500_.jpg" alt="Product Image"></a><p>Durable Sheet Lifters, Durable Easy Flow, 11" x 3", Lifts Sheets Over Rings and Protects Sheets from Tearing, Fit Standard 3-Ring Binders, Black (20 Pack)</p><p>$14.99</p><a href="https://www.amazon.com/dp/B07PRPX4VR?tag=eloabder-20&linkCode=osi&th=1&psc=1">View Product</a></div><div class="product"><a href="https://www.amazon.com/dp/B0CM8QJHFW?tag=eloabder-20&linkCode=osi&th=1&psc=1"><img src="https://m.media-amazon.com/images/I/31cJGS74oCL._SL500_.jpg" alt="Product Image"></a><p>Wantane D-Shaped Tape Storage Ring Tape Storage Ring 4" D-Shaped Washi Tape Storage Ring for DIY Decoration and Storage（Nickel）-2PCS</p><p>$7.99</p><a href="https://www.amazon.com/dp/B0CM8QJHFW?tag=eloabder-20&linkCode=osi&th=1&psc=1">View Product</a></div>
<div class="product"><a href="https://www.amazon.com/dp/B00006IAS3?tag=eloabder-20&linkCode=osi&th=1&psc=1"><img src="https://m.media-amazon.com/images/I/317DvSXhT1L._SL500_.jpg" alt="Product Image"></a><p>GBC Binding System, Manual, Desktop Binding Punch, 6 Sheet Punch Capacity, ProClick P50 (2515650)</p><p>$123.89</p><a href="https://www.amazon.com/dp/B00006IAS3?tag=eloabder-20&linkCode=osi&th=1&psc=1">View Product</a></div><div class="product"><a href="https://www.amazon.com/dp/B004BP81KQ?tag=eloabder-20&linkCode=osi&th=1&psc=1"><img src="https://m.media-amazon.com/images/I/51SqfeZ12KL._SL500_.jpg" alt="Product Image"></a><p>We R Memory Keepers Cinch Book Binding Wire (1-Inch, Silver (2 Pack))</p><p>$5.99</p><a href="https://www.amazon.com/dp/B004BP81KQ?tag=eloabder-20&linkCode=osi&th=1&psc=1">View Product</a></div>

<div class="product"><a href="https://www.amazon.com/dp/B0007ZJ8TM?tag=eloabder-20&linkCode=osi&th=1&psc=1"><img src="https://m.media-amazon.com/images/I/41i49sz3UAL._SL500_.jpg" alt="Product Image"></a><p>Speedball Super Black India Ink, 2-Ounce</p><p>$9.99 ($9.99 / Count)</p><a href="https://www.amazon.com/dp/B0007ZJ8TM?tag=eloabder-20&linkCode=osi&th=1&psc=1">View Product</a></div><div class="product"><a href="https://www.amazon.com/dp/B0026I10AI?tag=eloabder-20&linkCode=osi&th=1&psc=1"><img src="https://m.media-amazon.com/images/I/31vklP4uBsL._SL500_.jpg" alt="Product Image"></a><p>Dr. Ph. Martin's Bombay India (7BY) Ink Bottle, 1.0 oz, Black</p><p>$6.99</p><a href="https://www.amazon.com/dp/B0026I10AI?tag=eloabder-20&linkCode=osi&th=1&psc=1">View Product</a></div><div class="product"><a href="https://www.amazon.com/dp/B000KNP96C?tag=eloabder-20&linkCode=osi&th=1&psc=1"><img src="https://m.media-amazon.com/images/I/51e9srYtG0L._SL500_.jpg" alt="Product Image"></a><p>Winsor & Newton Drawing Ink, 14ml Bottle, Black Indian</p><p>$10.99</p><a href="https://www.amazon.com/dp/B000KNP96C?tag=eloabder-20&linkCode=osi&th=1&psc=1">View Product</a></div><div class="product"><a href="https://www.amazon.com/dp/B07BQG5QF4?tag=eloabder-20&linkCode=osi&th=1&psc=1"><img src="https://m.media-amazon.com/images/I/41nEMDYZaiL._SL500_.jpg" alt="Product Image"></a><p>Speedball Super Black India Ink, 16-Ounce</p><p>$19.99</p><a href="https://www.amazon.com/dp/B07BQG5QF4?tag=eloabder-20&linkCode=osi&th=1&psc=1">View Product</a></div><div class="product"><a href="https://www.amazon.com/dp/B001038NLY?tag=eloabder-20&linkCode=osi&th=1&psc=1"><img src="https://m.media-amazon.com/images/I/418i4sxJJ0L._SL500_.jpg" alt="Product Image"></a><p>Speedball Fabric Screen Printing Ink, 8-Ounce, Black for T-Shirt and Silkscreen Printmaking</p><p>$12.99 ($1.62 / Fl Oz)</p><a href="https://www.amazon.com/dp/B001038NLY?tag=eloabder-20&linkCode=osi&th=1&psc=1">View Product</a></div><div class="product"><a href="https://www.amazon.com/dp/B00161OPSA?tag=eloabder-20&linkCode=osi&th=1&psc=1"><img src="https://m.media-amazon.com/images/I/41C32y3CJAL._SL500_.jpg" alt="Product Image"></a><p>Tsukineko VersaFine inkpad, Full-Size, Onyx Black</p><p>$4.99 ($4.99 / Count)</p><a href="https://www.amazon.com/dp/B00161OPSA?tag=eloabder-20&linkCode=osi&th=1&psc=1">View Product</a></div>
<div class="product"><a href="https://www.amazon.com/dp/B07Q4TJCDJ?tag=eloabder-20&linkCode=osi&th=1&psc=1"><img src="https://m.media-amazon.com/images/I/315HYvYg-BL._SL500_.jpg" alt="Product Image"></a><p>Primbeeks 300pcs Blank Business Cards, Premium Blank White Cards, 3.5" x 2.2" Small Blank Cards, Blank Cardstock Cards, Small Note Cards, white blank cards, white business cards, kraft paper cards</p><p>$7.99</p><a href="https://www.amazon.com/dp/B07Q4TJCDJ?tag=eloabder-20&linkCode=osi&th=1&psc=1">View Product</a></div><div class="product"><a href="https://www.amazon.com/dp/B0CRGHFLT8?tag=eloabder-20&linkCode=osi&th=1&psc=1"><img src="https://m.media-amazon.com/images/I/41S1NLpb8hL._SL500_.jpg" alt="Product Image"></a><p>Watercolor Cards and Envelopes Set - 50 Folded 5x7 Inch Blank Heavyweight Paper Cards (140lb/300gsm) with Matching Envelopes for DIY Greeting Cards, Festivals, and Events</p><p>$17.99 ($0.36 / Count)</p><a href="https://www.amazon.com/dp/B0CRGHFLT8?tag=eloabder-20&linkCode=osi&th=1&psc=1">View Product</a></div><div class="product"><a href="https://www.amazon.com/dp/B08MX4TZ3H?tag=eloabder-20&linkCode=osi&th=1&psc=1"><img src="https://m.media-amazon.com/images/I/41D2u4vdLQL._SL500_.jpg" alt="Product Image"></a><p>50 Pack Blank Kraft Cards Cardstock Thick Paper Brown Greeting Cards for DIY Gift Card Menus, Baby Shower and Wedding Invitations (Multicolored, 5x7IN)</p><p>$8.99</p><a href="https://www.amazon.com/dp/B08MX4TZ3H?tag=eloabder-20&linkCode=osi&th=1&psc=1">View Product</a></div><div class="product"><a href="https://www.amazon.com/dp/B08BDGGVMK?tag=eloabder-20&linkCode=osi&th=1&psc=1"><img src="https://m.media-amazon.com/images/I/41W-dTUoBqL._SL500_.jpg" alt="Product Image"></a><p>100pcs 3.54"x2" Blank Kraft Paper Business Card, Words Message Notes paper Tags, Mini Craft Cardboard Festival gifts - 6 colors</p><p>$5.98</p><a href="https://www.amazon.com/dp/B08BDGGVMK?tag=eloabder-20&linkCode=osi&th=1&psc=1">View Product</a></div><div class="product"><a href="https://www.amazon.com/dp/B08BFDJJ78?tag=eloabder-20&linkCode=osi&th=1&psc=1"><img src="https://m.media-amazon.com/images/I/61LZ1Csb+dL._SL500_.jpg" alt="Product Image"></a><p>Nettbe 100pcs 3.54"x2" Blank Kraft Paper Business Card, Words Message Notes paper Tags, Mini Craft Cardboard Festival gifts</p><p>$5.99</p><a href="https://www.amazon.com/dp/B08BFDJJ78?tag=eloabder-20&linkCode=osi&th=1&psc=1">View Product</a></div><div class="product"><a href="https://www.amazon.com/dp/B07Q8YBJM3?tag=eloabder-20&linkCode=osi&th=1&psc=1"><img src="https://m.media-amazon.com/images/I/31w6U4cCqEL._SL500_.jpg" alt="Product Image"></a><p>Primbeeks 228pcs Blank Business Cards, Premium Blank White Cards, 3.5" x 2.2" Small Blank Cards, Blank Cardstock Cards, Small Note Cards, white blank cards, white business cards, kraft paper cards</p><p>$5.99</p><a href="https://www.amazon.com/dp/B07Q8YBJM3?tag=eloabder-20&linkCode=osi&th=1&psc=1">View Product</a></div><div class="product"><a href="https://www.amazon.com/dp/B08X4Z9TGN?tag=eloabder-20&linkCode=osi&th=1&psc=1"><img src="https://m.media-amazon.com/images/I/41Jqhe35tDL._SL500_.jpg" alt="Product Image"></a><p>321Done Blank Rustic Cards, Made in USA - 4x6 Thick, Heavy Cardstock - Make Invites, Greeting, Note, Thank You Cards - Plain Kraft for Writing, Stamping, Printing, Art - No Envelopes - Set of 50</p><p>$14.99</p><a href="https://www.amazon.com/dp/B08X4Z9TGN?tag=eloabder-20&linkCode=osi&th=1&psc=1">View Product</a></div><div class="product"><a href="https://www.amazon.com/dp/B0D2KDWBNM?tag=eloabder-20&linkCode=osi&th=1&psc=1"><img src="https://m.media-amazon.com/images/I/31dAhnBJ7aL._SL500_.jpg" alt="Product Image"></a><p>4x6 Blank White Cardstock (Set of 100) - Card Stock for Printer Postcards, Photo Paper Invitations, Greeting, Note, Thank You, DIY Making, Index Cards - Plain for Writing, Stamping, Printing, Art</p><p>$8.99</p><a href="https://www.amazon.com/dp/B0D2KDWBNM?tag=eloabder-20&linkCode=osi&th=1&psc=1">View Product</a></div><div class="product"><a href="https://www.amazon.com/dp/B0BB858RYN?tag=eloabder-20&linkCode=osi&th=1&psc=1"><img src="https://m.media-amazon.com/images/I/317zmriPKNL._SL500_.jpg" alt="Product Image"></a><p>WANDERINGS Handmade White Deckle Edge Blank Greeting Cards- Folded to 5x7” - Pack of 25 - Writers, Artists, Crafters - Thank Yous, Invitations, Menus, Greeting Cards, Notes - Thick 150 GSM</p><p>$21.99 ($0.88 / Count)</p><a href="https://www.amazon.com/dp/B0BB858RYN?tag=eloabder-20&linkCode=osi&th=1&psc=1">View Product</a></div><div class="product"><a href="https://www.amazon.com/dp/B0BZPPXRZW?tag=eloabder-20&linkCode=osi&th=1&psc=1"><img src="https://m.media-amazon.com/images/I/21Da-WQhrpL._SL500_.jpg" alt="Product Image"></a><p>100 Pack Thick Paper Cardstock Blank Heavy Cards Stock for Invitations, Greeting Cards Making, Postcards, Photos, 250GSM Thick Paper (White, 2x3.5 inches)</p><p>$5.99</p><a href="https://www.amazon.com/dp/B0BZPPXRZW?tag=eloabder-20&linkCode=osi&th=1&psc=1">View Product</a></div>
<div class="product"><a href="https://www.amazon.com/dp/B0BZRDQKH6?tag=eloabder-20&linkCode=osi&th=1&psc=1"><img src="https://m.media-amazon.com/images/I/41GYYRiusgL._SL500_.jpg" alt="Product Image"></a><p>feela 8 Pack Unlined Kraft Paper Notebooks, Blank Journal Note Pad for Drawing Writing, Small Sketchbook Travel Journal Bulk for Women Kids Students Office School Supplies, A5, 60 Pages, 8.3” X 5.5”</p><p>$9.99</p><a href="https://www.amazon.com/dp/B0BZRDQKH6?tag=eloabder-20&linkCode=osi&th=1&psc=1">View Product</a></div><div class="product"><a href="https://www.amazon.com/dp/B0BXLB74KK?tag=eloabder-20&linkCode=osi&th=1&psc=1"><img src="https://m.media-amazon.com/images/I/313vYzg7HpL._SL500_.jpg" alt="Product Image"></a><p>ZZTX 4 Pack Blank Kraft Notebooks, Blank Paper Sketchbooks for Drawing Doodling Writing,Travel Journal Set, A5, 36 Pages, 8.3” X 5.5”</p><p>$5.99</p><a href="https://www.amazon.com/dp/B0BXLB74KK?tag=eloabder-20&linkCode=osi&th=1&psc=1">View Product</a></div><div class="product"><a href="https://www.amazon.com/dp/B0BW5TNPXJ?tag=eloabder-20&linkCode=osi&th=1&psc=1"><img src="https://m.media-amazon.com/images/I/31Wu8UP78iL._SL500_.jpg" alt="Product Image"></a><p>EOOUT Kraft Notebooks, Blank Page Journals in Bulk, 16pcs A5, 8.3 X 5.5 Inches, 60 Pages, 80gsm, Travel Journal Set, for Art Camp, Travelers, Students and Office Supplies Sketchbooks Bulk for Kids</p><p>$15.99</p><a href="https://www.amazon.com/dp/B0BW5TNPXJ?tag=eloabder-20&linkCode=osi&th=1&psc=1">View Product</a></div><div class="product"><a href="https://www.amazon.com/dp/B08P3F46SD?tag=eloabder-20&linkCode=osi&th=1&psc=1"><img src="https://m.media-amazon.com/images/I/41jeBDcZJ1L._SL500_.jpg" alt="Product Image"></a><p>Krafty Soft Cover Blank Notebook Journal, Spiral Sketchbook Pad, Drawing Book, 60 Sheets/140gsm (A4)/120 Pages</p><p>$7.99</p><a href="https://www.amazon.com/dp/B08P3F46SD?tag=eloabder-20&linkCode=osi&th=1&psc=1">View Product</a></div><div class="product"><a href="https://www.amazon.com/dp/B0CWNPMC4T?tag=eloabder-20&linkCode=osi&th=1&psc=1"><img src="https://m.media-amazon.com/images/I/31BZeVGe6TL._SL500_.jpg" alt="Product Image"></a><p>zmybcpack 5 Pack Blank Journal Notebooks, Blank Paper Sketchbook for Drawing Writing, Travel Journal Notebook Kraft Paper Notebook for Travelers, Students, Office, A5, 8.26” x 5.5”, 60 Pages/30 Sheets</p><p>$8.99</p><a href="https://www.amazon.com/dp/B0CWNPMC4T?tag=eloabder-20&linkCode=osi&th=1&psc=1">View Product</a></div><div class="product"><a href="https://www.amazon.com/dp/B07WHYP9WN?tag=eloabder-20&linkCode=osi&th=1&psc=1"><img src="https://m.media-amazon.com/images/I/41ZhyCux1yL._SL500_.jpg" alt="Product Image"></a><p>Thick Blank Journal Notebook with Unlined / Unruled / Plain Pages | Deluxe 120gsm Ink Resistant Paper for Writing, Sketch Book, 160 Pages | Hardcover Sketchbook with Pen Holder, Pocket, Ribbon (Black)</p><p>$14.99</p><a href="https://www.amazon.com/dp/B07WHYP9WN?tag=eloabder-20&linkCode=osi&th=1&psc=1">View Product</a></div>
<div class="product"><a href="https://www.amazon.com/dp/B07MT7HKZW?tag=eloabder-20&linkCode=osi&th=1&psc=1"><img src="https://m.media-amazon.com/images/I/413JwH5JREL._SL500_.jpg" alt="Product Image"></a><p>Spiral Sketch Book Large Notebook（Built-in Drawing Board） Kraft Cover Blank Sketch Pad Wirebound Sketching for Drawing Painting 8.5x11-Inch (2 Pack) 200 Sheets, 100 Sheets, 200Pages Each</p><p>$17.99 ($9.00 / Count)</p><a href="https://www.amazon.com/dp/B07MT7HKZW?tag=eloabder-20&linkCode=osi&th=1&psc=1">View Product</a></div><div class="product"><a href="https://www.amazon.com/dp/B0BDQ82WB9?tag=eloabder-20&linkCode=osi&th=1&psc=1"><img src="https://m.media-amazon.com/images/I/51FoWr3GPwL._SL500_.jpg" alt="Product Image"></a><p>feela 170 Pack Blank Kraft Notebooks, Unlined Sketchbook Mini Cute Note Pad for Drawing Writing, Journal Bulk For Kids Students Office School Supplies, A6, 48 Pages, 4.25” X 5.5”, Black and Brown</p><p>$51.99</p><a href="https://www.amazon.com/dp/B0BDQ82WB9?tag=eloabder-20&linkCode=osi&th=1&psc=1">View Product</a></div><div class="product"><a href="https://www.amazon.com/dp/B0B3WWHWT2?tag=eloabder-20&linkCode=osi&th=1&psc=1"><img src="https://m.media-amazon.com/images/I/31m0FzXtPxL._SL500_.jpg" alt="Product Image"></a><p>Tamaki 6 Pack Colorful Blank Books for kids to Write, Drawing, Cute Sketchbook for Kid, 6 Colors (4.25 x 5.5 Inches)</p><p>$6.99</p><a href="https://www.amazon.com/dp/B0B3WWHWT2?tag=eloabder-20&linkCode=osi&th=1&psc=1">View Product</a></div>
<div class="product"><a href="https://www.amazon.com/dp/B0BGH2P9M6?tag=eloabder-20&linkCode=osi&th=1&psc=1"><img src="https://m.media-amazon.com/images/I/41ozOaYoHEL._SL500_.jpg" alt="Product Image"></a><p>EOOUT 100pcs A5 Kraft Notebooks, Blank Page Journals in Bulk, Sketchbooks Bulk for Kids, 60 Pages, 80GSM, 8.3 X 5.5 Inch, Travel Journal Set, for Art Camp, Travelers, Students and Office Supplies</p><p>$51.99</p><a href="https://www.amazon.com/dp/B0BGH2P9M6?tag=eloabder-20&linkCode=osi&th=1&psc=1">View Product</a></div><div class="product"><a href="https://www.amazon.com/dp/B07MT99F94?tag=eloabder-20&linkCode=osi&th=1&psc=1"><img src="https://m.media-amazon.com/images/I/41Ug7gpSWDL._SL500_.jpg" alt="Product Image"></a><p>Spiral Sketch Book Large Notebook（Built-in Drawing Board） Kraft Cover Blank Sketch Pad Wirebound Sketching for Drawing Painting 8.5x11-Inch (1 Pack) 200 Pages, 100 Sheets</p><p>$9.99</p><a href="https://www.amazon.com/dp/B07MT99F94?tag=eloabder-20&linkCode=osi&th=1&psc=1">View Product</a></div><div class="product"><a href="https://www.amazon.com/dp/B07CM32KLM?tag=eloabder-20&linkCode=osi&th=1&psc=1"><img src="https://m.media-amazon.com/images/I/41ENhBLE9DL._SL500_.jpg" alt="Product Image"></a><p>Kraft Cover Drawing Notebook & Sketchbook – Set of 2 Blank Plain Sketch Books – 125g Thick Paper A5 Size, 150x210mm Paper Ideal for Drawing & Sketching- 128 sheets/256 pages – 180 Degree Opening, 2pcs</p><p>$20.99 ($0.08 / Count)</p><a href="https://www.amazon.com/dp/B07CM32KLM?tag=eloabder-20&linkCode=osi&th=1&psc=1">View Product</a></div><div class="product"><a href="https://www.amazon.com/dp/B08ZLMLF7C?tag=eloabder-20&linkCode=osi&th=1&psc=1"><img src="https://m.media-amazon.com/images/I/41X-5yj83vL._SL500_.jpg" alt="Product Image"></a><p>BEECHMORE BOOKS Sketch Book, A4 8.5 x 11.5 inch Blank Sketchbook for Drawing, Paint and Draw, 156 Pages Thick Paper 160gsm, Hardcover Leather Art Notebook, Boxed for Gifts (Chestnut Brown)</p><p>$21.20</p><a href="https://www.amazon.com/dp/B08ZLMLF7C?tag=eloabder-20&linkCode=osi&th=1&psc=1">View Product</a></div>
<div class="product"><a href="https://www.amazon.com/dp/B075M9MSFH?tag=eloabder-20&linkCode=osi&th=1&psc=1"><img src="https://m.media-amazon.com/images/I/51x+szTX6TL._SL500_.jpg" alt="Product Image"></a><p>Bianyo Bleedproof Marker Paper Pad, A4(8.27"X11.69"), 50 Sheets, 18 LB / 70 GSM, Glue-Bound, 100% Cotton, White, Ideal for Use with Markers and Ink Mediums</p><p>$9.99</p><a href="https://www.amazon.com/dp/B075M9MSFH?tag=eloabder-20&linkCode=osi&th=1&psc=1">View Product</a></div><div class="product"><a href="https://www.amazon.com/dp/B08FX5S2NL?tag=eloabder-20&linkCode=osi&th=1&psc=1"><img src="https://m.media-amazon.com/images/I/41CA0ZfazKL._SL500_.jpg" alt="Product Image"></a><p>Marker Paper Sketchbook, Bleedproof Art Marker Pad, (8.27 X 11.69) Inch, White, 40 Sheets</p><p>$6.99</p><a href="https://www.amazon.com/dp/B08FX5S2NL?tag=eloabder-20&linkCode=osi&th=1&psc=1">View Product</a></div><div class="product"><a href="https://www.amazon.com/dp/B0CJRBFSJ8?tag=eloabder-20&linkCode=osi&th=1&psc=1"><img src="https://m.media-amazon.com/images/I/51DLA8TpwEL._SL500_.jpg" alt="Product Image"></a><p>Shuttle Art Marker Pad, 8.3”x8.9” Portable Square Sketchbook, 80 Sheets Marker Drawing Paper, 120LB/200GSM Bleedproof Art Paper, Spiral-Bound, Great for Professional Artist to Draw, Paint & Sketch</p><p>$16.99</p><a href="https://www.amazon.com/dp/B0CJRBFSJ8?tag=eloabder-20&linkCode=osi&th=1&psc=1">View Product</a></div><div class="product"><a href="https://www.amazon.com/dp/B09N7VX5Z5?tag=eloabder-20&linkCode=osi&th=1&psc=1"><img src="https://m.media-amazon.com/images/I/51xCPs9HZyL._SL500_.jpg" alt="Product Image"></a><p>Marker Paper Sketchbook - Marker Sketchbook with Bleedproof Smooth Coated Art Paper, 120 GSM 80 LBS - Marker Pad for Alcohol Markers, Sketching, Drawing - 8.11 x 8.5 Inch | 50 Sheets, 2 Pack</p><p>$15.99 ($8.00 / Count)</p><a href="https://www.amazon.com/dp/B09N7VX5Z5?tag=eloabder-20&linkCode=osi&th=1&psc=1">View Product</a></div><div class="product"><a href="https://www.amazon.com/dp/B07CK94W9T?tag=eloabder-20&linkCode=osi&th=1&psc=1"><img src="https://m.media-amazon.com/images/I/41ocoSNDjdL._SL500_.jpg" alt="Product Image"></a><p>BOXUN Premium 50 Sheets Sketch Marker Paper Pad, Bleedproof Artist Drawing Paper, 8.27 x 11.69 Inch</p><p>$8.29 ($0.17 / Count)</p><a href="https://www.amazon.com/dp/B07CK94W9T?tag=eloabder-20&linkCode=osi&th=1&psc=1">View Product</a></div><div class="product"><a href="https://www.amazon.com/dp/B0CPXWD11W?tag=eloabder-20&linkCode=osi&th=1&psc=1"><img src="https://m.media-amazon.com/images/I/51ApKzpDVNL._SL500_.jpg" alt="Product Image"></a><p>FEITAKE Marker Paper Pad Sketchbook Bleedproof for Alcohol Markers 120lb/200gsm Double Sided Thick Art Drawing Papers 60pages (30Sheets) / A4(8.3"x11.7") Gift for Artists Students Kids</p><p>$13.99 ($0.47 / Count)</p><a href="https://www.amazon.com/dp/B0CPXWD11W?tag=eloabder-20&linkCode=osi&th=1&psc=1">View Product</a></div><div class="product"><a href="https://www.amazon.com/dp/B0025TWYW6?tag=eloabder-20&linkCode=osi&th=1&psc=1"><img src="https://m.media-amazon.com/images/I/51t6UkUHCvL._SL500_.jpg" alt="Product Image"></a><p>Bee Paper Bleedproof Marker Pack, 8-1/2-Inch by 11-Inch, 50 Sheets per Pack</p><p>$17.09 ($0.34 / Count)</p><a href="https://www.amazon.com/dp/B0025TWYW6?tag=eloabder-20&linkCode=osi&th=1&psc=1">View Product</a></div><div class="product"><a href="https://www.amazon.com/dp/B0CJRBYYQB?tag=eloabder-20&linkCode=osi&th=1&psc=1"><img src="https://m.media-amazon.com/images/I/41knBnjZ25L._SL500_.jpg" alt="Product Image"></a><p>Shuttle Art Marker Pad, 8.3”x7.67” Portable Square Sketchbook, 50 Sheets Marker Drawing Paper, 60LB/90GSM Smooth Surface Bleedproof Art Paper, Glue-Bound, Great for Beginners to Draw, Paint & Sketch</p><p>$8.99 ($0.18 / Count)</p><a href="https://www.amazon.com/dp/B0CJRBYYQB?tag=eloabder-20&linkCode=osi&th=1&psc=1">View Product</a></div>
<div class="product"><a href="https://www.amazon.com/dp/B00881IU8M?tag=eloabder-20&linkCode=osi&th=1&psc=1"><img src="https://m.media-amazon.com/images/I/41hbSgdLBtL._SL500_.jpg" alt="Product Image"></a><p>Speedball Fabric & Paper Block Printing Ink 6-Color Set, 1.25-Ounce x 6</p><p>$28.99 ($28.99 / Count)</p><a href="https://www.amazon.com/dp/B00881IU8M?tag=eloabder-20&linkCode=osi&th=1&psc=1">View Product</a></div><div class="product"><a href="https://www.amazon.com/dp/B000J09PFM?tag=eloabder-20&linkCode=osi&th=1&psc=1"><img src="https://m.media-amazon.com/images/I/51yPRc4nvoL._SL500_.jpg" alt="Product Image"></a><p>Speedball Water-Soluble Block Printing Ink Starter Set, 6 Bold Colors with Satin Finish, 1.25-Ounce Tubes</p><p>$29.99 ($4.00 / Fl Oz)</p><a href="https://www.amazon.com/dp/B000J09PFM?tag=eloabder-20&linkCode=osi&th=1&psc=1">View Product</a></div><div class="product"><a href="https://www.amazon.com/dp/B000BYT24U?tag=eloabder-20&linkCode=osi&th=1&psc=1"><img src="https://m.media-amazon.com/images/I/51pDlo+LlKL._SL500_.jpg" alt="Product Image"></a><p>Speedball Water-Soluble Block Printing Ink, 8-Ounce Jar, Black</p><p>$14.49</p><a href="https://www.amazon.com/dp/B000BYT24U?tag=eloabder-20&linkCode=osi&th=1&psc=1">View Product</a></div><div class="product"><a href="https://www.amazon.com/dp/B00C1JUJWW?tag=eloabder-20&linkCode=osi&th=1&psc=1"><img src="https://m.media-amazon.com/images/I/41zDtJ6f5hL._SL500_.jpg" alt="Product Image"></a><p>Speedball Fabric Block Printing Ink, 2.5-Ounce, Black</p><p>$9.99 ($4.00 / Fl Oz)</p><a href="https://www.amazon.com/dp/B00C1JUJWW?tag=eloabder-20&linkCode=osi&th=1&psc=1">View Product</a></div><div class="product"><a href="https://www.amazon.com/dp/B004PZ1ZJG?tag=eloabder-20&linkCode=osi&th=1&psc=1"><img src="https://m.media-amazon.com/images/I/41+GkhhpR5L._SL500_.jpg" alt="Product Image"></a><p>Speedball Water-Soluble Block Printing Ink Starter Set, 4-Color Set, 1.25-Ounce Tubes</p><p>$20.99</p><a href="https://www.amazon.com/dp/B004PZ1ZJG?tag=eloabder-20&linkCode=osi&th=1&psc=1">View Product</a></div><div class="product"><a href="https://www.amazon.com/dp/B0017CZF3C?tag=eloabder-20&linkCode=osi&th=1&psc=1"><img src="https://m.media-amazon.com/images/I/41S17SYPAZL._SL500_.jpg" alt="Product Image"></a><p>Speedball Water Soluble Block Printing Ink, Black, 2-1/2 Ounces - 380663</p><p>$9.99</p><a href="https://www.amazon.com/dp/B0017CZF3C?tag=eloabder-20&linkCode=osi&th=1&psc=1">View Product</a></div><div class="product"><a href="https://www.amazon.com/dp/B0BXNX8FSH?tag=eloabder-20&linkCode=osi&th=1&psc=1"><img src="https://m.media-amazon.com/images/I/51JGm1VxVOL._SL500_.jpg" alt="Product Image"></a><p>Falling in Art Water-Soluble Block Printing Ink, 6-Color Printmaking Ink Set for Linoleum Block, 3.5 floz</p><p>$28.99</p><a href="https://www.amazon.com/dp/B0BXNX8FSH?tag=eloabder-20&linkCode=osi&th=1&psc=1">View Product</a></div><div class="product"><a href="https://www.amazon.com/dp/B0027ACJBO?tag=eloabder-20&linkCode=osi&th=1&psc=1"><img src="https://m.media-amazon.com/images/I/41OzayB9ojL._SL500_.jpg" alt="Product Image"></a><p>Speedball 3476 Oil-Based Block Printing Ink Starter Set for Professional, Permanent Prints AP Certified – 1.25 FL OZ Tubes</p><p>$33.99</p><a href="https://www.amazon.com/dp/B0027ACJBO?tag=eloabder-20&linkCode=osi&th=1&psc=1">View Product</a></div>
<div class="product"><a href="https://www.amazon.com/dp/B0027AGDWK?tag=eloabder-20&linkCode=osi&th=1&psc=1"><img src="https://m.media-amazon.com/images/I/515LDer6GPL._SL500_.jpg" alt="Product Image"></a><p>Speedball Deluxe Block Printing Kit - Includes Inks, Brayer, Bench Hook, Lino Handle and Cutters, Speedy-Carve Block, Mounted Linoleum Block</p><p>$59.99</p><a href="https://www.amazon.com/dp/B0027AGDWK?tag=eloabder-20&linkCode=osi&th=1&psc=1">View Product</a></div><div class="product"><a href="https://www.amazon.com/dp/B07ZJBZN5S?tag=eloabder-20&linkCode=osi&th=1&psc=1"><img src="https://m.media-amazon.com/images/I/41UbN58y9uS._SL500_.jpg" alt="Product Image"></a><p>SGHUO 12pcs 4"x6" Pink Rubber Carving Blocks Linoleum Block Stamp Making Kit</p><p>$22.99 ($1.92 / Count)</p><a href="https://www.amazon.com/dp/B07ZJBZN5S?tag=eloabder-20&linkCode=osi&th=1&psc=1">View Product</a></div>
<div class="product"><a href="https://www.amazon.com/dp/B00L2DYUM8?tag=eloabder-20&linkCode=osi&th=1&psc=1"><img src="https://m.media-amazon.com/images/I/51l5FZ0+5AL._SL500_.jpg" alt="Product Image"></a><p>Strathmore 300 Series Printmaking Paper Pad, Glue Bound, 5x7 inches, 40 Sheets (120g) - Artist Paper for Adults and Students - Block Printing, Linocut, Screen Printing, White</p><p>$7.26</p><a href="https://www.amazon.com/dp/B00L2DYUM8?tag=eloabder-20&linkCode=osi&th=1&psc=1">View Product</a></div><div class="product"><a href="https://www.amazon.com/dp/B07BSYS5XC?tag=eloabder-20&linkCode=osi&th=1&psc=1"><img src="https://m.media-amazon.com/images/I/51Uwfq0jv+L._SL500_.jpg" alt="Product Image"></a><p>Ucreate Printmaking Paper, 9"x12", White, 100 Sheet, P9001</p><p>$9.79</p><a href="https://www.amazon.com/dp/B07BSYS5XC?tag=eloabder-20&linkCode=osi&th=1&psc=1">View Product</a></div><div class="product"><a href="https://www.amazon.com/dp/B00K5562WA?tag=eloabder-20&linkCode=osi&th=1&psc=1"><img src="https://m.media-amazon.com/images/I/51Dm+TeJGdL._SL500_.jpg" alt="Product Image"></a><p>Strathmore Printmaking Paper Pad 8"X10"-20 Sheets -62433800, White</p><p>$10.19</p><a href="https://www.amazon.com/dp/B00K5562WA?tag=eloabder-20&linkCode=osi&th=1&psc=1">View Product</a></div><div class="product"><a href="https://www.amazon.com/dp/B001DNH8I0?tag=eloabder-20&linkCode=osi&th=1&psc=1"><img src="https://m.media-amazon.com/images/I/51UzoKdUojL._SL500_.jpg" alt="Product Image"></a><p>Black Ink 9-Inch by 12-Inch Bleached Mulberry Block Printing Paper, 25-Pack</p><p>$19.35 ($0.77 / Count)</p><a href="https://www.amazon.com/dp/B001DNH8I0?tag=eloabder-20&linkCode=osi&th=1&psc=1">View Product</a></div><div class="product"><a href="https://www.amazon.com/dp/B00C6G6L5Y?tag=eloabder-20&linkCode=osi&th=1&psc=1"><img src="https://m.media-amazon.com/images/I/5103h0Rm8sL._SL500_.jpg" alt="Product Image"></a><p>Black Ink Thai Mulberry Block Printing Paper Packs small assorted colors</p><p>$21.99</p><a href="https://www.amazon.com/dp/B00C6G6L5Y?tag=eloabder-20&linkCode=osi&th=1&psc=1">View Product</a></div>
<div class="product"><a href="https://www.amazon.com/dp/B003IG27OK?tag=eloabder-20&linkCode=osi&th=1&psc=1"><img src="https://m.media-amazon.com/images/I/416NUaYo1DL._SL500_.jpg" alt="Product Image"></a><p>Speedball Block Printing Baren - Comfortable Wooden Handle, Made in the USA - 4 Inches</p><p>$29.49</p><a href="https://www.amazon.com/dp/B003IG27OK?tag=eloabder-20&linkCode=osi&th=1&psc=1">View Product</a></div>
<div class="product"><a href="https://www.amazon.com/dp/B0CMZYY8CJ?tag=eloabder-20&linkCode=osi&th=1&psc=1"><img src="https://m.media-amazon.com/images/I/41TifSIP7SL._SL500_.jpg" alt="Product Image"></a><p>Ecoofor Blotting Paper for Flower Press, 20 Sheets Highly Absorbent and Reusable Blotter Paper for Flower Press Paper Craft 9 x 9 inch</p><p>$9.99</p><a href="https://www.amazon.com/dp/B0CMZYY8CJ?tag=eloabder-20&linkCode=osi&th=1&psc=1">View Product</a></div><div class="product"><a href="https://www.amazon.com/dp/B0CYRT3RM4?tag=eloabder-20&linkCode=osi&th=1&psc=1"><img src="https://m.media-amazon.com/images/I/31+qvVq3giL._SL500_.jpg" alt="Product Image"></a><p>Hygge & Sage Premium Natural Fiber Blotting Paper for Flower Press Art; 20 Large Sheets for a Press up to 8x11 Inches; Absorbent, Versatile, and Acid-Free Reusable Blotter Paper for Flower Pressing</p><p>$9.50 ($0.48 / Count)</p><a href="https://www.amazon.com/dp/B0CYRT3RM4?tag=eloabder-20&linkCode=osi&th=1&psc=1">View Product</a></div><div class="product"><a href="https://www.amazon.com/dp/B0D41GDLHM?tag=eloabder-20&linkCode=osi&th=1&psc=1"><img src="https://m.media-amazon.com/images/I/41LIF5dHXaL._SL500_.jpg" alt="Product Image"></a><p>Aboofx 20 Sheets Blotting Paper for Flower Press, 15" x 10" Extra Large Highly Absorbent Blotter Paper for Flower Press Reusable Herbarium Paper Craft Blotter Paper Sheets</p><p>$19.99</p><a href="https://www.amazon.com/dp/B0D41GDLHM?tag=eloabder-20&linkCode=osi&th=1&psc=1">View Product</a></div><div class="product"><a href="https://www.amazon.com/dp/B0CQMMYSBR?tag=eloabder-20&linkCode=osi&th=1&psc=1"><img src="https://m.media-amazon.com/images/I/413SlUi6IDL._SL500_.jpg" alt="Product Image"></a><p>Wisreach Blotting Paper for Flower Press, 20 Sheets Flower Press Paper Highly Absorbent and Reusable Blotter Paper for Flower Art A4 Size 8.26 x 11.4 inch</p><p>$9.99</p><a href="https://www.amazon.com/dp/B0CQMMYSBR?tag=eloabder-20&linkCode=osi&th=1&psc=1">View Product</a></div><div class="product"><a href="https://www.amazon.com/dp/B093FQ22PG?tag=eloabder-20&linkCode=osi&th=1&psc=1"><img src="https://m.media-amazon.com/images/I/41B2jXhe+QL._SL500_.jpg" alt="Product Image"></a><p>Blotting Paper for Flower Press by Berstuk® • Large A4 Flower Press Paper • Highly Absorbent and Reusable Herbarium Paper • Pack of 10 Blotter Paper Sheets</p><p>$6.99 ($69.90 / 100 Sheets)</p><a href="https://www.amazon.com/dp/B093FQ22PG?tag=eloabder-20&linkCode=osi&th=1&psc=1">View Product</a></div><div class="product"><a href="https://www.amazon.com/dp/B0C6PW4VGB?tag=eloabder-20&linkCode=osi&th=1&psc=1"><img src="https://m.media-amazon.com/images/I/21C64VB3iVL._SL500_.jpg" alt="Product Image"></a><p>PATIKIL 16"x12" Flower Press Paper, 1 Set/30 Sheet Refill Lining Blotter Paper Absorbent Reusable Blotting Paper for DIY Art Handicraft Scrapbook</p><p>$11.19</p><a href="https://www.amazon.com/dp/B0C6PW4VGB?tag=eloabder-20&linkCode=osi&th=1&psc=1">View Product</a></div><div class="product"><a href="https://www.amazon.com/dp/B0C6PTK915?tag=eloabder-20&linkCode=osi&th=1&psc=1"><img src="https://m.media-amazon.com/images/I/21UviFCGjtL._SL500_.jpg" alt="Product Image"></a><p>PATIKIL 12"x8" Flower Press Paper, 2 Set/60 Sheet Refill Lining Blotter Paper Absorbent Reusable Blotting Paper for DIY Art Handicraft Scrapbook</p><p>$13.69</p><a href="https://www.amazon.com/dp/B0C6PTK915?tag=eloabder-20&linkCode=osi&th=1&psc=1">View Product</a></div><div class="product"><a href="https://www.amazon.com/dp/B0CDJZ4MD7?tag=eloabder-20&linkCode=osi&th=1&psc=1"><img src="https://m.media-amazon.com/images/I/41iwkW+QQOL._SL500_.jpg" alt="Product Image"></a><p>30 PCS Blotting Paper for Flower Press Large A4 Flower Press Paper Highly Absorbent and Reusable Blotter Paper Refill Lining Paper for Flower Press Art Craft Scrapbook Making, 11.8 x 7.9 Inches Blue</p><p>$9.99</p><a href="https://www.amazon.com/dp/B0CDJZ4MD7?tag=eloabder-20&linkCode=osi&th=1&psc=1">View Product</a></div>

<div class="product"><a href="https://www.amazon.com/dp/B0D2T4F1DZ?tag=eloabder-20&linkCode=osi&th=1&psc=1"><img src="https://m.media-amazon.com/images/I/41KNcatyBWL._SL500_.jpg" alt="Product Image"></a><p>10pcs Book Cloth,14”x10”,Fabric Surface and Paper Backed, book cloth for book binding,book binding fabric,5 Colors Bookbinding Cloth for DIY fabric book cover,bookbinding paper (Style B)</p><p>$9.99</p><a href="https://www.amazon.com/dp/B0D2T4F1DZ?tag=eloabder-20&linkCode=osi&th=1&psc=1">View Product</a></div><div class="product"><a href="https://www.amazon.com/dp/B0CMD2LWR8?tag=eloabder-20&linkCode=osi&th=1&psc=1"><img src="https://m.media-amazon.com/images/I/31QVUZVSB+L._SL500_.jpg" alt="Product Image"></a><p>Mozeat Lens 33 ft Bookbinding Tape Book Tape Repair Book Binding Tape Cloth Book Repair Kit 2 Inch Wide Book Spine Tape Cloth Bookbinding Repair Tape White Book Tape for Reinforcing Book Spine Tape</p><p>$7.99</p><a href="https://www.amazon.com/dp/B0CMD2LWR8?tag=eloabder-20&linkCode=osi&th=1&psc=1">View Product</a></div><div class="product"><a href="https://www.amazon.com/dp/B0D1KC168C?tag=eloabder-20&linkCode=osi&th=1&psc=1"><img src="https://m.media-amazon.com/images/I/31wWgk-1V4L._SL500_.jpg" alt="Product Image"></a><p>AKONEGE Book Cloth for Book Binding 35 x 16 Inch Fabric Surface and Paper Backed, Strong, Easy to Use, Fabric Materials Bookbinding Supplies Bookcloth for Scrapbooking Album DIY Crafts, Black</p><p>$9.99</p><a href="https://www.amazon.com/dp/B0D1KC168C?tag=eloabder-20&linkCode=osi&th=1&psc=1">View Product</a></div><div class="product"><a href="https://www.amazon.com/dp/B0BC48CCWW?tag=eloabder-20&linkCode=osi&th=1&psc=1"><img src="https://m.media-amazon.com/images/I/41vTc+L-XyL._SL500_.jpg" alt="Product Image"></a><p>Wooqu Book Cloth, Fabric Surface and Paper Backed, Easy to Use, Strong, 17x29”, for Book Binding, Dark Green</p><p>$13.99</p><a href="https://www.amazon.com/dp/B0BC48CCWW?tag=eloabder-20&linkCode=osi&th=1&psc=1">View Product</a></div><div class="product"><a href="https://www.amazon.com/dp/B00W3S7LU4?tag=eloabder-20&linkCode=osi&th=1&psc=1"><img src="https://m.media-amazon.com/images/I/41mUL1LmSHS._SL500_.jpg" alt="Product Image"></a><p>BookGuard 2 inch Premium Bookbinding Repair Cloth Tape, 15 Yard Roll Burgundy</p><p>$14.95</p><a href="https://www.amazon.com/dp/B00W3S7LU4?tag=eloabder-20&linkCode=osi&th=1&psc=1">View Product</a></div>

<div class="product"><a href="https://www.amazon.com/dp/B08217DGL7?tag=eloabder-20&linkCode=osi&th=1&psc=1"><img src="https://m.media-amazon.com/images/I/51Gy-qfph7L._SL500_.jpg" alt="Product Image"></a><p>24 Colors Waxed Thread, Leather Sewing Thread,Hand Stitching Thread for Hand Sewing Leather and Bookbinding, 13Yards Per Color</p><p>$11.99 ($0.01 / Foot)</p><a href="https://www.amazon.com/dp/B08217DGL7?tag=eloabder-20&linkCode=osi&th=1&psc=1">View Product</a></div><div class="product"><a href="https://www.amazon.com/dp/B08GCHJ3FP?tag=eloabder-20&linkCode=osi&th=1&psc=1"><img src="https://m.media-amazon.com/images/I/41TK-XNxTFL._SL500_.jpg" alt="Product Image"></a><p>FANDOL 100% Natural Linen Thread Waxed thread for Bookbingding, Leather Sewing, Beading or Macrame (Natural)</p><p>$14.98</p><a href="https://www.amazon.com/dp/B08GCHJ3FP?tag=eloabder-20&linkCode=osi&th=1&psc=1">View Product</a></div><div class="product"><a href="https://www.amazon.com/dp/B0025U108E?tag=eloabder-20&linkCode=osi&th=1&psc=1"><img src="https://m.media-amazon.com/images/I/4172yrURiVL._SL500_.jpg" alt="Product Image"></a><p>Books by Hand Linen Thread, Archival Quality Natural Unbleached and Unwaxed, 50 Yards 35/3 Gauge, Ideal for Bookbinding and Sewing Signatures</p><p>$9.47</p><a href="https://www.amazon.com/dp/B0025U108E?tag=eloabder-20&linkCode=osi&th=1&psc=1">View Product</a></div><div class="product"><a href="https://www.amazon.com/dp/B08S78KLRN?tag=eloabder-20&linkCode=osi&th=1&psc=1"><img src="https://m.media-amazon.com/images/I/413NGMtJdrL._SL500_.jpg" alt="Product Image"></a><p>Jupean Waxed Thread, 150m /164Yards Beige Leather Waxed Thread, Leather Sewing Thread, Hand Stitching Thread for Hand Sewing Leather, Bookbinding, and Beginners Leather Craft DIY</p><p>$6.49 ($0.01 / Foot)</p><a href="https://www.amazon.com/dp/B08S78KLRN?tag=eloabder-20&linkCode=osi&th=1&psc=1">View Product</a></div><div class="product"><a href="https://www.amazon.com/dp/B015D9E6UM?tag=eloabder-20&linkCode=osi&th=1&psc=1"><img src="https://m.media-amazon.com/images/I/51VnWPI+Q5L._SL500_.jpg" alt="Product Image"></a><p>Lineco, Natural Waxed Linen Thread 20 Yards, Books by Hand Natural, Black, Brown Color for Sewing, Bookbinding (3/Pkg)</p><p>$13.77</p><a href="https://www.amazon.com/dp/B015D9E6UM?tag=eloabder-20&linkCode=osi&th=1&psc=1">View Product</a></div>
<div class="product"><a href="https://www.amazon.com/dp/B0CMD53C1C?tag=eloabder-20&linkCode=osi&th=1&psc=1"><img src="https://m.media-amazon.com/images/I/31dU4wqS0rL._SL500_.jpg" alt="Product Image"></a><p>5-in-1 Bookbinding Kit,Book Cover Guide, Bookbinding Cover Tool, Stainless Steel Book Binding Kit, Bookbinding Ruler, Scrapbooking Tools for Making Book Cover Chipboard Covers Album Planner</p><p>$7.88</p><a href="https://www.amazon.com/dp/B0CMD53C1C?tag=eloabder-20&linkCode=osi&th=1&psc=1">View Product</a></div>
<div class="product"><a href="https://www.amazon.com/dp/B007TIEG6U?tag=eloabder-20&linkCode=osi&th=1&psc=1"><img src="https://m.media-amazon.com/images/I/31d6r6R5lGL._SL500_.jpg" alt="Product Image"></a><p>Handy Art Empty 2 ounce Marker Bottle, Dauber Tip and Cap, 12-Each (900-003) , White</p><p>$23.12 ($1.93 / Count)</p><a href="https://www.amazon.com/dp/B007TIEG6U?tag=eloabder-20&linkCode=osi&th=1&psc=1">View Product</a></div>
<div class="product"><a href="https://www.amazon.com/dp/B07YDNKSH6?tag=eloabder-20&linkCode=osi&th=1&psc=1"><img src="https://m.media-amazon.com/images/I/41JGrHa7mSL._SL500_.jpg" alt="Product Image"></a><p>4-Inch Rubber Brayer Roller for Printmaking, Great for Gluing Application Also. (Original Version)</p><p>$6.99</p><a href="https://www.amazon.com/dp/B07YDNKSH6?tag=eloabder-20&linkCode=osi&th=1&psc=1">View Product</a></div>
<div class="product"><a href="https://www.amazon.com/dp/B005U7BNPE?tag=eloabder-20&linkCode=osi&th=1&psc=1"><img src="https://m.media-amazon.com/images/I/418YfTClSxL._SL500_.jpg" alt="Product Image"></a><p>Apple Barrel Acrylic Paint in Assorted Colors (2 oz), 20513, Bright Yellow</p><p>$0.58 ($0.29 / Fl Oz)</p><a href="https://www.amazon.com/dp/B005U7BNPE?tag=eloabder-20&linkCode=osi&th=1&psc=1">View Product</a></div><div class="product"><a href="https://www.amazon.com/dp/B099DWCRZ5?tag=eloabder-20&linkCode=osi&th=1&psc=1"><img src="https://m.media-amazon.com/images/I/41rr5hT-8TL._SL500_.jpg" alt="Product Image"></a><p>milo Fluorescent Acrylic Paint Set of 6 Colors | 4 oz Bottles | Student Neon Colors Acrylics Painting Pack | Made in the USA | Non-Toxic Art & Craft Paints for Artists, Kids, & Hobby Painters</p><p>$22.90 ($0.95 / Fl Oz)</p><a href="https://www.amazon.com/dp/B099DWCRZ5?tag=eloabder-20&linkCode=osi&th=1&psc=1">View Product</a></div><div class="product"><a href="https://www.amazon.com/dp/B07ZPPPWPL?tag=eloabder-20&linkCode=osi&th=1&psc=1"><img src="https://m.media-amazon.com/images/I/51Vqk2rrZwL._SL500_.jpg" alt="Product Image"></a><p>Apple Barrel, Pastel Dreams & Vivid Wonders Collection Acrylic Craft Paint, PROMOTCK, 2 fl oz each, 18 assorted matte colors, 18 count</p><p>$22.66 ($0.63 / Fl Oz)</p><a href="https://www.amazon.com/dp/B07ZPPPWPL?tag=eloabder-20&linkCode=osi&th=1&psc=1">View Product</a></div><div class="product"><a href="https://www.amazon.com/dp/B0CKQR52XC?tag=eloabder-20&linkCode=osi&th=1&psc=1"><img src="https://m.media-amazon.com/images/I/51WTPlhN2WL._SL500_.jpg" alt="Product Image"></a><p>ARTME Glow in The Dark Paint, 10 Bright Colors 60ml/2oz Blacklight Paint Set, Neon Craft Paint, Acrylic Glow Fluorescent Paint Perfect for Art Painting, DIY projects, Halloween and Christmas</p><p>$23.99 ($1.20 / Fl Oz)</p><a href="https://www.amazon.com/dp/B0CKQR52XC?tag=eloabder-20&linkCode=osi&th=1&psc=1">View Product</a></div><div class="product"><a href="https://www.amazon.com/dp/B09XXHBL3Y?tag=eloabder-20&linkCode=osi&th=1&psc=1"><img src="https://m.media-amazon.com/images/I/51taBeDdeIL._SL500_.jpg" alt="Product Image"></a><p>Fantastory Glow in the Dark Acrylic Paint, 10 Extra Bright Colors, 30ml/1oz Waterproof Glow in Dark Paint,Indoor Outdoor Blacklight Paint for Kids,Adults, Rocks,Walls,Halloween,Craft &Fabric</p><p>$9.99 ($1.00 / Fl Oz)</p><a href="https://www.amazon.com/dp/B09XXHBL3Y?tag=eloabder-20&linkCode=osi&th=1&psc=1">View Product</a></div><div class="product"><a href="https://www.amazon.com/dp/B0BS3JM8ZR?tag=eloabder-20&linkCode=osi&th=1&psc=1"><img src="https://m.media-amazon.com/images/I/51S8FteGgPL._SL500_.jpg" alt="Product Image"></a><p>Acrylic Paint, Shuttle Art 24 Colors Acrylic Paint Bottle Set, 250ml/8.45oz Each, Rich Pigments, High Viscosity, Bulk Paint for Artists, Beginners and Kids Painting on Rocks Crafts Canvas Wood Ceramic</p><p>$49.99 ($0.25 / Fl Oz)</p><a href="https://www.amazon.com/dp/B0BS3JM8ZR?tag=eloabder-20&linkCode=osi&th=1&psc=1">View Product</a></div><div class="product"><a href="https://www.amazon.com/dp/B00CIW3EDI?tag=eloabder-20&linkCode=osi&th=1&psc=1"><img src="https://m.media-amazon.com/images/I/41PMnxyBo5L._SL500_.jpg" alt="Product Image"></a><p>FolkArt Multi-Surface Acrylic Paint in Assorted Colors (2 oz), 2896, Bright Pink</p><p>$1.47 ($0.74 / Fl Oz)</p><a href="https://www.amazon.com/dp/B00CIW3EDI?tag=eloabder-20&linkCode=osi&th=1&psc=1">View Product</a></div><div class="product"><a href="https://www.amazon.com/dp/B085ZB5ZK9?tag=eloabder-20&linkCode=osi&th=1&psc=1"><img src="https://m.media-amazon.com/images/I/51nmRq1eicL._SL500_.jpg" alt="Product Image"></a><p>FolkArt 4 Bottle Multi-Surface Acrylic Paint Set, 2oz, Neon Blacklight Colors</p><p>$8.12 ($1.02 / Fl Oz)</p><a href="https://www.amazon.com/dp/B085ZB5ZK9?tag=eloabder-20&linkCode=osi&th=1&psc=1">View Product</a></div><div class="product"><a href="https://www.amazon.com/dp/B08N585VN5?tag=eloabder-20&linkCode=osi&th=1&psc=1"><img src="https://m.media-amazon.com/images/I/51nwFBdxwVL._SL500_.jpg" alt="Product Image"></a><p>Acrylic Paint Set Value Pack of 12 Colors | Craft Painting Kit with 2 oz Squeeze Bottles for Beginners, Artists, Professionals | Non-Toxic Water Based Paints for Canvas, Paper, Wood | Bright Hues</p><p>$11.99 ($0.50 / Fl Oz)</p><a href="https://www.amazon.com/dp/B08N585VN5?tag=eloabder-20&linkCode=osi&th=1&psc=1">View Product</a></div>
<div class="product"><a href="https://www.amazon.com/dp/B0009RRT9Y?tag=eloabder-20&linkCode=osi&th=1&psc=1"><img src="https://m.media-amazon.com/images/I/51ZhyYPOB5L._SL500_.jpg" alt="Product Image"></a><p>General Pencil Company The Masters Brush Cleaner & Preserver 2.5 0z.</p><p>$12.00</p><a href="https://www.amazon.com/dp/B0009RRT9Y?tag=eloabder-20&linkCode=osi&th=1&psc=1">View Product</a></div><div class="product"><a href="https://www.amazon.com/dp/B00F38YVQS?tag=eloabder-20&linkCode=osi&th=1&psc=1"><img src="https://m.media-amazon.com/images/I/51yjmSTzzML._SL500_.jpg" alt="Product Image"></a><p>B & J Original Brush Cleaner - 2.5 Oz/12ct Display</p><p>$12.77</p><a href="https://www.amazon.com/dp/B00F38YVQS?tag=eloabder-20&linkCode=osi&th=1&psc=1">View Product</a></div><div class="product"><a href="https://www.amazon.com/dp/B004BN7QQ8?tag=eloabder-20&linkCode=osi&th=1&psc=1"><img src="https://m.media-amazon.com/images/I/31fEWB-h4VL._SL500_.jpg" alt="Product Image"></a><p>Winsor & Newton Brush Cleaner & Restorer, 16.0-oz Bottle</p><p>$21.87 ($1.37 / Fl Oz)</p><a href="https://www.amazon.com/dp/B004BN7QQ8?tag=eloabder-20&linkCode=osi&th=1&psc=1">View Product</a></div><div class="product"><a href="https://www.amazon.com/dp/B09NCHL2LM?tag=eloabder-20&linkCode=osi&th=1&psc=1"><img src="https://m.media-amazon.com/images/I/31UzwasdL6L._SL500_.jpg" alt="Product Image"></a><p>U.S. Art Supply Brush Cleaner and Restorer, 4 Ounce Bottle - Quickly Cleans Paint Brushes, Airbrushes, Art Tools - Cleaning Solution to Remove Dried On Acrylic, Oil and Water-Based Paint Colors</p><p>$8.99 ($2.25 / Fl Oz)</p><a href="https://www.amazon.com/dp/B09NCHL2LM?tag=eloabder-20&linkCode=osi&th=1&psc=1">View Product</a></div><div class="product"><a href="https://www.amazon.com/dp/B09J8L55SK?tag=eloabder-20&linkCode=osi&th=1&psc=1"><img src="https://m.media-amazon.com/images/I/41qgWS2nSsL._SL500_.jpg" alt="Product Image"></a><p>Green Piece® Paint Brush Cleaner and Restorer for Art Paint Brushes - 100% Natural - Non-Toxic - Wet or Dry Paint - No Chemicals - Oil or Acrylic Paints, Wood and Metal - Amazing Power - 18 Oz</p><p>$19.88</p><a href="https://www.amazon.com/dp/B09J8L55SK?tag=eloabder-20&linkCode=osi&th=1&psc=1">View Product</a></div><div class="product"><a href="https://www.amazon.com/dp/B0027A79I2?tag=eloabder-20&linkCode=osi&th=1&psc=1"><img src="https://m.media-amazon.com/images/I/31J6S+mCjuL._SL500_.jpg" alt="Product Image"></a><p>Pink Soap 12-Ounce Paint Brush Cleaner and Conditioner, Solution Cleans and Restores, Removes Dried Paint on Airbrushes and Other Artist Tools & Supplies</p><p>$15.49 ($1.29 / Fl Oz)</p><a href="https://www.amazon.com/dp/B0027A79I2?tag=eloabder-20&linkCode=osi&th=1&psc=1">View Product</a></div><div class="product"><a href="https://www.amazon.com/dp/B0027AEANE?tag=eloabder-20&linkCode=osi&th=1&psc=1"><img src="https://m.media-amazon.com/images/I/51bHOLU1pVL._SL500_.jpg" alt="Product Image"></a><p>General Pencil General 105-BP Pencil Masters Brush Cleaner & Preserver, 1 Pack, Clear</p><p>$9.99 ($4.00 / Ounce)</p><a href="https://www.amazon.com/dp/B0027AEANE?tag=eloabder-20&linkCode=osi&th=1&psc=1">View Product</a></div>

<div class="product"><a href="https://www.amazon.com/dp/B00N9UUWLA?tag=eloabder-20&linkCode=osi&th=1&psc=1"><img src="https://m.media-amazon.com/images/I/41be4n09wZL._SL500_.jpg" alt="Product Image"></a><p>Pentel Arts Portable Pocket Brush Pen (Medium Point), 1Pen & 2Refills</p><p>$7.00</p><a href="https://www.amazon.com/dp/B00N9UUWLA?tag=eloabder-20&linkCode=osi&th=1&psc=1">View Product</a></div><div class="product"><a href="https://www.amazon.com/dp/B07DQ4292Y?tag=eloabder-20&linkCode=osi&th=1&psc=1"><img src="https://m.media-amazon.com/images/I/41-kgHpaPvL._SL500_.jpg" alt="Product Image"></a><p>Tombow 62039 Fudenosuke Brush Pens, 3-Pack. Soft, Hard, and Twin Tip Markers for Calligraphy and Art Drawings</p><p>$7.59 ($2.53 / Count)</p><a href="https://www.amazon.com/dp/B07DQ4292Y?tag=eloabder-20&linkCode=osi&th=1&psc=1">View Product</a></div><div class="product"><a href="https://www.amazon.com/dp/B0995FNMKW?tag=eloabder-20&linkCode=osi&th=1&psc=1"><img src="https://m.media-amazon.com/images/I/51kpGsTNvlL._SL500_.jpg" alt="Product Image"></a><p>WRITECH Arts Sign Brush Pen Brush Tip Marker Felt Tip Water Based Ink Color Pens 12 Assorted Vintage Colors Great for Lettering Journaling Calligraphy (Vintage)</p><p>$13.99 ($1.17 / Count)</p><a href="https://www.amazon.com/dp/B0995FNMKW?tag=eloabder-20&linkCode=osi&th=1&psc=1">View Product</a></div><div class="product"><a href="https://www.amazon.com/dp/B07H89R749?tag=eloabder-20&linkCode=osi&th=1&psc=1"><img src="https://m.media-amazon.com/images/I/51nTGZ-eAsL._SL500_.jpg" alt="Product Image"></a><p>Tombow Fudenosuke Brush Pen - Hard - 10 Colors Set (WS-BH10C)</p><p>$11.73</p><a href="https://www.amazon.com/dp/B07H89R749?tag=eloabder-20&linkCode=osi&th=1&psc=1">View Product</a></div><div class="product"><a href="https://www.amazon.com/dp/B002PIFTRE?tag=eloabder-20&linkCode=osi&th=1&psc=1"><img src="https://m.media-amazon.com/images/I/41IVnNPD1hL._SL500_.jpg" alt="Product Image"></a><p>Pentel Color Brush Pen, Black (GFLBP101)</p><p>$7.89</p><a href="https://www.amazon.com/dp/B002PIFTRE?tag=eloabder-20&linkCode=osi&th=1&psc=1">View Product</a></div>
<div class="product"><a href="https://www.amazon.com/dp/B0CLLSY2BT?tag=eloabder-20&linkCode=osi&th=1&psc=1"><img src="https://m.media-amazon.com/images/I/51sQM3lrN9L._SL500_.jpg" alt="Product Image"></a><p>CUGEBANNA Paint Brush Washer,Airtight Stainless Steel Brush Cleaner for Oil Painting Acrylic,Brush Washer with Cleaning Beads and Wringer</p><p>$22.99</p><a href="https://www.amazon.com/dp/B0CLLSY2BT?tag=eloabder-20&linkCode=osi&th=1&psc=1">View Product</a></div><div class="product"><a href="https://www.amazon.com/dp/B013PB35N4?tag=eloabder-20&linkCode=osi&th=1&psc=1"><img src="https://m.media-amazon.com/images/I/419miJHrhtL._SL500_.jpg" alt="Product Image"></a><p>US Art Supply Deluxe Brush Cleaner-Brush Washer with Wash Tank</p><p>$18.99</p><a href="https://www.amazon.com/dp/B013PB35N4?tag=eloabder-20&linkCode=osi&th=1&psc=1">View Product</a></div>
<div class="product"><a href="https://www.amazon.com/dp/B07GH7WGC3?tag=eloabder-20&linkCode=osi&th=1&psc=1"><img src="https://m.media-amazon.com/images/I/51vzX1OZI6L._SL500_.jpg" alt="Product Image"></a><p>BOSOBO Paint Brushes Set, 2 Pack 20 Pcs Round-Pointed Tip Paintbrushes Nylon Hair Artist Acrylic Paint Brushes for Acrylic Oil Watercolor, Face Nail Art, Miniature Detailing & Rock Painting, Blue</p><p>$7.49 ($0.37 / Count)</p><a href="https://www.amazon.com/dp/B07GH7WGC3?tag=eloabder-20&linkCode=osi&th=1&psc=1">View Product</a></div><div class="product"><a href="https://www.amazon.com/dp/B078XJ2DCJ?tag=eloabder-20&linkCode=osi&th=1&psc=1"><img src="https://m.media-amazon.com/images/I/616oHEXPN1S._SL500_.jpg" alt="Product Image"></a><p>Pro Grade - Chip Paint Brushes - 36-Pack - 2 Inch Chip Brush for Paints, Stains, Varnishes, Glues, & Gesso</p><p>$17.99</p><a href="https://www.amazon.com/dp/B078XJ2DCJ?tag=eloabder-20&linkCode=osi&th=1&psc=1">View Product</a></div>

<div class="product"><a href="https://www.amazon.com/dp/B000YQJVFA?tag=eloabder-20&linkCode=osi&th=1&psc=1"><img src="https://m.media-amazon.com/images/I/51so-OSRt+L._SL500_.jpg" alt="Product Image"></a><p>Winsor & Newton Calligraphy Ink, 30ml (1-oz) Bottle, Black</p><p>$10.07 ($10.07 / Count)</p><a href="https://www.amazon.com/dp/B000YQJVFA?tag=eloabder-20&linkCode=osi&th=1&psc=1">View Product</a></div><div class="product"><a href="https://www.amazon.com/dp/B0026SBYUE?tag=eloabder-20&linkCode=osi&th=1&psc=1"><img src="https://m.media-amazon.com/images/I/412Ga9k1q8L._SL500_.jpg" alt="Product Image"></a><p>Higgins Black Calligraphy Ink, 2.5 Ounce Bottle (44314)</p><p>$5.99</p><a href="https://www.amazon.com/dp/B0026SBYUE?tag=eloabder-20&linkCode=osi&th=1&psc=1">View Product</a></div><div class="product"><a href="https://www.amazon.com/dp/B0CXDBD77N?tag=eloabder-20&linkCode=osi&th=1&psc=1"><img src="https://m.media-amazon.com/images/I/41x1EZv3P3L._SL500_.jpg" alt="Product Image"></a><p>SEAMEW 250 ML/8.8 OZ Calligraphy and Sumi Liquid Ink - Versatile Elegance for Chinese Traditional Art Works and Japanese Brush Art</p><p>$11.49</p><a href="https://www.amazon.com/dp/B0CXDBD77N?tag=eloabder-20&linkCode=osi&th=1&psc=1">View Product</a></div><div class="product"><a href="https://www.amazon.com/dp/B0CR3ML8VS?tag=eloabder-20&linkCode=osi&th=1&psc=1"><img src="https://m.media-amazon.com/images/I/41fLIKySQZL._SL500_.jpg" alt="Product Image"></a><p>Hmayart Prepared Super Thick Liquid Black Ink for Japanese Brush Calligraphy & Chinese Traditional Artworks (MZ010 250g)</p><p>$11.99</p><a href="https://www.amazon.com/dp/B0CR3ML8VS?tag=eloabder-20&linkCode=osi&th=1&psc=1">View Product</a></div><div class="product"><a href="https://www.amazon.com/dp/B0039OQ0J4?tag=eloabder-20&linkCode=osi&th=1&psc=1"><img src="https://m.media-amazon.com/images/I/41RRlR55P9L._SL500_.jpg" alt="Product Image"></a><p>Daiso Sumi Calligraphy Liquid Ink in a 180ml Bottle (Japan Import)</p><p>$8.99</p><a href="https://www.amazon.com/dp/B0039OQ0J4?tag=eloabder-20&linkCode=osi&th=1&psc=1">View Product</a></div><div class="product"><a href="https://www.amazon.com/dp/B074KJ289G?tag=eloabder-20&linkCode=osi&th=1&psc=1"><img src="https://m.media-amazon.com/images/I/41FZT3aCChL._SL500_.jpg" alt="Product Image"></a><p>Easyou Redstar Liquid Ink for Professioanl Traditional Calligraphy and Brush Painting Chinese Ink Liquid (Black&1pcs*180ML)</p><p>$10.99</p><a href="https://www.amazon.com/dp/B074KJ289G?tag=eloabder-20&linkCode=osi&th=1&psc=1">View Product</a></div><div class="product"><a href="https://www.amazon.com/dp/B07JYJ6C1W?tag=eloabder-20&linkCode=osi&th=1&psc=1"><img src="https://m.media-amazon.com/images/I/51IAnrWkw6L._SL500_.jpg" alt="Product Image"></a><p>MZ001 HmayartBlack Sumi Liquid Ink for Japanese Brush Calligraphy & Chinese Traditional Artworks 250ml (black)</p><p>$13.99</p><a href="https://www.amazon.com/dp/B07JYJ6C1W?tag=eloabder-20&linkCode=osi&th=1&psc=1">View Product</a></div><div class="product"><a href="https://www.amazon.com/dp/B0894L9M2C?tag=eloabder-20&linkCode=osi&th=1&psc=1"><img src="https://m.media-amazon.com/images/I/51H5LBUAZcL._SL500_.jpg" alt="Product Image"></a><p>24 Colors Calligraphy Ink Set, Calligraphy Fountain Glass Dip Pen Color Ink Caligrapher Pen Ink Bottle Set, Gold Powder Drawing Writing Art Ink with Gift Box - 24 x 7ml</p><p>$21.98</p><a href="https://www.amazon.com/dp/B0894L9M2C?tag=eloabder-20&linkCode=osi&th=1&psc=1">View Product</a></div><div class="product"><a href="https://www.amazon.com/dp/B0C49WVM7L?tag=eloabder-20&linkCode=osi&th=1&psc=1"><img src="https://m.media-amazon.com/images/I/41zxtjGWS1L._SL500_.jpg" alt="Product Image"></a><p>AOKUY 24 Colors Calligraphy Ink Set,Calligraphy Inks,Colorful Dip Pen Ink Set,Gold Powder Drawing Writing Art Ink with Gift Box</p><p>$16.99</p><a href="https://www.amazon.com/dp/B0C49WVM7L?tag=eloabder-20&linkCode=osi&th=1&psc=1">View Product</a></div>
<div class="product"><a href="https://www.amazon.com/dp/B0007ZJ8QU?tag=eloabder-20&linkCode=osi&th=1&psc=1"><img src="https://m.media-amazon.com/images/I/41vTwN7L9NL._SL500_.jpg" alt="Product Image"></a><p>Speedball C-Series Lettering Pen Set - 1 Penholder w/ 6 Nibs</p><p>$11.99</p><a href="https://www.amazon.com/dp/B0007ZJ8QU?tag=eloabder-20&linkCode=osi&th=1&psc=1">View Product</a></div><div class="product"><a href="https://www.amazon.com/dp/B003IGNH30?tag=eloabder-20&linkCode=osi&th=1&psc=1"><img src="https://m.media-amazon.com/images/I/412WGB9WzGL._SL500_.jpg" alt="Product Image"></a><p>Speedball 30710 10 Pen Nib Assorted Set</p><p>$21.99</p><a href="https://www.amazon.com/dp/B003IGNH30?tag=eloabder-20&linkCode=osi&th=1&psc=1">View Product</a></div><div class="product"><a href="https://www.amazon.com/dp/B0CQTCZRYC?tag=eloabder-20&linkCode=osi&th=1&psc=1"><img src="https://m.media-amazon.com/images/I/41+d7oXaTvL._SL500_.jpg" alt="Product Image"></a><p>10PCS Oblique Calligraphy Dip Pen Set Comic Pen Nib Set Fluid Writer Pen, 2-in-1 Drawing Pen Holder with 8 Pieces Stainless Steel Pen Replacement Nibs Nib for Writing, Painting, Signing, Sketch</p><p>$6.49</p><a href="https://www.amazon.com/dp/B0CQTCZRYC?tag=eloabder-20&linkCode=osi&th=1&psc=1">View Product</a></div><div class="product"><a href="https://www.amazon.com/dp/B000BYQLT4?tag=eloabder-20&linkCode=osi&th=1&psc=1"><img src="https://m.media-amazon.com/images/I/41Tmn+y1-xL._SL500_.jpg" alt="Product Image"></a><p>Speedball Calligraphy Pen Set - 1 Penholder w/ 4 Nibs, 2 Pen Tips</p><p>$13.99</p><a href="https://www.amazon.com/dp/B000BYQLT4?tag=eloabder-20&linkCode=osi&th=1&psc=1">View Product</a></div><div class="product"><a href="https://www.amazon.com/dp/B0B3CVPWMF?tag=eloabder-20&linkCode=osi&th=1&psc=1"><img src="https://m.media-amazon.com/images/I/41Zw4tqW+HL._SL500_.jpg" alt="Product Image"></a><p>Mewutal 2Pcs/Set Comic Pen Nib Set Pen Nibs Replacements for Calligraphy Manga Writing Painting(Pumpkin Head Nib)</p><p>$7.99</p><a href="https://www.amazon.com/dp/B0B3CVPWMF?tag=eloabder-20&linkCode=osi&th=1&psc=1">View Product</a></div><div class="product"><a href="https://www.amazon.com/dp/B0BVR4M5X4?tag=eloabder-20&linkCode=osi&th=1&psc=1"><img src="https://m.media-amazon.com/images/I/515TyiGpQKL._SL500_.jpg" alt="Product Image"></a><p>Wonwood_direct Calligraphy set, 7 Calligraphy Pens with Different Nibs and 40 Ink Cartridges in 13 Colors for Beginner Writing Drawing for Greeting Card Signature Calligraphy (Type 1)</p><p>$15.99</p><a href="https://www.amazon.com/dp/B0BVR4M5X4?tag=eloabder-20&linkCode=osi&th=1&psc=1">View Product</a></div><div class="product"><a href="https://www.amazon.com/dp/B0BGRM97MF?tag=eloabder-20&linkCode=osi&th=1&psc=1"><img src="https://m.media-amazon.com/images/I/41vB7fs3VbL._SL500_.jpg" alt="Product Image"></a><p>Gullor A Bunch of Nibs for Comic Dip Pen, Assorted Calligraphy Dip Pen Nibs, Various Sizes and Shapes, 33 Nibs in Box</p><p>$9.99</p><a href="https://www.amazon.com/dp/B0BGRM97MF?tag=eloabder-20&linkCode=osi&th=1&psc=1">View Product</a></div>

<div class="product"><a href="https://www.amazon.com/dp/B0D3HPD7WP?tag=eloabder-20&linkCode=osi&th=1&psc=1"><img src="https://m.media-amazon.com/images/I/31KSmmAWUWL._SL500_.jpg" alt="Product Image"></a><p>50 Sheets Grey Cardstock Paper, Colored Printer Paper 8.5 x 11, Thick Construction Paper for Cards Making, Scrapbook，Office Printing, Invitations, Certificates，DIY Crafting 92 lb/250gsm</p><p>$9.99</p><a href="https://www.amazon.com/dp/B0D3HPD7WP?tag=eloabder-20&linkCode=osi&th=1&psc=1">View Product</a></div>
<div class="product"><a href="https://www.amazon.com/dp/B076CP6F36?tag=eloabder-20&linkCode=osi&th=1&psc=1"><img src="https://m.media-amazon.com/images/I/51rfEIvgI+L._SL500_.jpg" alt="Product Image"></a><p>Apple Barrel, Vibrant Spectrum Collection Acrylic Craft Paint, PROMOABIII, 2 fl oz each, 16 assorted matte colors, 16 count</p><p>$15.97 ($0.50 / Fl Oz)</p><a href="https://www.amazon.com/dp/B076CP6F36?tag=eloabder-20&linkCode=osi&th=1&psc=1">View Product</a></div><div class="product"><a href="https://www.amazon.com/dp/B0BKFLSYQF?tag=eloabder-20&linkCode=osi&th=1&psc=1"><img src="https://m.media-amazon.com/images/I/51a0PmPRknL._SL500_.jpg" alt="Product Image"></a><p>72 Pack Acrylic Paint Set, Shuttle Art 60 Colors Acrylic Paint Including Extra White Black & 12 Brushes, 2oz/60ml, Rich Pigmented, Water Proof, Ideal for Artists, Beginners on Canvas Rock Wood Ceramic</p><p>$45.99 ($23.00 / Fl Oz)</p><a href="https://www.amazon.com/dp/B0BKFLSYQF?tag=eloabder-20&linkCode=osi&th=1&psc=1">View Product</a></div><div class="product"><a href="https://www.amazon.com/dp/B08CB3JH79?tag=eloabder-20&linkCode=osi&th=1&psc=1"><img src="https://m.media-amazon.com/images/I/51OUZsFdnTL._SL500_.jpg" alt="Product Image"></a><p>Acrylic Paint Set of 36 Colors 2fl oz 60ml Bottles,Non Toxic 36 Colors Acrylic Paint No Fading Rich Pigment for Kids Adults Artists Canvas Crafts Wood Painting</p><p>$32.99 ($0.46 / Fl Oz)</p><a href="https://www.amazon.com/dp/B08CB3JH79?tag=eloabder-20&linkCode=osi&th=1&psc=1">View Product</a></div><div class="product"><a href="https://www.amazon.com/dp/B0018NBVKQ?tag=eloabder-20&linkCode=osi&th=1&psc=1"><img src="https://m.media-amazon.com/images/I/31YlSvZMTCL._SL500_.jpg" alt="Product Image"></a><p>Apple Barrel Acrylic Paint in Assorted Colors (8 Ounce), 20403 White</p><p>$2.67 ($0.33 / Fl Oz)</p><a href="https://www.amazon.com/dp/B0018NBVKQ?tag=eloabder-20&linkCode=osi&th=1&psc=1">View Product</a></div><div class="product"><a href="https://www.amazon.com/dp/B077WSBLZ1?tag=eloabder-20&linkCode=osi&th=1&psc=1"><img src="https://m.media-amazon.com/images/I/51KPkXpLn1L._SL500_.jpg" alt="Product Image"></a><p>Shuttle Art Acrylic Paint Set, 30 x12ml Tubes Artist Quality Non Toxic Rich Pigments Colors Great for Kids Adults Professional Painting on Rocks Canvas Wood Clay Fabric Ceramic Crafts</p><p>$12.99 ($1.08 / Fl Oz)</p><a href="https://www.amazon.com/dp/B077WSBLZ1?tag=eloabder-20&linkCode=osi&th=1&psc=1">View Product</a></div><div class="product"><a href="https://www.amazon.com/dp/B00889Z5Y6?tag=eloabder-20&linkCode=osi&th=1&psc=1"><img src="https://m.media-amazon.com/images/I/41MQjsyDbSL._SL500_.jpg" alt="Product Image"></a><p>Apple Barrel Acrylic Paint in Assorted Colors (2 oz), 20764, Apricot</p><p>$0.58 ($0.29 / Fl Oz)</p><a href="https://www.amazon.com/dp/B00889Z5Y6?tag=eloabder-20&linkCode=osi&th=1&psc=1">View Product</a></div><div class="product"><a href="https://www.amazon.com/dp/B09TWQD5ZL?tag=eloabder-20&linkCode=osi&th=1&psc=1"><img src="https://m.media-amazon.com/images/I/41B0L003QXL._SL500_.jpg" alt="Product Image"></a><p>Artkey Acrylic Paint Set - 24 colors 2 oz/59 ml Acrylic Paints Professional Artists Painting Kit for Canvases Fabric Rock Leather Easter Egg Wood Ceramic Glass Art Craft Painting</p><p>$19.99 ($0.42 / Fl Oz)</p><a href="https://www.amazon.com/dp/B09TWQD5ZL?tag=eloabder-20&linkCode=osi&th=1&psc=1">View Product</a></div><div class="product"><a href="https://www.amazon.com/dp/B07Z93LQDB?tag=eloabder-20&linkCode=osi&th=1&psc=1"><img src="https://m.media-amazon.com/images/I/51veoN6zK0L._SL500_.jpg" alt="Product Image"></a><p>Shuttle Art Acrylic Paint Set, 36 Colors Acrylic Paint with Brushes & Palette, 2oz Bottles, Rich Pigments Non-toxic Paint for Artists Kids & Adults, Art Supplies for Canvas Rock Ceramic Wood Painting</p><p>$27.99</p><a href="https://www.amazon.com/dp/B07Z93LQDB?tag=eloabder-20&linkCode=osi&th=1&psc=1">View Product</a></div><div class="product"><a href="https://www.amazon.com/dp/B002665SYY?tag=eloabder-20&linkCode=osi&th=1&psc=1"><img src="https://m.media-amazon.com/images/I/31sJJeWK6OS._SL500_.jpg" alt="Product Image"></a><p>Liquitex BASICS Acrylic Paint, 250ml (8.5-oz) Tube, Titanium White</p><p>$9.99 ($1.18 / Fl Oz)</p><a href="https://www.amazon.com/dp/B002665SYY?tag=eloabder-20&linkCode=osi&th=1&psc=1">View Product</a></div>
<div class="product"><a href="https://www.amazon.com/dp/B0CC98XLGL?tag=eloabder-20&linkCode=osi&th=1&psc=1"><img src="https://m.media-amazon.com/images/I/51ZLw+nThiL._SL500_.jpg" alt="Product Image"></a><p>HUIRUSO 4 Pack Double Sided Tape Roller, Scrapbook Supplies, Glue Tape Roller for Crafts, Double-Sided Adhesive Tape Runner for Scrapbooking, School Office Journaling Supplies (0.31 in X 26.25 ft)</p><p>$6.99 ($1.75 / Count)</p><a href="https://www.amazon.com/dp/B0CC98XLGL?tag=eloabder-20&linkCode=osi&th=1&psc=1">View Product</a></div><div class="product"><a href="https://www.amazon.com/dp/B007XAAE6K?tag=eloabder-20&linkCode=osi&th=1&psc=1"><img src="https://m.media-amazon.com/images/I/414qxYVR0wL._SL500_.jpg" alt="Product Image"></a><p>Scotch Double Sided Tape Runner, 1-Pack, 0.27 in x 26 ft., Perfect for Holiday Crafts, Gifts, and More</p><p>$4.47</p><a href="https://www.amazon.com/dp/B007XAAE6K?tag=eloabder-20&linkCode=osi&th=1&psc=1">View Product</a></div><div class="product"><a href="https://www.amazon.com/dp/B0BZVGPFSK?tag=eloabder-20&linkCode=osi&th=1&psc=1"><img src="https://m.media-amazon.com/images/I/51-ue9+7JkL._SL500_.jpg" alt="Product Image"></a><p>Birllaid Double Sided Tape for Walls, Picture Hanging Strips Removable Mounting Dots Adhesive Heavy Duty, Removable for Art Craft, Decoration, Party Supplies, Multipurpose</p><p>$11.99</p><a href="https://www.amazon.com/dp/B0BZVGPFSK?tag=eloabder-20&linkCode=osi&th=1&psc=1">View Product</a></div><div class="product"><a href="https://www.amazon.com/dp/B0CGVN9SL1?tag=eloabder-20&linkCode=osi&th=1&psc=1"><img src="https://m.media-amazon.com/images/I/41Hy+i4CnoL._SL500_.jpg" alt="Product Image"></a><p>30Ft x 1 Inch Hook and Loop Strips with Adhesive,Double Rolls of Heavy Duty Self Adhesive Tape with Backing, Nylon Self Adhesive Tape for Home Office School and Crafting,White</p><p>$9.99</p><a href="https://www.amazon.com/dp/B0CGVN9SL1?tag=eloabder-20&linkCode=osi&th=1&psc=1">View Product</a></div><div class="product"><a href="https://www.amazon.com/dp/B07Y3VDPLF?tag=eloabder-20&linkCode=osi&th=1&psc=1"><img src="https://m.media-amazon.com/images/I/41cyKQ2OMuL._SL500_.jpg" alt="Product Image"></a><p>Melsan 1x4 inch Hook and Loop Strips with Adhesive - 15 Sets, Strong Back Adhesive Fasten Mounting Tape for Home or Office Use - Instead of Holes and Screws, Black</p><p>$7.82</p><a href="https://www.amazon.com/dp/B07Y3VDPLF?tag=eloabder-20&linkCode=osi&th=1&psc=1">View Product</a></div><div class="product"><a href="https://www.amazon.com/dp/B07V57VJT5?tag=eloabder-20&linkCode=osi&th=1&psc=1"><img src="https://m.media-amazon.com/images/I/514JO3bvl3L._SL500_.jpg" alt="Product Image"></a><p>XFasten Adhesive Roller for Scrapbooking, 8mm x 30ft 4-Pack Double Sided Glue Tape Roller, Scrapbook Supplies for Adults, Photo Tape for Scrapbooking</p><p>$9.99 ($2.50 / Count)</p><a href="https://www.amazon.com/dp/B07V57VJT5?tag=eloabder-20&linkCode=osi&th=1&psc=1">View Product</a></div><div class="product"><a href="https://www.amazon.com/dp/B07JLTGQHX?tag=eloabder-20&linkCode=osi&th=1&psc=1"><img src="https://m.media-amazon.com/images/I/51Eqfo7kUZL._SL500_.jpg" alt="Product Image"></a><p>UPINS 120 Pack Double Sided Foam Tape Square Self-Adhesive Foam Tape Black Strong Tape Pads for DIY Art Crafts Supplies</p><p>$9.99 ($0.08 / Count)</p><a href="https://www.amazon.com/dp/B07JLTGQHX?tag=eloabder-20&linkCode=osi&th=1&psc=1">View Product</a></div><div class="product"><a href="https://www.amazon.com/dp/B005FM6XF4?tag=eloabder-20&linkCode=osi&th=1&psc=1"><img src="https://m.media-amazon.com/images/I/51-vp1WJ89L._SL500_.jpg" alt="Product Image"></a><p>AdTech 5603 Permanent Crafter's Tape, 0.31" x 315", Pack of 4</p><p>$7.84 ($0.07 / Foot)</p><a href="https://www.amazon.com/dp/B005FM6XF4?tag=eloabder-20&linkCode=osi&th=1&psc=1">View Product</a></div><div class="product"><a href="https://www.amazon.com/dp/B0CJF1FLFJ?tag=eloabder-20&linkCode=osi&th=1&psc=1"><img src="https://m.media-amazon.com/images/I/51dig1RqzdL._SL500_.jpg" alt="Product Image"></a><p>UPINS 150Pack Double Sided Foam Tape Strong Sticky Double Sided Foam Pads for Crafts Self-Adhesive Mounting Foam Tape Heavy Duty for Home Wall Decor 40 * 40 * 2mm</p><p>$8.99 ($0.06 / Count)</p><a href="https://www.amazon.com/dp/B0CJF1FLFJ?tag=eloabder-20&linkCode=osi&th=1&psc=1">View Product</a></div><div class="product"><a href="https://www.amazon.com/dp/B0D4YWRGCL?tag=eloabder-20&linkCode=osi&th=1&psc=1"><img src="https://m.media-amazon.com/images/I/41EqJ553-KL._SL500_.jpg" alt="Product Image"></a><p>Amanbo Glue Tape for Scrapbooking, 6 Pack Scrapbook Tape, Double Sided Tape Roller for Crafts, Total 120 Ft x 0.24 in Tape Runner, Craft Supplies for Scrapbooking, Gift Wrapping and Photo Tape</p><p>$6.99</p><a href="https://www.amazon.com/dp/B0D4YWRGCL?tag=eloabder-20&linkCode=osi&th=1&psc=1">View Product</a></div>
<div class="product"><a href="https://www.amazon.com/dp/B0CC5HPPTN?tag=eloabder-20&linkCode=osi&th=1&psc=1"><img src="https://m.media-amazon.com/images/I/519M81S201L._SL500_.jpg" alt="Product Image"></a><p>Airbrush Paint - 30 Colors with 3 Thinner, Ready to Spray Airbrush Paint Set, Water-Based Acrylic Air brush Paints for Metal, Plastic Models, Canvas, Wood, 20ml/Bottle</p><p>$32.99 ($1.48 / Fl Oz)</p><a href="https://www.amazon.com/dp/B0CC5HPPTN?tag=eloabder-20&linkCode=osi&th=1&psc=1">View Product</a></div>
<div class="product"><a href="https://www.amazon.com/dp/B0CXPSGK36?tag=eloabder-20&linkCode=osi&th=1&psc=1"><img src="https://m.media-amazon.com/images/I/51dd2dYOtrL._SL500_.jpg" alt="Product Image"></a><p>Letter Stickers 30 Sheets 1500 PCS Large Alphabet Sticker 2 Inch Vinyl Self Adhesive Stick on Stickers for Water Bottles Cup Mailbox Number Address Craft Scrapbooking Bulletin Board Decor Multicolor</p><p>$9.99</p><a href="https://www.amazon.com/dp/B0CXPSGK36?tag=eloabder-20&linkCode=osi&th=1&psc=1">View Product</a></div><div class="product"><a href="https://www.amazon.com/dp/B07NNYFMGY?tag=eloabder-20&linkCode=osi&th=1&psc=1"><img src="https://m.media-amazon.com/images/I/51yDnU+gEXL._SL500_.jpg" alt="Product Image"></a><p>20 Sheets Alphabet Letter Stickers 10 Colors Self Adhesive Sticker Colorful PU Material Convex Feeling (Colored Letter Stickers 1)</p><p>$6.99 ($0.35 / Count)</p><a href="https://www.amazon.com/dp/B07NNYFMGY?tag=eloabder-20&linkCode=osi&th=1&psc=1">View Product</a></div>

<div class="product"><a href="https://www.amazon.com/dp/B01DDN8854?tag=eloabder-20&linkCode=osi&th=1&psc=1"><img src="https://m.media-amazon.com/images/I/61dPubDZBSL._SL500_.jpg" alt="Product Image"></a><p>Hugs 'n Kisses HNKHABY13 Applique Paper (20 Pack)</p><p>$19.72 ($0.99 / Count)</p><a href="https://www.amazon.com/dp/B01DDN8854?tag=eloabder-20&linkCode=osi&th=1&psc=1">View Product</a></div>
<div class="product"><a href="https://www.amazon.com/dp/B09KPNFJW1?tag=eloabder-20&linkCode=osi&th=1&psc=1"><img src="https://m.media-amazon.com/images/I/41abn5fELmL._SL500_.jpg" alt="Product Image"></a><p>UniPleased Disposable Aprons (50 Count), Plastic apron for Painting Party, Cooking, Housework, Picnic etc.</p><p>$5.69</p><a href="https://www.amazon.com/dp/B09KPNFJW1?tag=eloabder-20&linkCode=osi&th=1&psc=1">View Product</a></div>
<div class="product"><a href="https://www.amazon.com/dp/B087M21MM2?tag=eloabder-20&linkCode=osi&th=1&psc=1"><img src="https://m.media-amazon.com/images/I/41Xf-jehhLL._SL500_.jpg" alt="Product Image"></a><p>GOTIDEAL Stretched Canvas, Multi Pack 4x4, 5x7, 8x10,9x12, 11x14 Set of 10, Primed White - 100% Cotton Artist Canvas Boards for Painting, Acrylic Pouring, Oil Paint Dry & Wet Art Media</p><p>$24.99</p><a href="https://www.amazon.com/dp/B087M21MM2?tag=eloabder-20&linkCode=osi&th=1&psc=1">View Product</a></div><div class="product"><a href="https://www.amazon.com/dp/B00OQJYISG?tag=eloabder-20&linkCode=osi&th=1&psc=1"><img src="https://m.media-amazon.com/images/I/31fEDLPkkcL._SL500_.jpg" alt="Product Image"></a><p>6 Count 12” x 16” Super Value Canvas by Artist's Loft Necessities - Acid Free Cotton Canvas for Paint, Acrylic, & Oils - 1 Pack</p><p>$19.99</p><a href="https://www.amazon.com/dp/B00OQJYISG?tag=eloabder-20&linkCode=osi&th=1&psc=1">View Product</a></div><div class="product"><a href="https://www.amazon.com/dp/B09CDKB9HY?tag=eloabder-20&linkCode=osi&th=1&psc=1"><img src="https://m.media-amazon.com/images/I/51+p5xnClGL._SL500_.jpg" alt="Product Image"></a><p>DPDIAN Canvas Boards for Painting 40 Pack, 8 inch x 10 inch Super Value Pack, Artist Canvas Panels for Oil & Acrylic Painting</p><p>$29.99</p><a href="https://www.amazon.com/dp/B09CDKB9HY?tag=eloabder-20&linkCode=osi&th=1&psc=1">View Product</a></div><div class="product"><a href="https://www.amazon.com/dp/B0CFBGP29G?tag=eloabder-20&linkCode=osi&th=1&psc=1"><img src="https://m.media-amazon.com/images/I/3147Az5plbL._SL500_.jpg" alt="Product Image"></a><p>ArtSkills Stretched Canvases for Painting, 12x16 Canvas Painting Supplies for Artists, Blank Canvas Pack, 2-Pack</p><p>$16.99</p><a href="https://www.amazon.com/dp/B0CFBGP29G?tag=eloabder-20&linkCode=osi&th=1&psc=1">View Product</a></div><div class="product"><a href="https://www.amazon.com/dp/B07BNGQ1SS?tag=eloabder-20&linkCode=osi&th=1&psc=1"><img src="https://m.media-amazon.com/images/I/410ZVtygUwS._SL500_.jpg" alt="Product Image"></a><p>PHOENIX Stretched Canvas for Painting 8x10 Inch/10 Value Pack, 8 Oz Triple Primed 5/8 Inch Profile 100% Cotton White Blank Canvas, Artist Framed Canvas for Oil Acrylic & Pouring Art</p><p>$22.99</p><a href="https://www.amazon.com/dp/B07BNGQ1SS?tag=eloabder-20&linkCode=osi&th=1&psc=1">View Product</a></div><div class="product"><a href="https://www.amazon.com/dp/B0922JP1H4?tag=eloabder-20&linkCode=osi&th=1&psc=1"><img src="https://m.media-amazon.com/images/I/41BmiEND1KL._SL500_.jpg" alt="Product Image"></a><p>GOTIDEAL Canvases for Painting, 18 Pack Canvas Boards Multipack 4x4, 5x7, 8x10, 9x12,11x14,Primed White Blank Artist Canvas Variety Pack for Acrylic Paint, Oil Paint, Watercolor, Gouache</p><p>$19.99</p><a href="https://www.amazon.com/dp/B0922JP1H4?tag=eloabder-20&linkCode=osi&th=1&psc=1">View Product</a></div>


<div class="product"><a href="https://www.amazon.com/dp/B0872VFHBH?tag=eloabder-20&linkCode=osi&th=1&psc=1"><img src="https://m.media-amazon.com/images/I/51k3bekQheS._SL500_.jpg" alt="Product Image"></a><p>Bachmore Drawing Pad 9X12 Inch (110lb/180g), 60 Sheets, Top Spiral Bound Multi-Media for Artist Pro & Amateurs | Acrylic Art, Ink, Paint, Oil Pastels,Watercolor Mixed Media Sketch</p><p>$11.99</p><a href="https://www.amazon.com/dp/B0872VFHBH?tag=eloabder-20&linkCode=osi&th=1&psc=1">View Product</a></div><div class="product"><a href="https://www.amazon.com/dp/B0027A75A4?tag=eloabder-20&linkCode=osi&th=1&psc=1"><img src="https://m.media-amazon.com/images/I/51dyOxxcgYL._SL500_.jpg" alt="Product Image"></a><p>Strathmore 200 Series Sketch Pad, 9x12 inch, 100 Sheets, Tape Bound - Artist Sketchbook for Drawing, Illustration, Art Class Students</p><p>$6.99 ($0.07 / Count)</p><a href="https://www.amazon.com/dp/B0027A75A4?tag=eloabder-20&linkCode=osi&th=1&psc=1">View Product</a></div><div class="product"><a href="https://www.amazon.com/dp/B0BV13YQKX?tag=eloabder-20&linkCode=osi&th=1&psc=1"><img src="https://m.media-amazon.com/images/I/41VYfMpvXUL._SL500_.jpg" alt="Product Image"></a><p>Canson Graduate Watercolor Pad, Foldover, 9x12 inch, 20 Sheets | Artist Paper for Adults and Students - Painting, Gouache, Mixed Media and Ink</p><p>$4.97 ($0.41 / Count)</p><a href="https://www.amazon.com/dp/B0BV13YQKX?tag=eloabder-20&linkCode=osi&th=1&psc=1">View Product</a></div><div class="product"><a href="https://www.amazon.com/dp/B0024KMQ6K?tag=eloabder-20&linkCode=osi&th=1&psc=1"><img src="https://m.media-amazon.com/images/I/51sYdvPPUCL._SL500_.jpg" alt="Product Image"></a><p>Strathmore 400 Series Pastel Pad, Assorted Colors, 9"x12" Glue Bound, 24 Sheets</p><p>$9.11</p><a href="https://www.amazon.com/dp/B0024KMQ6K?tag=eloabder-20&linkCode=osi&th=1&psc=1">View Product</a></div><div class="product"><a href="https://www.amazon.com/dp/B00246O6PI?tag=eloabder-20&linkCode=osi&th=1&psc=1"><img src="https://m.media-amazon.com/images/I/517TUmckOIL._SL500_.jpg" alt="Product Image"></a><p>Strathmore 300 Series Drawing Paper Pad, Top Wire Bound, 11x14 inches, 50 Sheets (70lb/114g) - Artist Paper for Adults and Students - Charcoal, Colored Pencil, Ink, Pastel, Marker</p><p>$13.33</p><a href="https://www.amazon.com/dp/B00246O6PI?tag=eloabder-20&linkCode=osi&th=1&psc=1">View Product</a></div>
<div class="product"><a href="https://www.amazon.com/dp/B08ZMH7LJY?tag=eloabder-20&linkCode=osi&th=1&psc=1"><img src="https://m.media-amazon.com/images/I/51mJIsLJA-S._SL500_.jpg" alt="Product Image"></a><p>PANDAFLY Professional Drawing Sketching Pencil Set - 12 Pieces Graphite Pencils(14B - 2H), Ideal for Drawing Art, Sketching, Shading, Artist Pencils for Beginners & Pro Artists</p><p>$5.11</p><a href="https://www.amazon.com/dp/B08ZMH7LJY?tag=eloabder-20&linkCode=osi&th=1&psc=1">View Product</a></div><div class="product"><a href="https://www.amazon.com/dp/B088K1G5NL?tag=eloabder-20&linkCode=osi&th=1&psc=1"><img src="https://m.media-amazon.com/images/I/51F2bOMZWnL._SL500_.jpg" alt="Product Image"></a><p>MARKART Professional Drawing Sketching Pencil Set - 14 Pieces,Graphite,(12B - 4H), Ideal for Drawing Art, Sketching, Shading, Artist Pencils for Beginners & Pro Artists</p><p>$5.24</p><a href="https://www.amazon.com/dp/B088K1G5NL?tag=eloabder-20&linkCode=osi&th=1&psc=1">View Product</a></div><div class="product"><a href="https://www.amazon.com/dp/B08FHMRW4L?tag=eloabder-20&linkCode=osi&th=1&psc=1"><img src="https://m.media-amazon.com/images/I/51Pmn5gjyzL._SL500_.jpg" alt="Product Image"></a><p>Mr. Pen- Sketch Pencils for Drawing, 14 Pack, Drawing Pencils, Art Pencils, Graphite Pencils, Graphite Pencils for Drawing, Art Pencils for Drawing and Shading</p><p>$5.95</p><a href="https://www.amazon.com/dp/B08FHMRW4L?tag=eloabder-20&linkCode=osi&th=1&psc=1">View Product</a></div><div class="product"><a href="https://www.amazon.com/dp/B0BNQ58DC4?tag=eloabder-20&linkCode=osi&th=1&psc=1"><img src="https://m.media-amazon.com/images/I/51e-gQtCcCL._SL500_.jpg" alt="Product Image"></a><p>MARTCOLOR Drawing Sketching Pencils Set, 12 Pack Graphite Pencils(14B - 2H), Ideal for Drawing Art, Sketching, Shading, Artist Pencils for Beginners & Pro Artists</p><p>$5.99</p><a href="https://www.amazon.com/dp/B0BNQ58DC4?tag=eloabder-20&linkCode=osi&th=1&psc=1">View Product</a></div>

<div class="product"><a href="https://www.amazon.com/dp/B0851M3749?tag=eloabder-20&linkCode=osi&th=1&psc=1"><img src="https://m.media-amazon.com/images/I/41KKSGSDl5L._SL500_.jpg" alt="Product Image"></a><p>N NOROCME 12 PCS Blending Stumps and Tortillions Paper Art Blenders with Sandpaper Pencil Sharpener Pointer for Student Artist Charcoal Sketch Drawing Tools</p><p>$4.99</p><a href="https://www.amazon.com/dp/B0851M3749?tag=eloabder-20&linkCode=osi&th=1&psc=1">View Product</a></div><div class="product"><a href="https://www.amazon.com/dp/B09J3HKN8F?tag=eloabder-20&linkCode=osi&th=1&psc=1"><img src="https://m.media-amazon.com/images/I/51Qvx81eQLL._SL500_.jpg" alt="Product Image"></a><p>Eraser Pencils Set for Artists, Wooden Sketch Eraser Pen for Charcoal Drawings, Professional Highlight Painting Eraser for Sketching, Revise Erasing Details for Students Limner</p><p>$6.99</p><a href="https://www.amazon.com/dp/B09J3HKN8F?tag=eloabder-20&linkCode=osi&th=1&psc=1">View Product</a></div>
<div class="product"><a href="https://www.amazon.com/dp/B09WCQ89T8?tag=eloabder-20&linkCode=osi&th=1&psc=1"><img src="https://m.media-amazon.com/images/I/41gZz0qgBFL._SL500_.jpg" alt="Product Image"></a><p>Bernat BABY BLANKET BB Blue Dreams Yarn - 1 Pack of 10.5oz/300g - Polyester - #6 Super Bulky - 220 Yards - Knitting/Crochet</p><p>$6.97</p><a href="https://www.amazon.com/dp/B09WCQ89T8?tag=eloabder-20&linkCode=osi&th=1&psc=1">View Product</a></div><div class="product"><a href="https://www.amazon.com/dp/B07V5JVNFD?tag=eloabder-20&linkCode=osi&th=1&psc=1"><img src="https://m.media-amazon.com/images/I/41IS+HdtiOL._SL500_.jpg" alt="Product Image"></a><p>Lion Brand Yarn Basic Stitch Anti-Pilling Knitting Yarn, Yarn for Crocheting, 1-Pack, Baby Blue</p><p>$8.40 ($0.02 / Foot)</p><a href="https://www.amazon.com/dp/B07V5JVNFD?tag=eloabder-20&linkCode=osi&th=1&psc=1">View Product</a></div><div class="product"><a href="https://www.amazon.com/dp/B01M0AJID2?tag=eloabder-20&linkCode=osi&th=1&psc=1"><img src="https://m.media-amazon.com/images/I/41yVau0AUpL._SL500_.jpg" alt="Product Image"></a><p>Lion Brand Yarn (1 Skein) Lion Brand Yarn Babysoft Baby Yarn Yarn, Little Boy Blue Multicolor</p><p>$7.19 ($0.01 / Foot)</p><a href="https://www.amazon.com/dp/B01M0AJID2?tag=eloabder-20&linkCode=osi&th=1&psc=1">View Product</a></div><div class="product"><a href="https://www.amazon.com/dp/B09W1KHF42?tag=eloabder-20&linkCode=osi&th=1&psc=1"><img src="https://m.media-amazon.com/images/I/41maDlrio5L._SL500_.jpg" alt="Product Image"></a><p>Red Heart Super Saver Light Blue Yarn - 3 Pack of 198g/7oz - Acrylic - 4 Medium (Worsted) - 364 Yards - Knitting/Crochet</p><p>$13.29 ($4.43 / Count)</p><a href="https://www.amazon.com/dp/B09W1KHF42?tag=eloabder-20&linkCode=osi&th=1&psc=1">View Product</a></div><div class="product"><a href="https://www.amazon.com/dp/B08LKVZ3CX?tag=eloabder-20&linkCode=osi&th=1&psc=1"><img src="https://m.media-amazon.com/images/I/41GLizNx8UL._SL500_.jpg" alt="Product Image"></a><p>Bernat Baby Blanket Baby Blue Yarn - 3 Pack of 100g/3.5oz - Polyester - 6 Super Bulky - 72 Yards - Knitting/Crochet</p><p>$21.81</p><a href="https://www.amazon.com/dp/B08LKVZ3CX?tag=eloabder-20&linkCode=osi&th=1&psc=1">View Product</a></div><div class="product"><a href="https://www.amazon.com/dp/B0CHJ95WHJ?tag=eloabder-20&linkCode=osi&th=1&psc=1"><img src="https://m.media-amazon.com/images/I/314E1EQdihL._SL500_.jpg" alt="Product Image"></a><p>NORCIA Soft Velvet Yarn Chenille Yarn for Crocheting Baby Blanket Yarn for Knitting Amigurumi Yarn Fancy Yarn for Crochet Weaving Craft (Baby Blue, 1 Skein)</p><p>$9.99</p><a href="https://www.amazon.com/dp/B0CHJ95WHJ?tag=eloabder-20&linkCode=osi&th=1&psc=1">View Product</a></div>
<div class="product"><a href="https://www.amazon.com/dp/B0779F2TXJ?tag=eloabder-20&linkCode=osi&th=1&psc=1"><img src="https://m.media-amazon.com/images/I/31kqZr8DJzL._SL500_.jpg" alt="Product Image"></a><p>OPENDGO Feather Ballpoint Pen ，Black Ink Vintage Feather Quill Refined Plated Rod Quill Ballpoint Pen For School Writing ▏Wedding Gift Signature Pen (Black)</p><p>$6.97</p><a href="https://www.amazon.com/dp/B0779F2TXJ?tag=eloabder-20&linkCode=osi&th=1&psc=1">View Product</a></div><div class="product"><a href="https://www.amazon.com/dp/B0CQF3BJ3S?tag=eloabder-20&linkCode=osi&th=1&psc=1"><img src="https://m.media-amazon.com/images/I/41gs6AOiP6L._SL500_.jpg" alt="Product Image"></a><p>3 in 1 Retractable Ballpoint Pen with Light and Stylus, Nice Pens for Journaling Writing in The Dark - White/Red Light Tip- 0.7mm Black Ink</p><p>$12.99</p><a href="https://www.amazon.com/dp/B0CQF3BJ3S?tag=eloabder-20&linkCode=osi&th=1&psc=1">View Product</a></div><div class="product"><a href="https://www.amazon.com/dp/B08BBZ3B8G?tag=eloabder-20&linkCode=osi&th=1&psc=1"><img src="https://m.media-amazon.com/images/I/41cMHyw60wL._SL500_.jpg" alt="Product Image"></a><p>Mr. Pen- Pens, Black Pens, 12 Pack, Fast Dry, No Smear Pens, Bible Pens, Pens for Journaling, Pens No Bleed Through, Pens Fine Point, Journal Pens, Fine Tip, Planner Pens, Ball Point Journal Pens</p><p>$9.99</p><a href="https://www.amazon.com/dp/B08BBZ3B8G?tag=eloabder-20&linkCode=osi&th=1&psc=1">View Product</a></div><div class="product"><a href="https://www.amazon.com/dp/B0D4YWWGX6?tag=eloabder-20&linkCode=osi&th=1&psc=1"><img src="https://m.media-amazon.com/images/I/31xHBCCzJqL._SL500_.jpg" alt="Product Image"></a><p>PATIKIL 21cm/8" Feather Ballpoint Pen, 1Pcs Ink Vintage Quill Pen Refined Plated Dip Pen for Calligraphy Writing Signature Wedding Gift, Yellow</p><p>$7.49</p><a href="https://www.amazon.com/dp/B0D4YWWGX6?tag=eloabder-20&linkCode=osi&th=1&psc=1">View Product</a></div>

<div class="product"><a href="https://www.amazon.com/dp/B001TLDEVQ?tag=eloabder-20&linkCode=osi&th=1&psc=1"><img src="https://m.media-amazon.com/images/I/41jYF39F6lL._SL500_.jpg" alt="Product Image"></a><p>Beadalon SuppleMax Illusion Beading Cord, 0.40 mm / 0.016 in, Clear Monofilament, 50 m / 164 ft</p><p>$4.74</p><a href="https://www.amazon.com/dp/B001TLDEVQ?tag=eloabder-20&linkCode=osi&th=1&psc=1">View Product</a></div><div class="product"><a href="https://www.amazon.com/dp/B0D2HVFZ7Q?tag=eloabder-20&linkCode=osi&th=1&psc=1"><img src="https://m.media-amazon.com/images/I/41R66LMYz7L._SL500_.jpg" alt="Product Image"></a><p>Zxiixz 116Yards 0.5mm Bracelet String, Waxed String Cord for Bracelet Making, Beading Thread for Bracelet Beads, Friendship Bracelet String for Bracelet Making, Waxed Polyester Cord for Jewelry Making</p><p>$6.99</p><a href="https://www.amazon.com/dp/B0D2HVFZ7Q?tag=eloabder-20&linkCode=osi&th=1&psc=1">View Product</a></div><div class="product"><a href="https://www.amazon.com/dp/B07BNF8KH5?tag=eloabder-20&linkCode=osi&th=1&psc=1"><img src="https://m.media-amazon.com/images/I/51jVByheyVL._SL500_.jpg" alt="Product Image"></a><p>PH PandaHall 100 Yards 1mm Waxed Cotton Cord Thread Beading String for Bracelet Necklace Making Crafting Beading Macrame Vase Decor, Burlywood</p><p>$7.19 ($0.02 / Foot)</p><a href="https://www.amazon.com/dp/B07BNF8KH5?tag=eloabder-20&linkCode=osi&th=1&psc=1">View Product</a></div><div class="product"><a href="https://www.amazon.com/dp/B07HBPGXJG?tag=eloabder-20&linkCode=osi&th=1&psc=1"><img src="https://m.media-amazon.com/images/I/41xi8gO6kDL._SL500_.jpg" alt="Product Image"></a><p>Paxcoo 0.8mm Elastic String, Stretchy Bracelet String Crystal String Bead Cord for Bracelet, Beading and Jewelry Making (120m)</p><p>$6.99 ($0.02 / Foot)</p><a href="https://www.amazon.com/dp/B07HBPGXJG?tag=eloabder-20&linkCode=osi&th=1&psc=1">View Product</a></div><div class="product"><a href="https://www.amazon.com/dp/B0CNPST7D9?tag=eloabder-20&linkCode=osi&th=1&psc=1"><img src="https://m.media-amazon.com/images/I/41A9VISFC4L._SL500_.jpg" alt="Product Image"></a><p>Kblick Black Nylon String Cord - 1MM 100 Yards Black Twine, Bracelet String for Bracelet Making, Braided Ornament Lanyard Sting, Jewelry Thread Clay Bead String for Crafts, Macrame Satin Cord</p><p>$5.99 ($0.02 / Foot)</p><a href="https://www.amazon.com/dp/B0CNPST7D9?tag=eloabder-20&linkCode=osi&th=1&psc=1">View Product</a></div><div class="product"><a href="https://www.amazon.com/dp/B08GC3JF9X?tag=eloabder-20&linkCode=osi&th=1&psc=1"><img src="https://m.media-amazon.com/images/I/41FQZYhvQpL._SL500_.jpg" alt="Product Image"></a><p>Cheriswelry 100M 0.8mm Nylon Beading Cord Black Chinese Knotting Rattail Macrame Thread String Roll for Jewelry Making Kumihimo Wrapping Supplies DIY Crafts</p><p>$6.99 ($0.02 / Fl Oz)</p><a href="https://www.amazon.com/dp/B08GC3JF9X?tag=eloabder-20&linkCode=osi&th=1&psc=1">View Product</a></div><div class="product"><a href="https://www.amazon.com/dp/B0B3V9RWQC?tag=eloabder-20&linkCode=osi&th=1&psc=1"><img src="https://m.media-amazon.com/images/I/41F-OP+yCxL._SL500_.jpg" alt="Product Image"></a><p>Griffin Silk Bead Cord Perlseide – Black Color – Size 3 (0.50mm) – 2 Meters per Card – Stainless Steel Needle Attached – for Knotting Pearls, Gemstones, Crystals and Beads</p><p>$4.99 ($0.76 / Foot)</p><a href="https://www.amazon.com/dp/B0B3V9RWQC?tag=eloabder-20&linkCode=osi&th=1&psc=1">View Product</a></div><div class="product"><a href="https://www.amazon.com/dp/B08F49YVQP?tag=eloabder-20&linkCode=osi&th=1&psc=1"><img src="https://m.media-amazon.com/images/I/41yCMIpj0rS._SL500_.jpg" alt="Product Image"></a><p>1mm Stretchy Bracelet String, Sturdy Rainbow Elastic String Elastic Cord for Jewelry Making, Necklaces, Beading and Crafts</p><p>$6.99 ($0.04 / Foot)</p><a href="https://www.amazon.com/dp/B08F49YVQP?tag=eloabder-20&linkCode=osi&th=1&psc=1">View Product</a></div>

<div class="product"><a href="https://www.amazon.com/dp/B001GMUBJ6?tag=eloabder-20&linkCode=osi&th=1&psc=1"><img src="https://m.media-amazon.com/images/I/41V5qzn3H5L._SL500_.jpg" alt="Product Image"></a><p>The Beadsmith Fireline by Berkley – Micro-Fused Braided Thread – 6lb. Test, 006”/.15mm Diameter, 50 Yard Spool, Crystal Color – Super Strong Stringing Material for Jewelry Making and Bead Weaving</p><p>$12.59</p><a href="https://www.amazon.com/dp/B001GMUBJ6?tag=eloabder-20&linkCode=osi&th=1&psc=1">View Product</a></div><div class="product"><a href="https://www.amazon.com/dp/B001UAKK0Y?tag=eloabder-20&linkCode=osi&th=1&psc=1"><img src="https://m.media-amazon.com/images/I/41rY1D0wfuL._SL500_.jpg" alt="Product Image"></a><p>Beadalon Wildfire, 0.006 in, 0.15 mm, Break Strength 10 lb / 4.5 kg, Frost, 50 yd / 45 m</p><p>$8.85 ($0.06 / Foot)</p><a href="https://www.amazon.com/dp/B001UAKK0Y?tag=eloabder-20&linkCode=osi&th=1&psc=1">View Product</a></div><div class="product"><a href="https://www.amazon.com/dp/B095WY58F4?tag=eloabder-20&linkCode=osi&th=1&psc=1"><img src="https://m.media-amazon.com/images/I/41mXRfJqcjL._SL500_.jpg" alt="Product Image"></a><p>PH PandaHall 0.1mm Nylon Seed Bead Thread 100 Yards Black White Bracelet Cord Beading Thread Invisible Sewing Thread Nylon Braided Thread String for Leather Stitching Beading Jewelry Bracelets Making</p><p>$9.99 ($0.03 / Foot)</p><a href="https://www.amazon.com/dp/B095WY58F4?tag=eloabder-20&linkCode=osi&th=1&psc=1">View Product</a></div><div class="product"><a href="https://www.amazon.com/dp/B08RN2R2SZ?tag=eloabder-20&linkCode=osi&th=1&psc=1"><img src="https://m.media-amazon.com/images/I/41Tg2MMC++L._SL500_.jpg" alt="Product Image"></a><p>KO Nylon Beading Thread, White Color, Japanese Pre-Waxed 100% Nylon, 330TEX, Tangle Resistant Knotting Cords, 50m /55 yds Spool, Use for Seed Bead Projects, Loom Work & Bead Weaving</p><p>$7.06 ($0.04 / Foot)</p><a href="https://www.amazon.com/dp/B08RN2R2SZ?tag=eloabder-20&linkCode=osi&th=1&psc=1">View Product</a></div><div class="product"><a href="https://www.amazon.com/dp/B09J89ST79?tag=eloabder-20&linkCode=osi&th=1&psc=1"><img src="https://m.media-amazon.com/images/I/41hLuuOZeXL._SL500_.jpg" alt="Product Image"></a><p>2 Roll Polyester Thread, Heavy Duty Thread, 1500Yard/Reel 210D/3 nylon thread for sewing, Sewing Thread for Upholstery, Outdoor Market, Drapery, Leather, Beading, Crafts</p><p>$7.99 ($0.00 / Foot)</p><a href="https://www.amazon.com/dp/B09J89ST79?tag=eloabder-20&linkCode=osi&th=1&psc=1">View Product</a></div><div class="product"><a href="https://www.amazon.com/dp/B0C6MSY7QQ?tag=eloabder-20&linkCode=osi&th=1&psc=1"><img src="https://m.media-amazon.com/images/I/31Bn-MyA62L._SL500_.jpg" alt="Product Image"></a><p>PH PandaHall 0.1mm Nylon String 100 Yards Beading Thread White Nylon Seed Bead Thread Bracelet Beading Thread Sewing String for Leather Stitching Beading Jewelry Bracelets Making</p><p>$7.99 ($0.03 / Foot)</p><a href="https://www.amazon.com/dp/B0C6MSY7QQ?tag=eloabder-20&linkCode=osi&th=1&psc=1">View Product</a></div>

<div class="product"><a href="https://www.amazon.com/dp/B07NMNDT1W?tag=eloabder-20&linkCode=osi&th=1&psc=1"><img src="https://m.media-amazon.com/images/I/41-zwQIcVcL._SL500_.jpg" alt="Product Image"></a><p>Howemon White Beeswax Pellets 2LB 100% Pure and Natural Triple Filtered for Skin, Face, Body and Hair Care DIY Creams, Lotions, Lip Balm and Soap Making Supplies</p><p>$13.99 ($0.44 / Fl Oz)</p><a href="https://www.amazon.com/dp/B07NMNDT1W?tag=eloabder-20&linkCode=osi&th=1&psc=1">View Product</a></div><div class="product"><a href="https://www.amazon.com/dp/B00B3U0FW4?tag=eloabder-20&linkCode=osi&th=1&psc=1"><img src="https://m.media-amazon.com/images/I/51rWFCST+TL._SL500_.jpg" alt="Product Image"></a><p>Beesworks Yellow Beeswax Pellets (1 lb) | 100% Pure, Cosmetic Grade, Triple-Filtered Beeswax for DIY Skin care, Lip Balm, Lotion, and Candle Making</p><p>$13.99 ($0.87 / Ounce)</p><a href="https://www.amazon.com/dp/B00B3U0FW4?tag=eloabder-20&linkCode=osi&th=1&psc=1">View Product</a></div><div class="product"><a href="https://www.amazon.com/dp/B01LWX2IO1?tag=eloabder-20&linkCode=osi&th=1&psc=1"><img src="https://m.media-amazon.com/images/I/41MlNqhDyCL._SL500_.jpg" alt="Product Image"></a><p>Beesworks Yellow Beeswax Bars (6 oz) | 100% Pure, Cosmetic Grade, Triple-Filtered Beeswax for DIY Skin Care, Lip Balm, Lotion and Candle Making (1 oz Bars - Pack of 6)</p><p>$6.99</p><a href="https://www.amazon.com/dp/B01LWX2IO1?tag=eloabder-20&linkCode=osi&th=1&psc=1">View Product</a></div><div class="product"><a href="https://www.amazon.com/dp/B0BV77F19N?tag=eloabder-20&linkCode=osi&th=1&psc=1"><img src="https://m.media-amazon.com/images/I/41xzHaO1-EL._SL500_.jpg" alt="Product Image"></a><p>Beeswax Pellets 10LB Cosmetic Beeswax Triple Filtered Beeswax Pastilles for Candle Making Great for DIY Projects Creams Lotions Lip Balm and Soap Making Supplies(10LB)</p><p>$32.99</p><a href="https://www.amazon.com/dp/B0BV77F19N?tag=eloabder-20&linkCode=osi&th=1&psc=1">View Product</a></div><div class="product"><a href="https://www.amazon.com/dp/B0C9QSG3CY?tag=eloabder-20&linkCode=osi&th=1&psc=1"><img src="https://m.media-amazon.com/images/I/414XQcU6SRL._SL500_.jpg" alt="Product Image"></a><p>YASNAY White Beeswax Pellets 2LB, 100% Organic Beeswax, Beeswax for Candle Making, Body, Skin Care DIY, Lip Balm and Soap Making Supplies</p><p>$11.99</p><a href="https://www.amazon.com/dp/B0C9QSG3CY?tag=eloabder-20&linkCode=osi&th=1&psc=1">View Product</a></div><div class="product"><a href="https://www.amazon.com/dp/B097HTC4WN?tag=eloabder-20&linkCode=osi&th=1&psc=1"><img src="https://m.media-amazon.com/images/I/51pwMM7C6-L._SL500_.jpg" alt="Product Image"></a><p>Eco Lux 8 Yellow Beeswax Blocks 100% Pure Natural Organic Bees Wax 6.5oz</p><p>$8.49 ($1.35 / Ounce)</p><a href="https://www.amazon.com/dp/B097HTC4WN?tag=eloabder-20&linkCode=osi&th=1&psc=1">View Product</a></div><div class="product"><a href="https://www.amazon.com/dp/B00HDHQQCE?tag=eloabder-20&linkCode=osi&th=1&psc=1"><img src="https://m.media-amazon.com/images/I/41vF-7MwNhL._SL500_.jpg" alt="Product Image"></a><p>Murray's 100% Pure Beeswax 4 oz</p><p>$5.98 ($1.50 / Ounce)</p><a href="https://www.amazon.com/dp/B00HDHQQCE?tag=eloabder-20&linkCode=osi&th=1&psc=1">View Product</a></div><div class="product"><a href="https://www.amazon.com/dp/B09YM8JTLM?tag=eloabder-20&linkCode=osi&th=1&psc=1"><img src="https://m.media-amazon.com/images/I/41cjNuBnFEL._SL500_.jpg" alt="Product Image"></a><p>TRINIDa Beeswax Pellets 2LB(32 oz), 100% Organic Yellow Bees Wax for DIY Candles, Beeswax for Candle Making, Skin, Body, Face, and Hair Care, Lotions, DIY Creams, Lip Balm and Soap Making Supplies</p><p>$11.99</p><a href="https://www.amazon.com/dp/B09YM8JTLM?tag=eloabder-20&linkCode=osi&th=1&psc=1">View Product</a></div><div class="product"><a href="https://www.amazon.com/dp/B00F3CNMV4?tag=eloabder-20&linkCode=osi&th=1&psc=1"><img src="https://m.media-amazon.com/images/I/31pjrRAEa4L._SL500_.jpg" alt="Product Image"></a><p>Stakich Yellow Beeswax Block - Natural, Triple Filtered - 1 Pound, Honey Scent</p><p>$13.95 ($0.87 / Ounce)</p><a href="https://www.amazon.com/dp/B00F3CNMV4?tag=eloabder-20&linkCode=osi&th=1&psc=1">View Product</a></div><div class="product"><a href="https://www.amazon.com/dp/B0BXFZBZS9?tag=eloabder-20&linkCode=osi&th=1&psc=1"><img src="https://m.media-amazon.com/images/I/4178i9IB9KL._SL500_.jpg" alt="Product Image"></a><p>5LB Beeswax Pellets Beeswax for Candle Making Organic Beeswax Pellets for Skin Beeswax Beads Beeswax Bulk Beeswax for Lotion Making Organic for DIY and Craft Project</p><p>$22.99</p><a href="https://www.amazon.com/dp/B0BXFZBZS9?tag=eloabder-20&linkCode=osi&th=1&psc=1">View Product</a></div>
<div class="product"><a href="https://www.amazon.com/dp/B0052F1BVK?tag=eloabder-20&linkCode=osi&th=1&psc=1"><img src="https://m.media-amazon.com/images/I/41zE9eiGoLL._SL500_.jpg" alt="Product Image"></a><p>ACC Staples Large Binder Clips, 2" Width, 1" Capacity, Black, 12/Pk</p><p>$6.30</p><a href="https://www.amazon.com/dp/B0052F1BVK?tag=eloabder-20&linkCode=osi&th=1&psc=1">View Product</a></div><div class="product"><a href="https://www.amazon.com/dp/B07MLFR771?tag=eloabder-20&linkCode=osi&th=1&psc=1"><img src="https://m.media-amazon.com/images/I/51N2wxA7N0L._SL500_.jpg" alt="Product Image"></a><p>CooBigo 50 Pack Binder Ring, Metal Book Ring Paper Ring Holder 5/8-Inch Loose Leaf Binder Ring Clip for Index Card, Flash Card Ring, Card Calendar, Keychain Key Ring - Bronze</p><p>$6.99</p><a href="https://www.amazon.com/dp/B07MLFR771?tag=eloabder-20&linkCode=osi&th=1&psc=1">View Product</a></div><div class="product"><a href="https://www.amazon.com/dp/B01563NHGY?tag=eloabder-20&linkCode=osi&th=1&psc=1"><img src="https://m.media-amazon.com/images/I/41gj+0ZftqL._SL500_.jpg" alt="Product Image"></a><p>vanki Pack of 40 Cute Lovely Smiling Face Spring-Loaded File Organizer Paper Holder Metal Binder Clips, Assorted Color</p><p>$8.99</p><a href="https://www.amazon.com/dp/B01563NHGY?tag=eloabder-20&linkCode=osi&th=1&psc=1">View Product</a></div><div class="product"><a href="https://www.amazon.com/dp/B000GOUDSO?tag=eloabder-20&linkCode=osi&th=1&psc=1"><img src="https://m.media-amazon.com/images/I/41ZANISHgML._SL500_.jpg" alt="Product Image"></a><p>Small Binder Clips .75" 8/Pkg-Assorted Colors</p><p>$4.46</p><a href="https://www.amazon.com/dp/B000GOUDSO?tag=eloabder-20&linkCode=osi&th=1&psc=1">View Product</a></div>
<div class="product"><a href="https://www.amazon.com/dp/B07PRPX4VR?tag=eloabder-20&linkCode=osi&th=1&psc=1"><img src="https://m.media-amazon.com/images/I/41IMH12fdPL._SL500_.jpg" alt="Product Image"></a><p>Durable Sheet Lifters, Durable Easy Flow, 11" x 3", Lifts Sheets Over Rings and Protects Sheets from Tearing, Fit Standard 3-Ring Binders, Black (20 Pack)</p><p>$14.99</p><a href="https://www.amazon.com/dp/B07PRPX4VR?tag=eloabder-20&linkCode=osi&th=1&psc=1">View Product</a></div><div class="product"><a href="https://www.amazon.com/dp/B0CM8QJHFW?tag=eloabder-20&linkCode=osi&th=1&psc=1"><img src="https://m.media-amazon.com/images/I/31cJGS74oCL._SL500_.jpg" alt="Product Image"></a><p>Wantane D-Shaped Tape Storage Ring Tape Storage Ring 4" D-Shaped Washi Tape Storage Ring for DIY Decoration and Storage（Nickel）-2PCS</p><p>$7.99</p><a href="https://www.amazon.com/dp/B0CM8QJHFW?tag=eloabder-20&linkCode=osi&th=1&psc=1">View Product</a></div>
<div class="product"><a href="https://www.amazon.com/dp/B00006IAS3?tag=eloabder-20&linkCode=osi&th=1&psc=1"><img src="https://m.media-amazon.com/images/I/317DvSXhT1L._SL500_.jpg" alt="Product Image"></a><p>GBC Binding System, Manual, Desktop Binding Punch, 6 Sheet Punch Capacity, ProClick P50 (2515650)</p><p>$123.89</p><a href="https://www.amazon.com/dp/B00006IAS3?tag=eloabder-20&linkCode=osi&th=1&psc=1">View Product</a></div><div class="product"><a href="https://www.amazon.com/dp/B004BP81KQ?tag=eloabder-20&linkCode=osi&th=1&psc=1"><img src="https://m.media-amazon.com/images/I/51SqfeZ12KL._SL500_.jpg" alt="Product Image"></a><p>We R Memory Keepers Cinch Book Binding Wire (1-Inch, Silver (2 Pack))</p><p>$5.99</p><a href="https://www.amazon.com/dp/B004BP81KQ?tag=eloabder-20&linkCode=osi&th=1&psc=1">View Product</a></div>

<div class="product"><a href="https://www.amazon.com/dp/B0007ZJ8TM?tag=eloabder-20&linkCode=osi&th=1&psc=1"><img src="https://m.media-amazon.com/images/I/41i49sz3UAL._SL500_.jpg" alt="Product Image"></a><p>Speedball Super Black India Ink, 2-Ounce</p><p>$9.99 ($9.99 / Count)</p><a href="https://www.amazon.com/dp/B0007ZJ8TM?tag=eloabder-20&linkCode=osi&th=1&psc=1">View Product</a></div><div class="product"><a href="https://www.amazon.com/dp/B0026I10AI?tag=eloabder-20&linkCode=osi&th=1&psc=1"><img src="https://m.media-amazon.com/images/I/31vklP4uBsL._SL500_.jpg" alt="Product Image"></a><p>Dr. Ph. Martin's Bombay India (7BY) Ink Bottle, 1.0 oz, Black</p><p>$6.99</p><a href="https://www.amazon.com/dp/B0026I10AI?tag=eloabder-20&linkCode=osi&th=1&psc=1">View Product</a></div><div class="product"><a href="https://www.amazon.com/dp/B000KNP96C?tag=eloabder-20&linkCode=osi&th=1&psc=1"><img src="https://m.media-amazon.com/images/I/51e9srYtG0L._SL500_.jpg" alt="Product Image"></a><p>Winsor & Newton Drawing Ink, 14ml Bottle, Black Indian</p><p>$10.99</p><a href="https://www.amazon.com/dp/B000KNP96C?tag=eloabder-20&linkCode=osi&th=1&psc=1">View Product</a></div><div class="product"><a href="https://www.amazon.com/dp/B07BQG5QF4?tag=eloabder-20&linkCode=osi&th=1&psc=1"><img src="https://m.media-amazon.com/images/I/41nEMDYZaiL._SL500_.jpg" alt="Product Image"></a><p>Speedball Super Black India Ink, 16-Ounce</p><p>$19.99</p><a href="https://www.amazon.com/dp/B07BQG5QF4?tag=eloabder-20&linkCode=osi&th=1&psc=1">View Product</a></div><div class="product"><a href="https://www.amazon.com/dp/B001038NLY?tag=eloabder-20&linkCode=osi&th=1&psc=1"><img src="https://m.media-amazon.com/images/I/418i4sxJJ0L._SL500_.jpg" alt="Product Image"></a><p>Speedball Fabric Screen Printing Ink, 8-Ounce, Black for T-Shirt and Silkscreen Printmaking</p><p>$12.99 ($1.62 / Fl Oz)</p><a href="https://www.amazon.com/dp/B001038NLY?tag=eloabder-20&linkCode=osi&th=1&psc=1">View Product</a></div><div class="product"><a href="https://www.amazon.com/dp/B00161OPSA?tag=eloabder-20&linkCode=osi&th=1&psc=1"><img src="https://m.media-amazon.com/images/I/41C32y3CJAL._SL500_.jpg" alt="Product Image"></a><p>Tsukineko VersaFine inkpad, Full-Size, Onyx Black</p><p>$4.99 ($4.99 / Count)</p><a href="https://www.amazon.com/dp/B00161OPSA?tag=eloabder-20&linkCode=osi&th=1&psc=1">View Product</a></div>
<div class="product"><a href="https://www.amazon.com/dp/B07Q4TJCDJ?tag=eloabder-20&linkCode=osi&th=1&psc=1"><img src="https://m.media-amazon.com/images/I/315HYvYg-BL._SL500_.jpg" alt="Product Image"></a><p>Primbeeks 300pcs Blank Business Cards, Premium Blank White Cards, 3.5" x 2.2" Small Blank Cards, Blank Cardstock Cards, Small Note Cards, white blank cards, white business cards, kraft paper cards</p><p>$7.99</p><a href="https://www.amazon.com/dp/B07Q4TJCDJ?tag=eloabder-20&linkCode=osi&th=1&psc=1">View Product</a></div><div class="product"><a href="https://www.amazon.com/dp/B0CRGHFLT8?tag=eloabder-20&linkCode=osi&th=1&psc=1"><img src="https://m.media-amazon.com/images/I/41S1NLpb8hL._SL500_.jpg" alt="Product Image"></a><p>Watercolor Cards and Envelopes Set - 50 Folded 5x7 Inch Blank Heavyweight Paper Cards (140lb/300gsm) with Matching Envelopes for DIY Greeting Cards, Festivals, and Events</p><p>$17.99 ($0.36 / Count)</p><a href="https://www.amazon.com/dp/B0CRGHFLT8?tag=eloabder-20&linkCode=osi&th=1&psc=1">View Product</a></div><div class="product"><a href="https://www.amazon.com/dp/B08MX4TZ3H?tag=eloabder-20&linkCode=osi&th=1&psc=1"><img src="https://m.media-amazon.com/images/I/41D2u4vdLQL._SL500_.jpg" alt="Product Image"></a><p>50 Pack Blank Kraft Cards Cardstock Thick Paper Brown Greeting Cards for DIY Gift Card Menus, Baby Shower and Wedding Invitations (Multicolored, 5x7IN)</p><p>$8.99</p><a href="https://www.amazon.com/dp/B08MX4TZ3H?tag=eloabder-20&linkCode=osi&th=1&psc=1">View Product</a></div><div class="product"><a href="https://www.amazon.com/dp/B08BDGGVMK?tag=eloabder-20&linkCode=osi&th=1&psc=1"><img src="https://m.media-amazon.com/images/I/41W-dTUoBqL._SL500_.jpg" alt="Product Image"></a><p>100pcs 3.54"x2" Blank Kraft Paper Business Card, Words Message Notes paper Tags, Mini Craft Cardboard Festival gifts - 6 colors</p><p>$5.98</p><a href="https://www.amazon.com/dp/B08BDGGVMK?tag=eloabder-20&linkCode=osi&th=1&psc=1">View Product</a></div><div class="product"><a href="https://www.amazon.com/dp/B08BFDJJ78?tag=eloabder-20&linkCode=osi&th=1&psc=1"><img src="https://m.media-amazon.com/images/I/61LZ1Csb+dL._SL500_.jpg" alt="Product Image"></a><p>Nettbe 100pcs 3.54"x2" Blank Kraft Paper Business Card, Words Message Notes paper Tags, Mini Craft Cardboard Festival gifts</p><p>$5.99</p><a href="https://www.amazon.com/dp/B08BFDJJ78?tag=eloabder-20&linkCode=osi&th=1&psc=1">View Product</a></div><div class="product"><a href="https://www.amazon.com/dp/B07Q8YBJM3?tag=eloabder-20&linkCode=osi&th=1&psc=1"><img src="https://m.media-amazon.com/images/I/31w6U4cCqEL._SL500_.jpg" alt="Product Image"></a><p>Primbeeks 228pcs Blank Business Cards, Premium Blank White Cards, 3.5" x 2.2" Small Blank Cards, Blank Cardstock Cards, Small Note Cards, white blank cards, white business cards, kraft paper cards</p><p>$5.99</p><a href="https://www.amazon.com/dp/B07Q8YBJM3?tag=eloabder-20&linkCode=osi&th=1&psc=1">View Product</a></div><div class="product"><a href="https://www.amazon.com/dp/B08X4Z9TGN?tag=eloabder-20&linkCode=osi&th=1&psc=1"><img src="https://m.media-amazon.com/images/I/41Jqhe35tDL._SL500_.jpg" alt="Product Image"></a><p>321Done Blank Rustic Cards, Made in USA - 4x6 Thick, Heavy Cardstock - Make Invites, Greeting, Note, Thank You Cards - Plain Kraft for Writing, Stamping, Printing, Art - No Envelopes - Set of 50</p><p>$14.99</p><a href="https://www.amazon.com/dp/B08X4Z9TGN?tag=eloabder-20&linkCode=osi&th=1&psc=1">View Product</a></div><div class="product"><a href="https://www.amazon.com/dp/B0D2KDWBNM?tag=eloabder-20&linkCode=osi&th=1&psc=1"><img src="https://m.media-amazon.com/images/I/31dAhnBJ7aL._SL500_.jpg" alt="Product Image"></a><p>4x6 Blank White Cardstock (Set of 100) - Card Stock for Printer Postcards, Photo Paper Invitations, Greeting, Note, Thank You, DIY Making, Index Cards - Plain for Writing, Stamping, Printing, Art</p><p>$8.99</p><a href="https://www.amazon.com/dp/B0D2KDWBNM?tag=eloabder-20&linkCode=osi&th=1&psc=1">View Product</a></div><div class="product"><a href="https://www.amazon.com/dp/B0BB858RYN?tag=eloabder-20&linkCode=osi&th=1&psc=1"><img src="https://m.media-amazon.com/images/I/317zmriPKNL._SL500_.jpg" alt="Product Image"></a><p>WANDERINGS Handmade White Deckle Edge Blank Greeting Cards- Folded to 5x7” - Pack of 25 - Writers, Artists, Crafters - Thank Yous, Invitations, Menus, Greeting Cards, Notes - Thick 150 GSM</p><p>$21.99 ($0.88 / Count)</p><a href="https://www.amazon.com/dp/B0BB858RYN?tag=eloabder-20&linkCode=osi&th=1&psc=1">View Product</a></div><div class="product"><a href="https://www.amazon.com/dp/B0BZPPXRZW?tag=eloabder-20&linkCode=osi&th=1&psc=1"><img src="https://m.media-amazon.com/images/I/21Da-WQhrpL._SL500_.jpg" alt="Product Image"></a><p>100 Pack Thick Paper Cardstock Blank Heavy Cards Stock for Invitations, Greeting Cards Making, Postcards, Photos, 250GSM Thick Paper (White, 2x3.5 inches)</p><p>$5.99</p><a href="https://www.amazon.com/dp/B0BZPPXRZW?tag=eloabder-20&linkCode=osi&th=1&psc=1">View Product</a></div>
<div class="product"><a href="https://www.amazon.com/dp/B0BZRDQKH6?tag=eloabder-20&linkCode=osi&th=1&psc=1"><img src="https://m.media-amazon.com/images/I/41GYYRiusgL._SL500_.jpg" alt="Product Image"></a><p>feela 8 Pack Unlined Kraft Paper Notebooks, Blank Journal Note Pad for Drawing Writing, Small Sketchbook Travel Journal Bulk for Women Kids Students Office School Supplies, A5, 60 Pages, 8.3” X 5.5”</p><p>$9.99</p><a href="https://www.amazon.com/dp/B0BZRDQKH6?tag=eloabder-20&linkCode=osi&th=1&psc=1">View Product</a></div><div class="product"><a href="https://www.amazon.com/dp/B0BXLB74KK?tag=eloabder-20&linkCode=osi&th=1&psc=1"><img src="https://m.media-amazon.com/images/I/313vYzg7HpL._SL500_.jpg" alt="Product Image"></a><p>ZZTX 4 Pack Blank Kraft Notebooks, Blank Paper Sketchbooks for Drawing Doodling Writing,Travel Journal Set, A5, 36 Pages, 8.3” X 5.5”</p><p>$5.99</p><a href="https://www.amazon.com/dp/B0BXLB74KK?tag=eloabder-20&linkCode=osi&th=1&psc=1">View Product</a></div><div class="product"><a href="https://www.amazon.com/dp/B0BW5TNPXJ?tag=eloabder-20&linkCode=osi&th=1&psc=1"><img src="https://m.media-amazon.com/images/I/31Wu8UP78iL._SL500_.jpg" alt="Product Image"></a><p>EOOUT Kraft Notebooks, Blank Page Journals in Bulk, 16pcs A5, 8.3 X 5.5 Inches, 60 Pages, 80gsm, Travel Journal Set, for Art Camp, Travelers, Students and Office Supplies Sketchbooks Bulk for Kids</p><p>$15.99</p><a href="https://www.amazon.com/dp/B0BW5TNPXJ?tag=eloabder-20&linkCode=osi&th=1&psc=1">View Product</a></div><div class="product"><a href="https://www.amazon.com/dp/B08P3F46SD?tag=eloabder-20&linkCode=osi&th=1&psc=1"><img src="https://m.media-amazon.com/images/I/41jeBDcZJ1L._SL500_.jpg" alt="Product Image"></a><p>Krafty Soft Cover Blank Notebook Journal, Spiral Sketchbook Pad, Drawing Book, 60 Sheets/140gsm (A4)/120 Pages</p><p>$7.99</p><a href="https://www.amazon.com/dp/B08P3F46SD?tag=eloabder-20&linkCode=osi&th=1&psc=1">View Product</a></div><div class="product"><a href="https://www.amazon.com/dp/B0CWNPMC4T?tag=eloabder-20&linkCode=osi&th=1&psc=1"><img src="https://m.media-amazon.com/images/I/31BZeVGe6TL._SL500_.jpg" alt="Product Image"></a><p>zmybcpack 5 Pack Blank Journal Notebooks, Blank Paper Sketchbook for Drawing Writing, Travel Journal Notebook Kraft Paper Notebook for Travelers, Students, Office, A5, 8.26” x 5.5”, 60 Pages/30 Sheets</p><p>$8.99</p><a href="https://www.amazon.com/dp/B0CWNPMC4T?tag=eloabder-20&linkCode=osi&th=1&psc=1">View Product</a></div><div class="product"><a href="https://www.amazon.com/dp/B07WHYP9WN?tag=eloabder-20&linkCode=osi&th=1&psc=1"><img src="https://m.media-amazon.com/images/I/41ZhyCux1yL._SL500_.jpg" alt="Product Image"></a><p>Thick Blank Journal Notebook with Unlined / Unruled / Plain Pages | Deluxe 120gsm Ink Resistant Paper for Writing, Sketch Book, 160 Pages | Hardcover Sketchbook with Pen Holder, Pocket, Ribbon (Black)</p><p>$14.99</p><a href="https://www.amazon.com/dp/B07WHYP9WN?tag=eloabder-20&linkCode=osi&th=1&psc=1">View Product</a></div>
<div class="product"><a href="https://www.amazon.com/dp/B07MT7HKZW?tag=eloabder-20&linkCode=osi&th=1&psc=1"><img src="https://m.media-amazon.com/images/I/413JwH5JREL._SL500_.jpg" alt="Product Image"></a><p>Spiral Sketch Book Large Notebook（Built-in Drawing Board） Kraft Cover Blank Sketch Pad Wirebound Sketching for Drawing Painting 8.5x11-Inch (2 Pack) 200 Sheets, 100 Sheets, 200Pages Each</p><p>$17.99 ($9.00 / Count)</p><a href="https://www.amazon.com/dp/B07MT7HKZW?tag=eloabder-20&linkCode=osi&th=1&psc=1">View Product</a></div><div class="product"><a href="https://www.amazon.com/dp/B0BDQ82WB9?tag=eloabder-20&linkCode=osi&th=1&psc=1"><img src="https://m.media-amazon.com/images/I/51FoWr3GPwL._SL500_.jpg" alt="Product Image"></a><p>feela 170 Pack Blank Kraft Notebooks, Unlined Sketchbook Mini Cute Note Pad for Drawing Writing, Journal Bulk For Kids Students Office School Supplies, A6, 48 Pages, 4.25” X 5.5”, Black and Brown</p><p>$51.99</p><a href="https://www.amazon.com/dp/B0BDQ82WB9?tag=eloabder-20&linkCode=osi&th=1&psc=1">View Product</a></div><div class="product"><a href="https://www.amazon.com/dp/B0B3WWHWT2?tag=eloabder-20&linkCode=osi&th=1&psc=1"><img src="https://m.media-amazon.com/images/I/31m0FzXtPxL._SL500_.jpg" alt="Product Image"></a><p>Tamaki 6 Pack Colorful Blank Books for kids to Write, Drawing, Cute Sketchbook for Kid, 6 Colors (4.25 x 5.5 Inches)</p><p>$6.99</p><a href="https://www.amazon.com/dp/B0B3WWHWT2?tag=eloabder-20&linkCode=osi&th=1&psc=1">View Product</a></div>
<div class="product"><a href="https://www.amazon.com/dp/B0BGH2P9M6?tag=eloabder-20&linkCode=osi&th=1&psc=1"><img src="https://m.media-amazon.com/images/I/41ozOaYoHEL._SL500_.jpg" alt="Product Image"></a><p>EOOUT 100pcs A5 Kraft Notebooks, Blank Page Journals in Bulk, Sketchbooks Bulk for Kids, 60 Pages, 80GSM, 8.3 X 5.5 Inch, Travel Journal Set, for Art Camp, Travelers, Students and Office Supplies</p><p>$51.99</p><a href="https://www.amazon.com/dp/B0BGH2P9M6?tag=eloabder-20&linkCode=osi&th=1&psc=1">View Product</a></div><div class="product"><a href="https://www.amazon.com/dp/B07MT99F94?tag=eloabder-20&linkCode=osi&th=1&psc=1"><img src="https://m.media-amazon.com/images/I/41Ug7gpSWDL._SL500_.jpg" alt="Product Image"></a><p>Spiral Sketch Book Large Notebook（Built-in Drawing Board） Kraft Cover Blank Sketch Pad Wirebound Sketching for Drawing Painting 8.5x11-Inch (1 Pack) 200 Pages, 100 Sheets</p><p>$9.99</p><a href="https://www.amazon.com/dp/B07MT99F94?tag=eloabder-20&linkCode=osi&th=1&psc=1">View Product</a></div><div class="product"><a href="https://www.amazon.com/dp/B07CM32KLM?tag=eloabder-20&linkCode=osi&th=1&psc=1"><img src="https://m.media-amazon.com/images/I/41ENhBLE9DL._SL500_.jpg" alt="Product Image"></a><p>Kraft Cover Drawing Notebook & Sketchbook – Set of 2 Blank Plain Sketch Books – 125g Thick Paper A5 Size, 150x210mm Paper Ideal for Drawing & Sketching- 128 sheets/256 pages – 180 Degree Opening, 2pcs</p><p>$20.99 ($0.08 / Count)</p><a href="https://www.amazon.com/dp/B07CM32KLM?tag=eloabder-20&linkCode=osi&th=1&psc=1">View Product</a></div><div class="product"><a href="https://www.amazon.com/dp/B08ZLMLF7C?tag=eloabder-20&linkCode=osi&th=1&psc=1"><img src="https://m.media-amazon.com/images/I/41X-5yj83vL._SL500_.jpg" alt="Product Image"></a><p>BEECHMORE BOOKS Sketch Book, A4 8.5 x 11.5 inch Blank Sketchbook for Drawing, Paint and Draw, 156 Pages Thick Paper 160gsm, Hardcover Leather Art Notebook, Boxed for Gifts (Chestnut Brown)</p><p>$21.20</p><a href="https://www.amazon.com/dp/B08ZLMLF7C?tag=eloabder-20&linkCode=osi&th=1&psc=1">View Product</a></div>
<div class="product"><a href="https://www.amazon.com/dp/B075M9MSFH?tag=eloabder-20&linkCode=osi&th=1&psc=1"><img src="https://m.media-amazon.com/images/I/51x+szTX6TL._SL500_.jpg" alt="Product Image"></a><p>Bianyo Bleedproof Marker Paper Pad, A4(8.27"X11.69"), 50 Sheets, 18 LB / 70 GSM, Glue-Bound, 100% Cotton, White, Ideal for Use with Markers and Ink Mediums</p><p>$9.99</p><a href="https://www.amazon.com/dp/B075M9MSFH?tag=eloabder-20&linkCode=osi&th=1&psc=1">View Product</a></div><div class="product"><a href="https://www.amazon.com/dp/B08FX5S2NL?tag=eloabder-20&linkCode=osi&th=1&psc=1"><img src="https://m.media-amazon.com/images/I/41CA0ZfazKL._SL500_.jpg" alt="Product Image"></a><p>Marker Paper Sketchbook, Bleedproof Art Marker Pad, (8.27 X 11.69) Inch, White, 40 Sheets</p><p>$6.99</p><a href="https://www.amazon.com/dp/B08FX5S2NL?tag=eloabder-20&linkCode=osi&th=1&psc=1">View Product</a></div><div class="product"><a href="https://www.amazon.com/dp/B0CJRBFSJ8?tag=eloabder-20&linkCode=osi&th=1&psc=1"><img src="https://m.media-amazon.com/images/I/51DLA8TpwEL._SL500_.jpg" alt="Product Image"></a><p>Shuttle Art Marker Pad, 8.3”x8.9” Portable Square Sketchbook, 80 Sheets Marker Drawing Paper, 120LB/200GSM Bleedproof Art Paper, Spiral-Bound, Great for Professional Artist to Draw, Paint & Sketch</p><p>$16.99</p><a href="https://www.amazon.com/dp/B0CJRBFSJ8?tag=eloabder-20&linkCode=osi&th=1&psc=1">View Product</a></div><div class="product"><a href="https://www.amazon.com/dp/B09N7VX5Z5?tag=eloabder-20&linkCode=osi&th=1&psc=1"><img src="https://m.media-amazon.com/images/I/51xCPs9HZyL._SL500_.jpg" alt="Product Image"></a><p>Marker Paper Sketchbook - Marker Sketchbook with Bleedproof Smooth Coated Art Paper, 120 GSM 80 LBS - Marker Pad for Alcohol Markers, Sketching, Drawing - 8.11 x 8.5 Inch | 50 Sheets, 2 Pack</p><p>$15.99 ($8.00 / Count)</p><a href="https://www.amazon.com/dp/B09N7VX5Z5?tag=eloabder-20&linkCode=osi&th=1&psc=1">View Product</a></div><div class="product"><a href="https://www.amazon.com/dp/B07CK94W9T?tag=eloabder-20&linkCode=osi&th=1&psc=1"><img src="https://m.media-amazon.com/images/I/41ocoSNDjdL._SL500_.jpg" alt="Product Image"></a><p>BOXUN Premium 50 Sheets Sketch Marker Paper Pad, Bleedproof Artist Drawing Paper, 8.27 x 11.69 Inch</p><p>$8.29 ($0.17 / Count)</p><a href="https://www.amazon.com/dp/B07CK94W9T?tag=eloabder-20&linkCode=osi&th=1&psc=1">View Product</a></div><div class="product"><a href="https://www.amazon.com/dp/B0CPXWD11W?tag=eloabder-20&linkCode=osi&th=1&psc=1"><img src="https://m.media-amazon.com/images/I/51ApKzpDVNL._SL500_.jpg" alt="Product Image"></a><p>FEITAKE Marker Paper Pad Sketchbook Bleedproof for Alcohol Markers 120lb/200gsm Double Sided Thick Art Drawing Papers 60pages (30Sheets) / A4(8.3"x11.7") Gift for Artists Students Kids</p><p>$13.99 ($0.47 / Count)</p><a href="https://www.amazon.com/dp/B0CPXWD11W?tag=eloabder-20&linkCode=osi&th=1&psc=1">View Product</a></div><div class="product"><a href="https://www.amazon.com/dp/B0025TWYW6?tag=eloabder-20&linkCode=osi&th=1&psc=1"><img src="https://m.media-amazon.com/images/I/51t6UkUHCvL._SL500_.jpg" alt="Product Image"></a><p>Bee Paper Bleedproof Marker Pack, 8-1/2-Inch by 11-Inch, 50 Sheets per Pack</p><p>$17.09 ($0.34 / Count)</p><a href="https://www.amazon.com/dp/B0025TWYW6?tag=eloabder-20&linkCode=osi&th=1&psc=1">View Product</a></div><div class="product"><a href="https://www.amazon.com/dp/B0CJRBYYQB?tag=eloabder-20&linkCode=osi&th=1&psc=1"><img src="https://m.media-amazon.com/images/I/41knBnjZ25L._SL500_.jpg" alt="Product Image"></a><p>Shuttle Art Marker Pad, 8.3”x7.67” Portable Square Sketchbook, 50 Sheets Marker Drawing Paper, 60LB/90GSM Smooth Surface Bleedproof Art Paper, Glue-Bound, Great for Beginners to Draw, Paint & Sketch</p><p>$8.99 ($0.18 / Count)</p><a href="https://www.amazon.com/dp/B0CJRBYYQB?tag=eloabder-20&linkCode=osi&th=1&psc=1">View Product</a></div>
<div class="product"><a href="https://www.amazon.com/dp/B00881IU8M?tag=eloabder-20&linkCode=osi&th=1&psc=1"><img src="https://m.media-amazon.com/images/I/41hbSgdLBtL._SL500_.jpg" alt="Product Image"></a><p>Speedball Fabric & Paper Block Printing Ink 6-Color Set, 1.25-Ounce x 6</p><p>$28.99 ($28.99 / Count)</p><a href="https://www.amazon.com/dp/B00881IU8M?tag=eloabder-20&linkCode=osi&th=1&psc=1">View Product</a></div><div class="product"><a href="https://www.amazon.com/dp/B000J09PFM?tag=eloabder-20&linkCode=osi&th=1&psc=1"><img src="https://m.media-amazon.com/images/I/51yPRc4nvoL._SL500_.jpg" alt="Product Image"></a><p>Speedball Water-Soluble Block Printing Ink Starter Set, 6 Bold Colors with Satin Finish, 1.25-Ounce Tubes</p><p>$29.99 ($4.00 / Fl Oz)</p><a href="https://www.amazon.com/dp/B000J09PFM?tag=eloabder-20&linkCode=osi&th=1&psc=1">View Product</a></div><div class="product"><a href="https://www.amazon.com/dp/B000BYT24U?tag=eloabder-20&linkCode=osi&th=1&psc=1"><img src="https://m.media-amazon.com/images/I/51pDlo+LlKL._SL500_.jpg" alt="Product Image"></a><p>Speedball Water-Soluble Block Printing Ink, 8-Ounce Jar, Black</p><p>$14.49</p><a href="https://www.amazon.com/dp/B000BYT24U?tag=eloabder-20&linkCode=osi&th=1&psc=1">View Product</a></div><div class="product"><a href="https://www.amazon.com/dp/B00C1JUJWW?tag=eloabder-20&linkCode=osi&th=1&psc=1"><img src="https://m.media-amazon.com/images/I/41zDtJ6f5hL._SL500_.jpg" alt="Product Image"></a><p>Speedball Fabric Block Printing Ink, 2.5-Ounce, Black</p><p>$9.99 ($4.00 / Fl Oz)</p><a href="https://www.amazon.com/dp/B00C1JUJWW?tag=eloabder-20&linkCode=osi&th=1&psc=1">View Product</a></div><div class="product"><a href="https://www.amazon.com/dp/B004PZ1ZJG?tag=eloabder-20&linkCode=osi&th=1&psc=1"><img src="https://m.media-amazon.com/images/I/41+GkhhpR5L._SL500_.jpg" alt="Product Image"></a><p>Speedball Water-Soluble Block Printing Ink Starter Set, 4-Color Set, 1.25-Ounce Tubes</p><p>$20.99</p><a href="https://www.amazon.com/dp/B004PZ1ZJG?tag=eloabder-20&linkCode=osi&th=1&psc=1">View Product</a></div><div class="product"><a href="https://www.amazon.com/dp/B0017CZF3C?tag=eloabder-20&linkCode=osi&th=1&psc=1"><img src="https://m.media-amazon.com/images/I/41S17SYPAZL._SL500_.jpg" alt="Product Image"></a><p>Speedball Water Soluble Block Printing Ink, Black, 2-1/2 Ounces - 380663</p><p>$9.99</p><a href="https://www.amazon.com/dp/B0017CZF3C?tag=eloabder-20&linkCode=osi&th=1&psc=1">View Product</a></div><div class="product"><a href="https://www.amazon.com/dp/B0BXNX8FSH?tag=eloabder-20&linkCode=osi&th=1&psc=1"><img src="https://m.media-amazon.com/images/I/51JGm1VxVOL._SL500_.jpg" alt="Product Image"></a><p>Falling in Art Water-Soluble Block Printing Ink, 6-Color Printmaking Ink Set for Linoleum Block, 3.5 floz</p><p>$28.99</p><a href="https://www.amazon.com/dp/B0BXNX8FSH?tag=eloabder-20&linkCode=osi&th=1&psc=1">View Product</a></div><div class="product"><a href="https://www.amazon.com/dp/B0027ACJBO?tag=eloabder-20&linkCode=osi&th=1&psc=1"><img src="https://m.media-amazon.com/images/I/41OzayB9ojL._SL500_.jpg" alt="Product Image"></a><p>Speedball 3476 Oil-Based Block Printing Ink Starter Set for Professional, Permanent Prints AP Certified – 1.25 FL OZ Tubes</p><p>$33.99</p><a href="https://www.amazon.com/dp/B0027ACJBO?tag=eloabder-20&linkCode=osi&th=1&psc=1">View Product</a></div>
<div class="product"><a href="https://www.amazon.com/dp/B0027AGDWK?tag=eloabder-20&linkCode=osi&th=1&psc=1"><img src="https://m.media-amazon.com/images/I/515LDer6GPL._SL500_.jpg" alt="Product Image"></a><p>Speedball Deluxe Block Printing Kit - Includes Inks, Brayer, Bench Hook, Lino Handle and Cutters, Speedy-Carve Block, Mounted Linoleum Block</p><p>$59.99</p><a href="https://www.amazon.com/dp/B0027AGDWK?tag=eloabder-20&linkCode=osi&th=1&psc=1">View Product</a></div><div class="product"><a href="https://www.amazon.com/dp/B07ZJBZN5S?tag=eloabder-20&linkCode=osi&th=1&psc=1"><img src="https://m.media-amazon.com/images/I/41UbN58y9uS._SL500_.jpg" alt="Product Image"></a><p>SGHUO 12pcs 4"x6" Pink Rubber Carving Blocks Linoleum Block Stamp Making Kit</p><p>$22.99 ($1.92 / Count)</p><a href="https://www.amazon.com/dp/B07ZJBZN5S?tag=eloabder-20&linkCode=osi&th=1&psc=1">View Product</a></div>
<div class="product"><a href="https://www.amazon.com/dp/B00L2DYUM8?tag=eloabder-20&linkCode=osi&th=1&psc=1"><img src="https://m.media-amazon.com/images/I/51l5FZ0+5AL._SL500_.jpg" alt="Product Image"></a><p>Strathmore 300 Series Printmaking Paper Pad, Glue Bound, 5x7 inches, 40 Sheets (120g) - Artist Paper for Adults and Students - Block Printing, Linocut, Screen Printing, White</p><p>$7.26</p><a href="https://www.amazon.com/dp/B00L2DYUM8?tag=eloabder-20&linkCode=osi&th=1&psc=1">View Product</a></div><div class="product"><a href="https://www.amazon.com/dp/B07BSYS5XC?tag=eloabder-20&linkCode=osi&th=1&psc=1"><img src="https://m.media-amazon.com/images/I/51Uwfq0jv+L._SL500_.jpg" alt="Product Image"></a><p>Ucreate Printmaking Paper, 9"x12", White, 100 Sheet, P9001</p><p>$9.79</p><a href="https://www.amazon.com/dp/B07BSYS5XC?tag=eloabder-20&linkCode=osi&th=1&psc=1">View Product</a></div><div class="product"><a href="https://www.amazon.com/dp/B00K5562WA?tag=eloabder-20&linkCode=osi&th=1&psc=1"><img src="https://m.media-amazon.com/images/I/51Dm+TeJGdL._SL500_.jpg" alt="Product Image"></a><p>Strathmore Printmaking Paper Pad 8"X10"-20 Sheets -62433800, White</p><p>$10.19</p><a href="https://www.amazon.com/dp/B00K5562WA?tag=eloabder-20&linkCode=osi&th=1&psc=1">View Product</a></div><div class="product"><a href="https://www.amazon.com/dp/B001DNH8I0?tag=eloabder-20&linkCode=osi&th=1&psc=1"><img src="https://m.media-amazon.com/images/I/51UzoKdUojL._SL500_.jpg" alt="Product Image"></a><p>Black Ink 9-Inch by 12-Inch Bleached Mulberry Block Printing Paper, 25-Pack</p><p>$19.35 ($0.77 / Count)</p><a href="https://www.amazon.com/dp/B001DNH8I0?tag=eloabder-20&linkCode=osi&th=1&psc=1">View Product</a></div><div class="product"><a href="https://www.amazon.com/dp/B00C6G6L5Y?tag=eloabder-20&linkCode=osi&th=1&psc=1"><img src="https://m.media-amazon.com/images/I/5103h0Rm8sL._SL500_.jpg" alt="Product Image"></a><p>Black Ink Thai Mulberry Block Printing Paper Packs small assorted colors</p><p>$21.99</p><a href="https://www.amazon.com/dp/B00C6G6L5Y?tag=eloabder-20&linkCode=osi&th=1&psc=1">View Product</a></div>
<div class="product"><a href="https://www.amazon.com/dp/B003IG27OK?tag=eloabder-20&linkCode=osi&th=1&psc=1"><img src="https://m.media-amazon.com/images/I/416NUaYo1DL._SL500_.jpg" alt="Product Image"></a><p>Speedball Block Printing Baren - Comfortable Wooden Handle, Made in the USA - 4 Inches</p><p>$29.49</p><a href="https://www.amazon.com/dp/B003IG27OK?tag=eloabder-20&linkCode=osi&th=1&psc=1">View Product</a></div>
<div class="product"><a href="https://www.amazon.com/dp/B0CMZYY8CJ?tag=eloabder-20&linkCode=osi&th=1&psc=1"><img src="https://m.media-amazon.com/images/I/41TifSIP7SL._SL500_.jpg" alt="Product Image"></a><p>Ecoofor Blotting Paper for Flower Press, 20 Sheets Highly Absorbent and Reusable Blotter Paper for Flower Press Paper Craft 9 x 9 inch</p><p>$9.99</p><a href="https://www.amazon.com/dp/B0CMZYY8CJ?tag=eloabder-20&linkCode=osi&th=1&psc=1">View Product</a></div><div class="product"><a href="https://www.amazon.com/dp/B0CYRT3RM4?tag=eloabder-20&linkCode=osi&th=1&psc=1"><img src="https://m.media-amazon.com/images/I/31+qvVq3giL._SL500_.jpg" alt="Product Image"></a><p>Hygge & Sage Premium Natural Fiber Blotting Paper for Flower Press Art; 20 Large Sheets for a Press up to 8x11 Inches; Absorbent, Versatile, and Acid-Free Reusable Blotter Paper for Flower Pressing</p><p>$9.50 ($0.48 / Count)</p><a href="https://www.amazon.com/dp/B0CYRT3RM4?tag=eloabder-20&linkCode=osi&th=1&psc=1">View Product</a></div><div class="product"><a href="https://www.amazon.com/dp/B0D41GDLHM?tag=eloabder-20&linkCode=osi&th=1&psc=1"><img src="https://m.media-amazon.com/images/I/41LIF5dHXaL._SL500_.jpg" alt="Product Image"></a><p>Aboofx 20 Sheets Blotting Paper for Flower Press, 15" x 10" Extra Large Highly Absorbent Blotter Paper for Flower Press Reusable Herbarium Paper Craft Blotter Paper Sheets</p><p>$19.99</p><a href="https://www.amazon.com/dp/B0D41GDLHM?tag=eloabder-20&linkCode=osi&th=1&psc=1">View Product</a></div><div class="product"><a href="https://www.amazon.com/dp/B0CQMMYSBR?tag=eloabder-20&linkCode=osi&th=1&psc=1"><img src="https://m.media-amazon.com/images/I/413SlUi6IDL._SL500_.jpg" alt="Product Image"></a><p>Wisreach Blotting Paper for Flower Press, 20 Sheets Flower Press Paper Highly Absorbent and Reusable Blotter Paper for Flower Art A4 Size 8.26 x 11.4 inch</p><p>$9.99</p><a href="https://www.amazon.com/dp/B0CQMMYSBR?tag=eloabder-20&linkCode=osi&th=1&psc=1">View Product</a></div><div class="product"><a href="https://www.amazon.com/dp/B093FQ22PG?tag=eloabder-20&linkCode=osi&th=1&psc=1"><img src="https://m.media-amazon.com/images/I/41B2jXhe+QL._SL500_.jpg" alt="Product Image"></a><p>Blotting Paper for Flower Press by Berstuk® • Large A4 Flower Press Paper • Highly Absorbent and Reusable Herbarium Paper • Pack of 10 Blotter Paper Sheets</p><p>$6.99 ($69.90 / 100 Sheets)</p><a href="https://www.amazon.com/dp/B093FQ22PG?tag=eloabder-20&linkCode=osi&th=1&psc=1">View Product</a></div><div class="product"><a href="https://www.amazon.com/dp/B0C6PW4VGB?tag=eloabder-20&linkCode=osi&th=1&psc=1"><img src="https://m.media-amazon.com/images/I/21C64VB3iVL._SL500_.jpg" alt="Product Image"></a><p>PATIKIL 16"x12" Flower Press Paper, 1 Set/30 Sheet Refill Lining Blotter Paper Absorbent Reusable Blotting Paper for DIY Art Handicraft Scrapbook</p><p>$11.19</p><a href="https://www.amazon.com/dp/B0C6PW4VGB?tag=eloabder-20&linkCode=osi&th=1&psc=1">View Product</a></div><div class="product"><a href="https://www.amazon.com/dp/B0C6PTK915?tag=eloabder-20&linkCode=osi&th=1&psc=1"><img src="https://m.media-amazon.com/images/I/21UviFCGjtL._SL500_.jpg" alt="Product Image"></a><p>PATIKIL 12"x8" Flower Press Paper, 2 Set/60 Sheet Refill Lining Blotter Paper Absorbent Reusable Blotting Paper for DIY Art Handicraft Scrapbook</p><p>$13.69</p><a href="https://www.amazon.com/dp/B0C6PTK915?tag=eloabder-20&linkCode=osi&th=1&psc=1">View Product</a></div><div class="product"><a href="https://www.amazon.com/dp/B0CDJZ4MD7?tag=eloabder-20&linkCode=osi&th=1&psc=1"><img src="https://m.media-amazon.com/images/I/41iwkW+QQOL._SL500_.jpg" alt="Product Image"></a><p>30 PCS Blotting Paper for Flower Press Large A4 Flower Press Paper Highly Absorbent and Reusable Blotter Paper Refill Lining Paper for Flower Press Art Craft Scrapbook Making, 11.8 x 7.9 Inches Blue</p><p>$9.99</p><a href="https://www.amazon.com/dp/B0CDJZ4MD7?tag=eloabder-20&linkCode=osi&th=1&psc=1">View Product</a></div>

<div class="product"><a href="https://www.amazon.com/dp/B0D2T4F1DZ?tag=eloabder-20&linkCode=osi&th=1&psc=1"><img src="https://m.media-amazon.com/images/I/41KNcatyBWL._SL500_.jpg" alt="Product Image"></a><p>10pcs Book Cloth,14”x10”,Fabric Surface and Paper Backed, book cloth for book binding,book binding fabric,5 Colors Bookbinding Cloth for DIY fabric book cover,bookbinding paper (Style B)</p><p>$9.99</p><a href="https://www.amazon.com/dp/B0D2T4F1DZ?tag=eloabder-20&linkCode=osi&th=1&psc=1">View Product</a></div><div class="product"><a href="https://www.amazon.com/dp/B0CMD2LWR8?tag=eloabder-20&linkCode=osi&th=1&psc=1"><img src="https://m.media-amazon.com/images/I/31QVUZVSB+L._SL500_.jpg" alt="Product Image"></a><p>Mozeat Lens 33 ft Bookbinding Tape Book Tape Repair Book Binding Tape Cloth Book Repair Kit 2 Inch Wide Book Spine Tape Cloth Bookbinding Repair Tape White Book Tape for Reinforcing Book Spine Tape</p><p>$7.99</p><a href="https://www.amazon.com/dp/B0CMD2LWR8?tag=eloabder-20&linkCode=osi&th=1&psc=1">View Product</a></div><div class="product"><a href="https://www.amazon.com/dp/B0D1KC168C?tag=eloabder-20&linkCode=osi&th=1&psc=1"><img src="https://m.media-amazon.com/images/I/31wWgk-1V4L._SL500_.jpg" alt="Product Image"></a><p>AKONEGE Book Cloth for Book Binding 35 x 16 Inch Fabric Surface and Paper Backed, Strong, Easy to Use, Fabric Materials Bookbinding Supplies Bookcloth for Scrapbooking Album DIY Crafts, Black</p><p>$9.99</p><a href="https://www.amazon.com/dp/B0D1KC168C?tag=eloabder-20&linkCode=osi&th=1&psc=1">View Product</a></div><div class="product"><a href="https://www.amazon.com/dp/B0BC48CCWW?tag=eloabder-20&linkCode=osi&th=1&psc=1"><img src="https://m.media-amazon.com/images/I/41vTc+L-XyL._SL500_.jpg" alt="Product Image"></a><p>Wooqu Book Cloth, Fabric Surface and Paper Backed, Easy to Use, Strong, 17x29”, for Book Binding, Dark Green</p><p>$13.99</p><a href="https://www.amazon.com/dp/B0BC48CCWW?tag=eloabder-20&linkCode=osi&th=1&psc=1">View Product</a></div><div class="product"><a href="https://www.amazon.com/dp/B00W3S7LU4?tag=eloabder-20&linkCode=osi&th=1&psc=1"><img src="https://m.media-amazon.com/images/I/41mUL1LmSHS._SL500_.jpg" alt="Product Image"></a><p>BookGuard 2 inch Premium Bookbinding Repair Cloth Tape, 15 Yard Roll Burgundy</p><p>$14.95</p><a href="https://www.amazon.com/dp/B00W3S7LU4?tag=eloabder-20&linkCode=osi&th=1&psc=1">View Product</a></div>

<div class="product"><a href="https://www.amazon.com/dp/B08217DGL7?tag=eloabder-20&linkCode=osi&th=1&psc=1"><img src="https://m.media-amazon.com/images/I/51Gy-qfph7L._SL500_.jpg" alt="Product Image"></a><p>24 Colors Waxed Thread, Leather Sewing Thread,Hand Stitching Thread for Hand Sewing Leather and Bookbinding, 13Yards Per Color</p><p>$11.99 ($0.01 / Foot)</p><a href="https://www.amazon.com/dp/B08217DGL7?tag=eloabder-20&linkCode=osi&th=1&psc=1">View Product</a></div><div class="product"><a href="https://www.amazon.com/dp/B08GCHJ3FP?tag=eloabder-20&linkCode=osi&th=1&psc=1"><img src="https://m.media-amazon.com/images/I/41TK-XNxTFL._SL500_.jpg" alt="Product Image"></a><p>FANDOL 100% Natural Linen Thread Waxed thread for Bookbingding, Leather Sewing, Beading or Macrame (Natural)</p><p>$14.98</p><a href="https://www.amazon.com/dp/B08GCHJ3FP?tag=eloabder-20&linkCode=osi&th=1&psc=1">View Product</a></div><div class="product"><a href="https://www.amazon.com/dp/B0025U108E?tag=eloabder-20&linkCode=osi&th=1&psc=1"><img src="https://m.media-amazon.com/images/I/4172yrURiVL._SL500_.jpg" alt="Product Image"></a><p>Books by Hand Linen Thread, Archival Quality Natural Unbleached and Unwaxed, 50 Yards 35/3 Gauge, Ideal for Bookbinding and Sewing Signatures</p><p>$9.47</p><a href="https://www.amazon.com/dp/B0025U108E?tag=eloabder-20&linkCode=osi&th=1&psc=1">View Product</a></div><div class="product"><a href="https://www.amazon.com/dp/B08S78KLRN?tag=eloabder-20&linkCode=osi&th=1&psc=1"><img src="https://m.media-amazon.com/images/I/413NGMtJdrL._SL500_.jpg" alt="Product Image"></a><p>Jupean Waxed Thread, 150m /164Yards Beige Leather Waxed Thread, Leather Sewing Thread, Hand Stitching Thread for Hand Sewing Leather, Bookbinding, and Beginners Leather Craft DIY</p><p>$6.49 ($0.01 / Foot)</p><a href="https://www.amazon.com/dp/B08S78KLRN?tag=eloabder-20&linkCode=osi&th=1&psc=1">View Product</a></div><div class="product"><a href="https://www.amazon.com/dp/B015D9E6UM?tag=eloabder-20&linkCode=osi&th=1&psc=1"><img src="https://m.media-amazon.com/images/I/51VnWPI+Q5L._SL500_.jpg" alt="Product Image"></a><p>Lineco, Natural Waxed Linen Thread 20 Yards, Books by Hand Natural, Black, Brown Color for Sewing, Bookbinding (3/Pkg)</p><p>$13.77</p><a href="https://www.amazon.com/dp/B015D9E6UM?tag=eloabder-20&linkCode=osi&th=1&psc=1">View Product</a></div>
<div class="product"><a href="https://www.amazon.com/dp/B0CMD53C1C?tag=eloabder-20&linkCode=osi&th=1&psc=1"><img src="https://m.media-amazon.com/images/I/31dU4wqS0rL._SL500_.jpg" alt="Product Image"></a><p>5-in-1 Bookbinding Kit,Book Cover Guide, Bookbinding Cover Tool, Stainless Steel Book Binding Kit, Bookbinding Ruler, Scrapbooking Tools for Making Book Cover Chipboard Covers Album Planner</p><p>$7.88</p><a href="https://www.amazon.com/dp/B0CMD53C1C?tag=eloabder-20&linkCode=osi&th=1&psc=1">View Product</a></div>
<div class="product"><a href="https://www.amazon.com/dp/B007TIEG6U?tag=eloabder-20&linkCode=osi&th=1&psc=1"><img src="https://m.media-amazon.com/images/I/31d6r6R5lGL._SL500_.jpg" alt="Product Image"></a><p>Handy Art Empty 2 ounce Marker Bottle, Dauber Tip and Cap, 12-Each (900-003) , White</p><p>$23.12 ($1.93 / Count)</p><a href="https://www.amazon.com/dp/B007TIEG6U?tag=eloabder-20&linkCode=osi&th=1&psc=1">View Product</a></div>
<div class="product"><a href="https://www.amazon.com/dp/B07YDNKSH6?tag=eloabder-20&linkCode=osi&th=1&psc=1"><img src="https://m.media-amazon.com/images/I/41JGrHa7mSL._SL500_.jpg" alt="Product Image"></a><p>4-Inch Rubber Brayer Roller for Printmaking, Great for Gluing Application Also. (Original Version)</p><p>$6.99</p><a href="https://www.amazon.com/dp/B07YDNKSH6?tag=eloabder-20&linkCode=osi&th=1&psc=1">View Product</a></div>
<div class="product"><a href="https://www.amazon.com/dp/B005U7BNPE?tag=eloabder-20&linkCode=osi&th=1&psc=1"><img src="https://m.media-amazon.com/images/I/418YfTClSxL._SL500_.jpg" alt="Product Image"></a><p>Apple Barrel Acrylic Paint in Assorted Colors (2 oz), 20513, Bright Yellow</p><p>$0.58 ($0.29 / Fl Oz)</p><a href="https://www.amazon.com/dp/B005U7BNPE?tag=eloabder-20&linkCode=osi&th=1&psc=1">View Product</a></div><div class="product"><a href="https://www.amazon.com/dp/B099DWCRZ5?tag=eloabder-20&linkCode=osi&th=1&psc=1"><img src="https://m.media-amazon.com/images/I/41rr5hT-8TL._SL500_.jpg" alt="Product Image"></a><p>milo Fluorescent Acrylic Paint Set of 6 Colors | 4 oz Bottles | Student Neon Colors Acrylics Painting Pack | Made in the USA | Non-Toxic Art & Craft Paints for Artists, Kids, & Hobby Painters</p><p>$22.90 ($0.95 / Fl Oz)</p><a href="https://www.amazon.com/dp/B099DWCRZ5?tag=eloabder-20&linkCode=osi&th=1&psc=1">View Product</a></div><div class="product"><a href="https://www.amazon.com/dp/B07ZPPPWPL?tag=eloabder-20&linkCode=osi&th=1&psc=1"><img src="https://m.media-amazon.com/images/I/51Vqk2rrZwL._SL500_.jpg" alt="Product Image"></a><p>Apple Barrel, Pastel Dreams & Vivid Wonders Collection Acrylic Craft Paint, PROMOTCK, 2 fl oz each, 18 assorted matte colors, 18 count</p><p>$22.66 ($0.63 / Fl Oz)</p><a href="https://www.amazon.com/dp/B07ZPPPWPL?tag=eloabder-20&linkCode=osi&th=1&psc=1">View Product</a></div><div class="product"><a href="https://www.amazon.com/dp/B0CKQR52XC?tag=eloabder-20&linkCode=osi&th=1&psc=1"><img src="https://m.media-amazon.com/images/I/51WTPlhN2WL._SL500_.jpg" alt="Product Image"></a><p>ARTME Glow in The Dark Paint, 10 Bright Colors 60ml/2oz Blacklight Paint Set, Neon Craft Paint, Acrylic Glow Fluorescent Paint Perfect for Art Painting, DIY projects, Halloween and Christmas</p><p>$23.99 ($1.20 / Fl Oz)</p><a href="https://www.amazon.com/dp/B0CKQR52XC?tag=eloabder-20&linkCode=osi&th=1&psc=1">View Product</a></div><div class="product"><a href="https://www.amazon.com/dp/B09XXHBL3Y?tag=eloabder-20&linkCode=osi&th=1&psc=1"><img src="https://m.media-amazon.com/images/I/51taBeDdeIL._SL500_.jpg" alt="Product Image"></a><p>Fantastory Glow in the Dark Acrylic Paint, 10 Extra Bright Colors, 30ml/1oz Waterproof Glow in Dark Paint,Indoor Outdoor Blacklight Paint for Kids,Adults, Rocks,Walls,Halloween,Craft &Fabric</p><p>$9.99 ($1.00 / Fl Oz)</p><a href="https://www.amazon.com/dp/B09XXHBL3Y?tag=eloabder-20&linkCode=osi&th=1&psc=1">View Product</a></div><div class="product"><a href="https://www.amazon.com/dp/B0BS3JM8ZR?tag=eloabder-20&linkCode=osi&th=1&psc=1"><img src="https://m.media-amazon.com/images/I/51S8FteGgPL._SL500_.jpg" alt="Product Image"></a><p>Acrylic Paint, Shuttle Art 24 Colors Acrylic Paint Bottle Set, 250ml/8.45oz Each, Rich Pigments, High Viscosity, Bulk Paint for Artists, Beginners and Kids Painting on Rocks Crafts Canvas Wood Ceramic</p><p>$49.99 ($0.25 / Fl Oz)</p><a href="https://www.amazon.com/dp/B0BS3JM8ZR?tag=eloabder-20&linkCode=osi&th=1&psc=1">View Product</a></div><div class="product"><a href="https://www.amazon.com/dp/B00CIW3EDI?tag=eloabder-20&linkCode=osi&th=1&psc=1"><img src="https://m.media-amazon.com/images/I/41PMnxyBo5L._SL500_.jpg" alt="Product Image"></a><p>FolkArt Multi-Surface Acrylic Paint in Assorted Colors (2 oz), 2896, Bright Pink</p><p>$1.47 ($0.74 / Fl Oz)</p><a href="https://www.amazon.com/dp/B00CIW3EDI?tag=eloabder-20&linkCode=osi&th=1&psc=1">View Product</a></div><div class="product"><a href="https://www.amazon.com/dp/B085ZB5ZK9?tag=eloabder-20&linkCode=osi&th=1&psc=1"><img src="https://m.media-amazon.com/images/I/51nmRq1eicL._SL500_.jpg" alt="Product Image"></a><p>FolkArt 4 Bottle Multi-Surface Acrylic Paint Set, 2oz, Neon Blacklight Colors</p><p>$8.12 ($1.02 / Fl Oz)</p><a href="https://www.amazon.com/dp/B085ZB5ZK9?tag=eloabder-20&linkCode=osi&th=1&psc=1">View Product</a></div><div class="product"><a href="https://www.amazon.com/dp/B08N585VN5?tag=eloabder-20&linkCode=osi&th=1&psc=1"><img src="https://m.media-amazon.com/images/I/51nwFBdxwVL._SL500_.jpg" alt="Product Image"></a><p>Acrylic Paint Set Value Pack of 12 Colors | Craft Painting Kit with 2 oz Squeeze Bottles for Beginners, Artists, Professionals | Non-Toxic Water Based Paints for Canvas, Paper, Wood | Bright Hues</p><p>$11.99 ($0.50 / Fl Oz)</p><a href="https://www.amazon.com/dp/B08N585VN5?tag=eloabder-20&linkCode=osi&th=1&psc=1">View Product</a></div>
<div class="product"><a href="https://www.amazon.com/dp/B0009RRT9Y?tag=eloabder-20&linkCode=osi&th=1&psc=1"><img src="https://m.media-amazon.com/images/I/51ZhyYPOB5L._SL500_.jpg" alt="Product Image"></a><p>General Pencil Company The Masters Brush Cleaner & Preserver 2.5 0z.</p><p>$12.00</p><a href="https://www.amazon.com/dp/B0009RRT9Y?tag=eloabder-20&linkCode=osi&th=1&psc=1">View Product</a></div><div class="product"><a href="https://www.amazon.com/dp/B00F38YVQS?tag=eloabder-20&linkCode=osi&th=1&psc=1"><img src="https://m.media-amazon.com/images/I/51yjmSTzzML._SL500_.jpg" alt="Product Image"></a><p>B & J Original Brush Cleaner - 2.5 Oz/12ct Display</p><p>$12.77</p><a href="https://www.amazon.com/dp/B00F38YVQS?tag=eloabder-20&linkCode=osi&th=1&psc=1">View Product</a></div><div class="product"><a href="https://www.amazon.com/dp/B004BN7QQ8?tag=eloabder-20&linkCode=osi&th=1&psc=1"><img src="https://m.media-amazon.com/images/I/31fEWB-h4VL._SL500_.jpg" alt="Product Image"></a><p>Winsor & Newton Brush Cleaner & Restorer, 16.0-oz Bottle</p><p>$21.87 ($1.37 / Fl Oz)</p><a href="https://www.amazon.com/dp/B004BN7QQ8?tag=eloabder-20&linkCode=osi&th=1&psc=1">View Product</a></div><div class="product"><a href="https://www.amazon.com/dp/B09NCHL2LM?tag=eloabder-20&linkCode=osi&th=1&psc=1"><img src="https://m.media-amazon.com/images/I/31UzwasdL6L._SL500_.jpg" alt="Product Image"></a><p>U.S. Art Supply Brush Cleaner and Restorer, 4 Ounce Bottle - Quickly Cleans Paint Brushes, Airbrushes, Art Tools - Cleaning Solution to Remove Dried On Acrylic, Oil and Water-Based Paint Colors</p><p>$8.99 ($2.25 / Fl Oz)</p><a href="https://www.amazon.com/dp/B09NCHL2LM?tag=eloabder-20&linkCode=osi&th=1&psc=1">View Product</a></div><div class="product"><a href="https://www.amazon.com/dp/B09J8L55SK?tag=eloabder-20&linkCode=osi&th=1&psc=1"><img src="https://m.media-amazon.com/images/I/41qgWS2nSsL._SL500_.jpg" alt="Product Image"></a><p>Green Piece® Paint Brush Cleaner and Restorer for Art Paint Brushes - 100% Natural - Non-Toxic - Wet or Dry Paint - No Chemicals - Oil or Acrylic Paints, Wood and Metal - Amazing Power - 18 Oz</p><p>$19.88</p><a href="https://www.amazon.com/dp/B09J8L55SK?tag=eloabder-20&linkCode=osi&th=1&psc=1">View Product</a></div><div class="product"><a href="https://www.amazon.com/dp/B0027A79I2?tag=eloabder-20&linkCode=osi&th=1&psc=1"><img src="https://m.media-amazon.com/images/I/31J6S+mCjuL._SL500_.jpg" alt="Product Image"></a><p>Pink Soap 12-Ounce Paint Brush Cleaner and Conditioner, Solution Cleans and Restores, Removes Dried Paint on Airbrushes and Other Artist Tools & Supplies</p><p>$15.49 ($1.29 / Fl Oz)</p><a href="https://www.amazon.com/dp/B0027A79I2?tag=eloabder-20&linkCode=osi&th=1&psc=1">View Product</a></div><div class="product"><a href="https://www.amazon.com/dp/B0027AEANE?tag=eloabder-20&linkCode=osi&th=1&psc=1"><img src="https://m.media-amazon.com/images/I/51bHOLU1pVL._SL500_.jpg" alt="Product Image"></a><p>General Pencil General 105-BP Pencil Masters Brush Cleaner & Preserver, 1 Pack, Clear</p><p>$9.99 ($4.00 / Ounce)</p><a href="https://www.amazon.com/dp/B0027AEANE?tag=eloabder-20&linkCode=osi&th=1&psc=1">View Product</a></div>

<div class="product"><a href="https://www.amazon.com/dp/B00N9UUWLA?tag=eloabder-20&linkCode=osi&th=1&psc=1"><img src="https://m.media-amazon.com/images/I/41be4n09wZL._SL500_.jpg" alt="Product Image"></a><p>Pentel Arts Portable Pocket Brush Pen (Medium Point), 1Pen & 2Refills</p><p>$7.00</p><a href="https://www.amazon.com/dp/B00N9UUWLA?tag=eloabder-20&linkCode=osi&th=1&psc=1">View Product</a></div><div class="product"><a href="https://www.amazon.com/dp/B07DQ4292Y?tag=eloabder-20&linkCode=osi&th=1&psc=1"><img src="https://m.media-amazon.com/images/I/41-kgHpaPvL._SL500_.jpg" alt="Product Image"></a><p>Tombow 62039 Fudenosuke Brush Pens, 3-Pack. Soft, Hard, and Twin Tip Markers for Calligraphy and Art Drawings</p><p>$7.59 ($2.53 / Count)</p><a href="https://www.amazon.com/dp/B07DQ4292Y?tag=eloabder-20&linkCode=osi&th=1&psc=1">View Product</a></div><div class="product"><a href="https://www.amazon.com/dp/B0995FNMKW?tag=eloabder-20&linkCode=osi&th=1&psc=1"><img src="https://m.media-amazon.com/images/I/51kpGsTNvlL._SL500_.jpg" alt="Product Image"></a><p>WRITECH Arts Sign Brush Pen Brush Tip Marker Felt Tip Water Based Ink Color Pens 12 Assorted Vintage Colors Great for Lettering Journaling Calligraphy (Vintage)</p><p>$13.99 ($1.17 / Count)</p><a href="https://www.amazon.com/dp/B0995FNMKW?tag=eloabder-20&linkCode=osi&th=1&psc=1">View Product</a></div><div class="product"><a href="https://www.amazon.com/dp/B07H89R749?tag=eloabder-20&linkCode=osi&th=1&psc=1"><img src="https://m.media-amazon.com/images/I/51nTGZ-eAsL._SL500_.jpg" alt="Product Image"></a><p>Tombow Fudenosuke Brush Pen - Hard - 10 Colors Set (WS-BH10C)</p><p>$11.73</p><a href="https://www.amazon.com/dp/B07H89R749?tag=eloabder-20&linkCode=osi&th=1&psc=1">View Product</a></div><div class="product"><a href="https://www.amazon.com/dp/B002PIFTRE?tag=eloabder-20&linkCode=osi&th=1&psc=1"><img src="https://m.media-amazon.com/images/I/41IVnNPD1hL._SL500_.jpg" alt="Product Image"></a><p>Pentel Color Brush Pen, Black (GFLBP101)</p><p>$7.89</p><a href="https://www.amazon.com/dp/B002PIFTRE?tag=eloabder-20&linkCode=osi&th=1&psc=1">View Product</a></div>
<div class="product"><a href="https://www.amazon.com/dp/B0CLLSY2BT?tag=eloabder-20&linkCode=osi&th=1&psc=1"><img src="https://m.media-amazon.com/images/I/51sQM3lrN9L._SL500_.jpg" alt="Product Image"></a><p>CUGEBANNA Paint Brush Washer,Airtight Stainless Steel Brush Cleaner for Oil Painting Acrylic,Brush Washer with Cleaning Beads and Wringer</p><p>$22.99</p><a href="https://www.amazon.com/dp/B0CLLSY2BT?tag=eloabder-20&linkCode=osi&th=1&psc=1">View Product</a></div><div class="product"><a href="https://www.amazon.com/dp/B013PB35N4?tag=eloabder-20&linkCode=osi&th=1&psc=1"><img src="https://m.media-amazon.com/images/I/419miJHrhtL._SL500_.jpg" alt="Product Image"></a><p>US Art Supply Deluxe Brush Cleaner-Brush Washer with Wash Tank</p><p>$18.99</p><a href="https://www.amazon.com/dp/B013PB35N4?tag=eloabder-20&linkCode=osi&th=1&psc=1">View Product</a></div>
<div class="product"><a href="https://www.amazon.com/dp/B07GH7WGC3?tag=eloabder-20&linkCode=osi&th=1&psc=1"><img src="https://m.media-amazon.com/images/I/51vzX1OZI6L._SL500_.jpg" alt="Product Image"></a><p>BOSOBO Paint Brushes Set, 2 Pack 20 Pcs Round-Pointed Tip Paintbrushes Nylon Hair Artist Acrylic Paint Brushes for Acrylic Oil Watercolor, Face Nail Art, Miniature Detailing & Rock Painting, Blue</p><p>$7.49 ($0.37 / Count)</p><a href="https://www.amazon.com/dp/B07GH7WGC3?tag=eloabder-20&linkCode=osi&th=1&psc=1">View Product</a></div><div class="product"><a href="https://www.amazon.com/dp/B078XJ2DCJ?tag=eloabder-20&linkCode=osi&th=1&psc=1"><img src="https://m.media-amazon.com/images/I/616oHEXPN1S._SL500_.jpg" alt="Product Image"></a><p>Pro Grade - Chip Paint Brushes - 36-Pack - 2 Inch Chip Brush for Paints, Stains, Varnishes, Glues, & Gesso</p><p>$17.99</p><a href="https://www.amazon.com/dp/B078XJ2DCJ?tag=eloabder-20&linkCode=osi&th=1&psc=1">View Product</a></div>

<div class="product"><a href="https://www.amazon.com/dp/B000YQJVFA?tag=eloabder-20&linkCode=osi&th=1&psc=1"><img src="https://m.media-amazon.com/images/I/51so-OSRt+L._SL500_.jpg" alt="Product Image"></a><p>Winsor & Newton Calligraphy Ink, 30ml (1-oz) Bottle, Black</p><p>$10.07 ($10.07 / Count)</p><a href="https://www.amazon.com/dp/B000YQJVFA?tag=eloabder-20&linkCode=osi&th=1&psc=1">View Product</a></div><div class="product"><a href="https://www.amazon.com/dp/B0026SBYUE?tag=eloabder-20&linkCode=osi&th=1&psc=1"><img src="https://m.media-amazon.com/images/I/412Ga9k1q8L._SL500_.jpg" alt="Product Image"></a><p>Higgins Black Calligraphy Ink, 2.5 Ounce Bottle (44314)</p><p>$5.99</p><a href="https://www.amazon.com/dp/B0026SBYUE?tag=eloabder-20&linkCode=osi&th=1&psc=1">View Product</a></div><div class="product"><a href="https://www.amazon.com/dp/B0CXDBD77N?tag=eloabder-20&linkCode=osi&th=1&psc=1"><img src="https://m.media-amazon.com/images/I/41x1EZv3P3L._SL500_.jpg" alt="Product Image"></a><p>SEAMEW 250 ML/8.8 OZ Calligraphy and Sumi Liquid Ink - Versatile Elegance for Chinese Traditional Art Works and Japanese Brush Art</p><p>$11.49</p><a href="https://www.amazon.com/dp/B0CXDBD77N?tag=eloabder-20&linkCode=osi&th=1&psc=1">View Product</a></div><div class="product"><a href="https://www.amazon.com/dp/B0CR3ML8VS?tag=eloabder-20&linkCode=osi&th=1&psc=1"><img src="https://m.media-amazon.com/images/I/41fLIKySQZL._SL500_.jpg" alt="Product Image"></a><p>Hmayart Prepared Super Thick Liquid Black Ink for Japanese Brush Calligraphy & Chinese Traditional Artworks (MZ010 250g)</p><p>$11.99</p><a href="https://www.amazon.com/dp/B0CR3ML8VS?tag=eloabder-20&linkCode=osi&th=1&psc=1">View Product</a></div><div class="product"><a href="https://www.amazon.com/dp/B0039OQ0J4?tag=eloabder-20&linkCode=osi&th=1&psc=1"><img src="https://m.media-amazon.com/images/I/41RRlR55P9L._SL500_.jpg" alt="Product Image"></a><p>Daiso Sumi Calligraphy Liquid Ink in a 180ml Bottle (Japan Import)</p><p>$8.99</p><a href="https://www.amazon.com/dp/B0039OQ0J4?tag=eloabder-20&linkCode=osi&th=1&psc=1">View Product</a></div><div class="product"><a href="https://www.amazon.com/dp/B074KJ289G?tag=eloabder-20&linkCode=osi&th=1&psc=1"><img src="https://m.media-amazon.com/images/I/41FZT3aCChL._SL500_.jpg" alt="Product Image"></a><p>Easyou Redstar Liquid Ink for Professioanl Traditional Calligraphy and Brush Painting Chinese Ink Liquid (Black&1pcs*180ML)</p><p>$10.99</p><a href="https://www.amazon.com/dp/B074KJ289G?tag=eloabder-20&linkCode=osi&th=1&psc=1">View Product</a></div><div class="product"><a href="https://www.amazon.com/dp/B07JYJ6C1W?tag=eloabder-20&linkCode=osi&th=1&psc=1"><img src="https://m.media-amazon.com/images/I/51IAnrWkw6L._SL500_.jpg" alt="Product Image"></a><p>MZ001 HmayartBlack Sumi Liquid Ink for Japanese Brush Calligraphy & Chinese Traditional Artworks 250ml (black)</p><p>$13.99</p><a href="https://www.amazon.com/dp/B07JYJ6C1W?tag=eloabder-20&linkCode=osi&th=1&psc=1">View Product</a></div><div class="product"><a href="https://www.amazon.com/dp/B0894L9M2C?tag=eloabder-20&linkCode=osi&th=1&psc=1"><img src="https://m.media-amazon.com/images/I/51H5LBUAZcL._SL500_.jpg" alt="Product Image"></a><p>24 Colors Calligraphy Ink Set, Calligraphy Fountain Glass Dip Pen Color Ink Caligrapher Pen Ink Bottle Set, Gold Powder Drawing Writing Art Ink with Gift Box - 24 x 7ml</p><p>$21.98</p><a href="https://www.amazon.com/dp/B0894L9M2C?tag=eloabder-20&linkCode=osi&th=1&psc=1">View Product</a></div><div class="product"><a href="https://www.amazon.com/dp/B0C49WVM7L?tag=eloabder-20&linkCode=osi&th=1&psc=1"><img src="https://m.media-amazon.com/images/I/41zxtjGWS1L._SL500_.jpg" alt="Product Image"></a><p>AOKUY 24 Colors Calligraphy Ink Set,Calligraphy Inks,Colorful Dip Pen Ink Set,Gold Powder Drawing Writing Art Ink with Gift Box</p><p>$16.99</p><a href="https://www.amazon.com/dp/B0C49WVM7L?tag=eloabder-20&linkCode=osi&th=1&psc=1">View Product</a></div>
<div class="product"><a href="https://www.amazon.com/dp/B0007ZJ8QU?tag=eloabder-20&linkCode=osi&th=1&psc=1"><img src="https://m.media-amazon.com/images/I/41vTwN7L9NL._SL500_.jpg" alt="Product Image"></a><p>Speedball C-Series Lettering Pen Set - 1 Penholder w/ 6 Nibs</p><p>$11.99</p><a href="https://www.amazon.com/dp/B0007ZJ8QU?tag=eloabder-20&linkCode=osi&th=1&psc=1">View Product</a></div><div class="product"><a href="https://www.amazon.com/dp/B003IGNH30?tag=eloabder-20&linkCode=osi&th=1&psc=1"><img src="https://m.media-amazon.com/images/I/412WGB9WzGL._SL500_.jpg" alt="Product Image"></a><p>Speedball 30710 10 Pen Nib Assorted Set</p><p>$21.99</p><a href="https://www.amazon.com/dp/B003IGNH30?tag=eloabder-20&linkCode=osi&th=1&psc=1">View Product</a></div><div class="product"><a href="https://www.amazon.com/dp/B0CQTCZRYC?tag=eloabder-20&linkCode=osi&th=1&psc=1"><img src="https://m.media-amazon.com/images/I/41+d7oXaTvL._SL500_.jpg" alt="Product Image"></a><p>10PCS Oblique Calligraphy Dip Pen Set Comic Pen Nib Set Fluid Writer Pen, 2-in-1 Drawing Pen Holder with 8 Pieces Stainless Steel Pen Replacement Nibs Nib for Writing, Painting, Signing, Sketch</p><p>$6.49</p><a href="https://www.amazon.com/dp/B0CQTCZRYC?tag=eloabder-20&linkCode=osi&th=1&psc=1">View Product</a></div><div class="product"><a href="https://www.amazon.com/dp/B000BYQLT4?tag=eloabder-20&linkCode=osi&th=1&psc=1"><img src="https://m.media-amazon.com/images/I/41Tmn+y1-xL._SL500_.jpg" alt="Product Image"></a><p>Speedball Calligraphy Pen Set - 1 Penholder w/ 4 Nibs, 2 Pen Tips</p><p>$13.99</p><a href="https://www.amazon.com/dp/B000BYQLT4?tag=eloabder-20&linkCode=osi&th=1&psc=1">View Product</a></div><div class="product"><a href="https://www.amazon.com/dp/B0B3CVPWMF?tag=eloabder-20&linkCode=osi&th=1&psc=1"><img src="https://m.media-amazon.com/images/I/41Zw4tqW+HL._SL500_.jpg" alt="Product Image"></a><p>Mewutal 2Pcs/Set Comic Pen Nib Set Pen Nibs Replacements for Calligraphy Manga Writing Painting(Pumpkin Head Nib)</p><p>$7.99</p><a href="https://www.amazon.com/dp/B0B3CVPWMF?tag=eloabder-20&linkCode=osi&th=1&psc=1">View Product</a></div><div class="product"><a href="https://www.amazon.com/dp/B0BVR4M5X4?tag=eloabder-20&linkCode=osi&th=1&psc=1"><img src="https://m.media-amazon.com/images/I/515TyiGpQKL._SL500_.jpg" alt="Product Image"></a><p>Wonwood_direct Calligraphy set, 7 Calligraphy Pens with Different Nibs and 40 Ink Cartridges in 13 Colors for Beginner Writing Drawing for Greeting Card Signature Calligraphy (Type 1)</p><p>$15.99</p><a href="https://www.amazon.com/dp/B0BVR4M5X4?tag=eloabder-20&linkCode=osi&th=1&psc=1">View Product</a></div><div class="product"><a href="https://www.amazon.com/dp/B0BGRM97MF?tag=eloabder-20&linkCode=osi&th=1&psc=1"><img src="https://m.media-amazon.com/images/I/41vB7fs3VbL._SL500_.jpg" alt="Product Image"></a><p>Gullor A Bunch of Nibs for Comic Dip Pen, Assorted Calligraphy Dip Pen Nibs, Various Sizes and Shapes, 33 Nibs in Box</p><p>$9.99</p><a href="https://www.amazon.com/dp/B0BGRM97MF?tag=eloabder-20&linkCode=osi&th=1&psc=1">View Product</a></div>
<div class="product"><a href="https://www.amazon.com/dp/B000KNNVX0?tag=eloabder-20&linkCode=osi&th=1&psc=1"><img src="https://m.media-amazon.com/images/I/51RAGoN6UsL._SL500_.jpg" alt="Product Image"></a><p>Strathmore STR- 50 Sheet Tape Bound Calligraphy Pad, 8.5 by 11", White</p><p>$7.83</p><a href="https://www.amazon.com/dp/B000KNNVX0?tag=eloabder-20&linkCode=osi&th=1&psc=1">View Product</a></div><div class="product"><a href="https://www.amazon.com/dp/B00PGBVNM2?tag=eloabder-20&linkCode=osi&th=1&psc=1"><img src="https://m.media-amazon.com/images/I/51VvCXPD-QL._SL500_.jpg" alt="Product Image"></a><p>U.S. Art Supply (Pack of 2 Pads) - 9" x 12" Premium Calligraphic Practice Paper Pad, 19 Pound Bond (70gsm), Pad of 50-Sheets, Calligraphy Paper with Printed Practice Rule and Slanted Grid</p><p>$12.99</p><a href="https://www.amazon.com/dp/B00PGBVNM2?tag=eloabder-20&linkCode=osi&th=1&psc=1">View Product</a></div><div class="product"><a href="https://www.amazon.com/dp/B0CQ1VTM1R?tag=eloabder-20&linkCode=osi&th=1&psc=1"><img src="https://m.media-amazon.com/images/I/31pMzPI5pdL._SL500_.jpg" alt="Product Image"></a><p>50 Sheets Watercolor Paper 8 x 6inch Deckled Edge Paper 190 GSM Rough/Textured Handmade Paper Cotton Paper White Textured Paper for Watercolor, Writing Calligraphy, Invitations, Letters</p><p>$12.99 ($0.26 / Count)</p><a href="https://www.amazon.com/dp/B0CQ1VTM1R?tag=eloabder-20&linkCode=osi&th=1&psc=1">View Product</a></div><div class="product"><a href="https://www.amazon.com/dp/B0CGHVSX6W?tag=eloabder-20&linkCode=osi&th=1&psc=1"><img src="https://m.media-amazon.com/images/I/41pAexcoWlL._SL500_.jpg" alt="Product Image"></a><p>KYMY Chinese/Japanese Calligraphy Paper 100PCS, Sumi/Rice Paper for Writing Painting Drawing Practice, Chinese Brush Ink Xuan Paper, Half Sheng Shu (Half Raw Ripe) (34 x 34 cm (13.38 x 13.38 Inch))</p><p>$10.99 ($0.11 / Count)</p><a href="https://www.amazon.com/dp/B0CGHVSX6W?tag=eloabder-20&linkCode=osi&th=1&psc=1">View Product</a></div>

<div class="product"><a href="https://www.amazon.com/dp/B0D3HPD7WP?tag=eloabder-20&linkCode=osi&th=1&psc=1"><img src="https://m.media-amazon.com/images/I/31KSmmAWUWL._SL500_.jpg" alt="Product Image"></a><p>50 Sheets Grey Cardstock Paper, Colored Printer Paper 8.5 x 11, Thick Construction Paper for Cards Making, Scrapbook，Office Printing, Invitations, Certificates，DIY Crafting 92 lb/250gsm</p><p>$9.99</p><a href="https://www.amazon.com/dp/B0D3HPD7WP?tag=eloabder-20&linkCode=osi&th=1&psc=1">View Product</a></div>
<div class="product"><a href="https://www.amazon.com/dp/B076CP6F36?tag=eloabder-20&linkCode=osi&th=1&psc=1"><img src="https://m.media-amazon.com/images/I/51rfEIvgI+L._SL500_.jpg" alt="Product Image"></a><p>Apple Barrel, Vibrant Spectrum Collection Acrylic Craft Paint, PROMOABIII, 2 fl oz each, 16 assorted matte colors, 16 count</p><p>$15.97 ($0.50 / Fl Oz)</p><a href="https://www.amazon.com/dp/B076CP6F36?tag=eloabder-20&linkCode=osi&th=1&psc=1">View Product</a></div><div class="product"><a href="https://www.amazon.com/dp/B0BKFLSYQF?tag=eloabder-20&linkCode=osi&th=1&psc=1"><img src="https://m.media-amazon.com/images/I/51a0PmPRknL._SL500_.jpg" alt="Product Image"></a><p>72 Pack Acrylic Paint Set, Shuttle Art 60 Colors Acrylic Paint Including Extra White Black & 12 Brushes, 2oz/60ml, Rich Pigmented, Water Proof, Ideal for Artists, Beginners on Canvas Rock Wood Ceramic</p><p>$45.99 ($23.00 / Fl Oz)</p><a href="https://www.amazon.com/dp/B0BKFLSYQF?tag=eloabder-20&linkCode=osi&th=1&psc=1">View Product</a></div><div class="product"><a href="https://www.amazon.com/dp/B08CB3JH79?tag=eloabder-20&linkCode=osi&th=1&psc=1"><img src="https://m.media-amazon.com/images/I/51OUZsFdnTL._SL500_.jpg" alt="Product Image"></a><p>Acrylic Paint Set of 36 Colors 2fl oz 60ml Bottles,Non Toxic 36 Colors Acrylic Paint No Fading Rich Pigment for Kids Adults Artists Canvas Crafts Wood Painting</p><p>$32.99 ($0.46 / Fl Oz)</p><a href="https://www.amazon.com/dp/B08CB3JH79?tag=eloabder-20&linkCode=osi&th=1&psc=1">View Product</a></div><div class="product"><a href="https://www.amazon.com/dp/B0018NBVKQ?tag=eloabder-20&linkCode=osi&th=1&psc=1"><img src="https://m.media-amazon.com/images/I/31YlSvZMTCL._SL500_.jpg" alt="Product Image"></a><p>Apple Barrel Acrylic Paint in Assorted Colors (8 Ounce), 20403 White</p><p>$2.67 ($0.33 / Fl Oz)</p><a href="https://www.amazon.com/dp/B0018NBVKQ?tag=eloabder-20&linkCode=osi&th=1&psc=1">View Product</a></div><div class="product"><a href="https://www.amazon.com/dp/B077WSBLZ1?tag=eloabder-20&linkCode=osi&th=1&psc=1"><img src="https://m.media-amazon.com/images/I/51KPkXpLn1L._SL500_.jpg" alt="Product Image"></a><p>Shuttle Art Acrylic Paint Set, 30 x12ml Tubes Artist Quality Non Toxic Rich Pigments Colors Great for Kids Adults Professional Painting on Rocks Canvas Wood Clay Fabric Ceramic Crafts</p><p>$12.99 ($1.08 / Fl Oz)</p><a href="https://www.amazon.com/dp/B077WSBLZ1?tag=eloabder-20&linkCode=osi&th=1&psc=1">View Product</a></div><div class="product"><a href="https://www.amazon.com/dp/B00889Z5Y6?tag=eloabder-20&linkCode=osi&th=1&psc=1"><img src="https://m.media-amazon.com/images/I/41MQjsyDbSL._SL500_.jpg" alt="Product Image"></a><p>Apple Barrel Acrylic Paint in Assorted Colors (2 oz), 20764, Apricot</p><p>$0.58 ($0.29 / Fl Oz)</p><a href="https://www.amazon.com/dp/B00889Z5Y6?tag=eloabder-20&linkCode=osi&th=1&psc=1">View Product</a></div><div class="product"><a href="https://www.amazon.com/dp/B09TWQD5ZL?tag=eloabder-20&linkCode=osi&th=1&psc=1"><img src="https://m.media-amazon.com/images/I/41B0L003QXL._SL500_.jpg" alt="Product Image"></a><p>Artkey Acrylic Paint Set - 24 colors 2 oz/59 ml Acrylic Paints Professional Artists Painting Kit for Canvases Fabric Rock Leather Easter Egg Wood Ceramic Glass Art Craft Painting</p><p>$19.99 ($0.42 / Fl Oz)</p><a href="https://www.amazon.com/dp/B09TWQD5ZL?tag=eloabder-20&linkCode=osi&th=1&psc=1">View Product</a></div><div class="product"><a href="https://www.amazon.com/dp/B07Z93LQDB?tag=eloabder-20&linkCode=osi&th=1&psc=1"><img src="https://m.media-amazon.com/images/I/51veoN6zK0L._SL500_.jpg" alt="Product Image"></a><p>Shuttle Art Acrylic Paint Set, 36 Colors Acrylic Paint with Brushes & Palette, 2oz Bottles, Rich Pigments Non-toxic Paint for Artists Kids & Adults, Art Supplies for Canvas Rock Ceramic Wood Painting</p><p>$27.99</p><a href="https://www.amazon.com/dp/B07Z93LQDB?tag=eloabder-20&linkCode=osi&th=1&psc=1">View Product</a></div><div class="product"><a href="https://www.amazon.com/dp/B002665SYY?tag=eloabder-20&linkCode=osi&th=1&psc=1"><img src="https://m.media-amazon.com/images/I/31sJJeWK6OS._SL500_.jpg" alt="Product Image"></a><p>Liquitex BASICS Acrylic Paint, 250ml (8.5-oz) Tube, Titanium White</p><p>$9.99 ($1.18 / Fl Oz)</p><a href="https://www.amazon.com/dp/B002665SYY?tag=eloabder-20&linkCode=osi&th=1&psc=1">View Product</a></div>
<div class="product"><a href="https://www.amazon.com/dp/B0CC98XLGL?tag=eloabder-20&linkCode=osi&th=1&psc=1"><img src="https://m.media-amazon.com/images/I/51ZLw+nThiL._SL500_.jpg" alt="Product Image"></a><p>HUIRUSO 4 Pack Double Sided Tape Roller, Scrapbook Supplies, Glue Tape Roller for Crafts, Double-Sided Adhesive Tape Runner for Scrapbooking, School Office Journaling Supplies (0.31 in X 26.25 ft)</p><p>$6.99 ($1.75 / Count)</p><a href="https://www.amazon.com/dp/B0CC98XLGL?tag=eloabder-20&linkCode=osi&th=1&psc=1">View Product</a></div><div class="product"><a href="https://www.amazon.com/dp/B007XAAE6K?tag=eloabder-20&linkCode=osi&th=1&psc=1"><img src="https://m.media-amazon.com/images/I/414qxYVR0wL._SL500_.jpg" alt="Product Image"></a><p>Scotch Double Sided Tape Runner, 1-Pack, 0.27 in x 26 ft., Perfect for Holiday Crafts, Gifts, and More</p><p>$4.47</p><a href="https://www.amazon.com/dp/B007XAAE6K?tag=eloabder-20&linkCode=osi&th=1&psc=1">View Product</a></div><div class="product"><a href="https://www.amazon.com/dp/B0BZVGPFSK?tag=eloabder-20&linkCode=osi&th=1&psc=1"><img src="https://m.media-amazon.com/images/I/51-ue9+7JkL._SL500_.jpg" alt="Product Image"></a><p>Birllaid Double Sided Tape for Walls, Picture Hanging Strips Removable Mounting Dots Adhesive Heavy Duty, Removable for Art Craft, Decoration, Party Supplies, Multipurpose</p><p>$11.99</p><a href="https://www.amazon.com/dp/B0BZVGPFSK?tag=eloabder-20&linkCode=osi&th=1&psc=1">View Product</a></div><div class="product"><a href="https://www.amazon.com/dp/B0CGVN9SL1?tag=eloabder-20&linkCode=osi&th=1&psc=1"><img src="https://m.media-amazon.com/images/I/41Hy+i4CnoL._SL500_.jpg" alt="Product Image"></a><p>30Ft x 1 Inch Hook and Loop Strips with Adhesive,Double Rolls of Heavy Duty Self Adhesive Tape with Backing, Nylon Self Adhesive Tape for Home Office School and Crafting,White</p><p>$9.99</p><a href="https://www.amazon.com/dp/B0CGVN9SL1?tag=eloabder-20&linkCode=osi&th=1&psc=1">View Product</a></div><div class="product"><a href="https://www.amazon.com/dp/B07Y3VDPLF?tag=eloabder-20&linkCode=osi&th=1&psc=1"><img src="https://m.media-amazon.com/images/I/41cyKQ2OMuL._SL500_.jpg" alt="Product Image"></a><p>Melsan 1x4 inch Hook and Loop Strips with Adhesive - 15 Sets, Strong Back Adhesive Fasten Mounting Tape for Home or Office Use - Instead of Holes and Screws, Black</p><p>$7.82</p><a href="https://www.amazon.com/dp/B07Y3VDPLF?tag=eloabder-20&linkCode=osi&th=1&psc=1">View Product</a></div><div class="product"><a href="https://www.amazon.com/dp/B07V57VJT5?tag=eloabder-20&linkCode=osi&th=1&psc=1"><img src="https://m.media-amazon.com/images/I/514JO3bvl3L._SL500_.jpg" alt="Product Image"></a><p>XFasten Adhesive Roller for Scrapbooking, 8mm x 30ft 4-Pack Double Sided Glue Tape Roller, Scrapbook Supplies for Adults, Photo Tape for Scrapbooking</p><p>$9.99 ($2.50 / Count)</p><a href="https://www.amazon.com/dp/B07V57VJT5?tag=eloabder-20&linkCode=osi&th=1&psc=1">View Product</a></div><div class="product"><a href="https://www.amazon.com/dp/B07JLTGQHX?tag=eloabder-20&linkCode=osi&th=1&psc=1"><img src="https://m.media-amazon.com/images/I/51Eqfo7kUZL._SL500_.jpg" alt="Product Image"></a><p>UPINS 120 Pack Double Sided Foam Tape Square Self-Adhesive Foam Tape Black Strong Tape Pads for DIY Art Crafts Supplies</p><p>$9.99 ($0.08 / Count)</p><a href="https://www.amazon.com/dp/B07JLTGQHX?tag=eloabder-20&linkCode=osi&th=1&psc=1">View Product</a></div><div class="product"><a href="https://www.amazon.com/dp/B005FM6XF4?tag=eloabder-20&linkCode=osi&th=1&psc=1"><img src="https://m.media-amazon.com/images/I/51-vp1WJ89L._SL500_.jpg" alt="Product Image"></a><p>AdTech 5603 Permanent Crafter's Tape, 0.31" x 315", Pack of 4</p><p>$7.84 ($0.07 / Foot)</p><a href="https://www.amazon.com/dp/B005FM6XF4?tag=eloabder-20&linkCode=osi&th=1&psc=1">View Product</a></div><div class="product"><a href="https://www.amazon.com/dp/B0CJF1FLFJ?tag=eloabder-20&linkCode=osi&th=1&psc=1"><img src="https://m.media-amazon.com/images/I/51dig1RqzdL._SL500_.jpg" alt="Product Image"></a><p>UPINS 150Pack Double Sided Foam Tape Strong Sticky Double Sided Foam Pads for Crafts Self-Adhesive Mounting Foam Tape Heavy Duty for Home Wall Decor 40 * 40 * 2mm</p><p>$8.99 ($0.06 / Count)</p><a href="https://www.amazon.com/dp/B0CJF1FLFJ?tag=eloabder-20&linkCode=osi&th=1&psc=1">View Product</a></div><div class="product"><a href="https://www.amazon.com/dp/B0D4YWRGCL?tag=eloabder-20&linkCode=osi&th=1&psc=1"><img src="https://m.media-amazon.com/images/I/41EqJ553-KL._SL500_.jpg" alt="Product Image"></a><p>Amanbo Glue Tape for Scrapbooking, 6 Pack Scrapbook Tape, Double Sided Tape Roller for Crafts, Total 120 Ft x 0.24 in Tape Runner, Craft Supplies for Scrapbooking, Gift Wrapping and Photo Tape</p><p>$6.99</p><a href="https://www.amazon.com/dp/B0D4YWRGCL?tag=eloabder-20&linkCode=osi&th=1&psc=1">View Product</a></div>
<div class="product"><a href="https://www.amazon.com/dp/B0CC5HPPTN?tag=eloabder-20&linkCode=osi&th=1&psc=1"><img src="https://m.media-amazon.com/images/I/519M81S201L._SL500_.jpg" alt="Product Image"></a><p>Airbrush Paint - 30 Colors with 3 Thinner, Ready to Spray Airbrush Paint Set, Water-Based Acrylic Air brush Paints for Metal, Plastic Models, Canvas, Wood, 20ml/Bottle</p><p>$32.99 ($1.48 / Fl Oz)</p><a href="https://www.amazon.com/dp/B0CC5HPPTN?tag=eloabder-20&linkCode=osi&th=1&psc=1">View Product</a></div>
<div class="product"><a href="https://www.amazon.com/dp/B0CXPSGK36?tag=eloabder-20&linkCode=osi&th=1&psc=1"><img src="https://m.media-amazon.com/images/I/51dd2dYOtrL._SL500_.jpg" alt="Product Image"></a><p>Letter Stickers 30 Sheets 1500 PCS Large Alphabet Sticker 2 Inch Vinyl Self Adhesive Stick on Stickers for Water Bottles Cup Mailbox Number Address Craft Scrapbooking Bulletin Board Decor Multicolor</p><p>$9.99</p><a href="https://www.amazon.com/dp/B0CXPSGK36?tag=eloabder-20&linkCode=osi&th=1&psc=1">View Product</a></div><div class="product"><a href="https://www.amazon.com/dp/B07NNYFMGY?tag=eloabder-20&linkCode=osi&th=1&psc=1"><img src="https://m.media-amazon.com/images/I/51yDnU+gEXL._SL500_.jpg" alt="Product Image"></a><p>20 Sheets Alphabet Letter Stickers 10 Colors Self Adhesive Sticker Colorful PU Material Convex Feeling (Colored Letter Stickers 1)</p><p>$6.99 ($0.35 / Count)</p><a href="https://www.amazon.com/dp/B07NNYFMGY?tag=eloabder-20&linkCode=osi&th=1&psc=1">View Product</a></div>

<div class="product"><a href="https://www.amazon.com/dp/B01DDN8854?tag=eloabder-20&linkCode=osi&th=1&psc=1"><img src="https://m.media-amazon.com/images/I/61dPubDZBSL._SL500_.jpg" alt="Product Image"></a><p>Hugs 'n Kisses HNKHABY13 Applique Paper (20 Pack)</p><p>$19.72 ($0.99 / Count)</p><a href="https://www.amazon.com/dp/B01DDN8854?tag=eloabder-20&linkCode=osi&th=1&psc=1">View Product</a></div>
<div class="product"><a href="https://www.amazon.com/dp/B09KPNFJW1?tag=eloabder-20&linkCode=osi&th=1&psc=1"><img src="https://m.media-amazon.com/images/I/41abn5fELmL._SL500_.jpg" alt="Product Image"></a><p>UniPleased Disposable Aprons (50 Count), Plastic apron for Painting Party, Cooking, Housework, Picnic etc.</p><p>$5.69</p><a href="https://www.amazon.com/dp/B09KPNFJW1?tag=eloabder-20&linkCode=osi&th=1&psc=1">View Product</a></div>
<div class="product"><a href="https://www.amazon.com/dp/B087M21MM2?tag=eloabder-20&linkCode=osi&th=1&psc=1"><img src="https://m.media-amazon.com/images/I/41Xf-jehhLL._SL500_.jpg" alt="Product Image"></a><p>GOTIDEAL Stretched Canvas, Multi Pack 4x4, 5x7, 8x10,9x12, 11x14 Set of 10, Primed White - 100% Cotton Artist Canvas Boards for Painting, Acrylic Pouring, Oil Paint Dry & Wet Art Media</p><p>$24.99</p><a href="https://www.amazon.com/dp/B087M21MM2?tag=eloabder-20&linkCode=osi&th=1&psc=1">View Product</a></div><div class="product"><a href="https://www.amazon.com/dp/B00OQJYISG?tag=eloabder-20&linkCode=osi&th=1&psc=1"><img src="https://m.media-amazon.com/images/I/31fEDLPkkcL._SL500_.jpg" alt="Product Image"></a><p>6 Count 12” x 16” Super Value Canvas by Artist's Loft Necessities - Acid Free Cotton Canvas for Paint, Acrylic, & Oils - 1 Pack</p><p>$19.99</p><a href="https://www.amazon.com/dp/B00OQJYISG?tag=eloabder-20&linkCode=osi&th=1&psc=1">View Product</a></div><div class="product"><a href="https://www.amazon.com/dp/B09CDKB9HY?tag=eloabder-20&linkCode=osi&th=1&psc=1"><img src="https://m.media-amazon.com/images/I/51+p5xnClGL._SL500_.jpg" alt="Product Image"></a><p>DPDIAN Canvas Boards for Painting 40 Pack, 8 inch x 10 inch Super Value Pack, Artist Canvas Panels for Oil & Acrylic Painting</p><p>$29.99</p><a href="https://www.amazon.com/dp/B09CDKB9HY?tag=eloabder-20&linkCode=osi&th=1&psc=1">View Product</a></div><div class="product"><a href="https://www.amazon.com/dp/B0CFBGP29G?tag=eloabder-20&linkCode=osi&th=1&psc=1"><img src="https://m.media-amazon.com/images/I/3147Az5plbL._SL500_.jpg" alt="Product Image"></a><p>ArtSkills Stretched Canvases for Painting, 12x16 Canvas Painting Supplies for Artists, Blank Canvas Pack, 2-Pack</p><p>$16.99</p><a href="https://www.amazon.com/dp/B0CFBGP29G?tag=eloabder-20&linkCode=osi&th=1&psc=1">View Product</a></div><div class="product"><a href="https://www.amazon.com/dp/B07BNGQ1SS?tag=eloabder-20&linkCode=osi&th=1&psc=1"><img src="https://m.media-amazon.com/images/I/410ZVtygUwS._SL500_.jpg" alt="Product Image"></a><p>PHOENIX Stretched Canvas for Painting 8x10 Inch/10 Value Pack, 8 Oz Triple Primed 5/8 Inch Profile 100% Cotton White Blank Canvas, Artist Framed Canvas for Oil Acrylic & Pouring Art</p><p>$22.99</p><a href="https://www.amazon.com/dp/B07BNGQ1SS?tag=eloabder-20&linkCode=osi&th=1&psc=1">View Product</a></div><div class="product"><a href="https://www.amazon.com/dp/B0922JP1H4?tag=eloabder-20&linkCode=osi&th=1&psc=1"><img src="https://m.media-amazon.com/images/I/41BmiEND1KL._SL500_.jpg" alt="Product Image"></a><p>GOTIDEAL Canvases for Painting, 18 Pack Canvas Boards Multipack 4x4, 5x7, 8x10, 9x12,11x14,Primed White Blank Artist Canvas Variety Pack for Acrylic Paint, Oil Paint, Watercolor, Gouache</p><p>$19.99</p><a href="https://www.amazon.com/dp/B0922JP1H4?tag=eloabder-20&linkCode=osi&th=1&psc=1">View Product</a></div>


<div class="product"><a href="https://www.amazon.com/dp/B0872VFHBH?tag=eloabder-20&linkCode=osi&th=1&psc=1"><img src="https://m.media-amazon.com/images/I/51k3bekQheS._SL500_.jpg" alt="Product Image"></a><p>Bachmore Drawing Pad 9X12 Inch (110lb/180g), 60 Sheets, Top Spiral Bound Multi-Media for Artist Pro & Amateurs | Acrylic Art, Ink, Paint, Oil Pastels,Watercolor Mixed Media Sketch</p><p>$11.99</p><a href="https://www.amazon.com/dp/B0872VFHBH?tag=eloabder-20&linkCode=osi&th=1&psc=1">View Product</a></div><div class="product"><a href="https://www.amazon.com/dp/B0027A75A4?tag=eloabder-20&linkCode=osi&th=1&psc=1"><img src="https://m.media-amazon.com/images/I/51dyOxxcgYL._SL500_.jpg" alt="Product Image"></a><p>Strathmore 200 Series Sketch Pad, 9x12 inch, 100 Sheets, Tape Bound - Artist Sketchbook for Drawing, Illustration, Art Class Students</p><p>$6.99 ($0.07 / Count)</p><a href="https://www.amazon.com/dp/B0027A75A4?tag=eloabder-20&linkCode=osi&th=1&psc=1">View Product</a></div><div class="product"><a href="https://www.amazon.com/dp/B0BV13YQKX?tag=eloabder-20&linkCode=osi&th=1&psc=1"><img src="https://m.media-amazon.com/images/I/41VYfMpvXUL._SL500_.jpg" alt="Product Image"></a><p>Canson Graduate Watercolor Pad, Foldover, 9x12 inch, 20 Sheets | Artist Paper for Adults and Students - Painting, Gouache, Mixed Media and Ink</p><p>$4.97 ($0.41 / Count)</p><a href="https://www.amazon.com/dp/B0BV13YQKX?tag=eloabder-20&linkCode=osi&th=1&psc=1">View Product</a></div><div class="product"><a href="https://www.amazon.com/dp/B0024KMQ6K?tag=eloabder-20&linkCode=osi&th=1&psc=1"><img src="https://m.media-amazon.com/images/I/51sYdvPPUCL._SL500_.jpg" alt="Product Image"></a><p>Strathmore 400 Series Pastel Pad, Assorted Colors, 9"x12" Glue Bound, 24 Sheets</p><p>$9.11</p><a href="https://www.amazon.com/dp/B0024KMQ6K?tag=eloabder-20&linkCode=osi&th=1&psc=1">View Product</a></div><div class="product"><a href="https://www.amazon.com/dp/B00246O6PI?tag=eloabder-20&linkCode=osi&th=1&psc=1"><img src="https://m.media-amazon.com/images/I/517TUmckOIL._SL500_.jpg" alt="Product Image"></a><p>Strathmore 300 Series Drawing Paper Pad, Top Wire Bound, 11x14 inches, 50 Sheets (70lb/114g) - Artist Paper for Adults and Students - Charcoal, Colored Pencil, Ink, Pastel, Marker</p><p>$13.33</p><a href="https://www.amazon.com/dp/B00246O6PI?tag=eloabder-20&linkCode=osi&th=1&psc=1">View Product</a></div>
<div class="product"><a href="https://www.amazon.com/dp/B08ZMH7LJY?tag=eloabder-20&linkCode=osi&th=1&psc=1"><img src="https://m.media-amazon.com/images/I/51mJIsLJA-S._SL500_.jpg" alt="Product Image"></a><p>PANDAFLY Professional Drawing Sketching Pencil Set - 12 Pieces Graphite Pencils(14B - 2H), Ideal for Drawing Art, Sketching, Shading, Artist Pencils for Beginners & Pro Artists</p><p>$5.11</p><a href="https://www.amazon.com/dp/B08ZMH7LJY?tag=eloabder-20&linkCode=osi&th=1&psc=1">View Product</a></div><div class="product"><a href="https://www.amazon.com/dp/B088K1G5NL?tag=eloabder-20&linkCode=osi&th=1&psc=1"><img src="https://m.media-amazon.com/images/I/51F2bOMZWnL._SL500_.jpg" alt="Product Image"></a><p>MARKART Professional Drawing Sketching Pencil Set - 14 Pieces,Graphite,(12B - 4H), Ideal for Drawing Art, Sketching, Shading, Artist Pencils for Beginners & Pro Artists</p><p>$5.24</p><a href="https://www.amazon.com/dp/B088K1G5NL?tag=eloabder-20&linkCode=osi&th=1&psc=1">View Product</a></div><div class="product"><a href="https://www.amazon.com/dp/B08FHMRW4L?tag=eloabder-20&linkCode=osi&th=1&psc=1"><img src="https://m.media-amazon.com/images/I/51Pmn5gjyzL._SL500_.jpg" alt="Product Image"></a><p>Mr. Pen- Sketch Pencils for Drawing, 14 Pack, Drawing Pencils, Art Pencils, Graphite Pencils, Graphite Pencils for Drawing, Art Pencils for Drawing and Shading</p><p>$5.95</p><a href="https://www.amazon.com/dp/B08FHMRW4L?tag=eloabder-20&linkCode=osi&th=1&psc=1">View Product</a></div><div class="product"><a href="https://www.amazon.com/dp/B0BNQ58DC4?tag=eloabder-20&linkCode=osi&th=1&psc=1"><img src="https://m.media-amazon.com/images/I/51e-gQtCcCL._SL500_.jpg" alt="Product Image"></a><p>MARTCOLOR Drawing Sketching Pencils Set, 12 Pack Graphite Pencils(14B - 2H), Ideal for Drawing Art, Sketching, Shading, Artist Pencils for Beginners & Pro Artists</p><p>$5.99</p><a href="https://www.amazon.com/dp/B0BNQ58DC4?tag=eloabder-20&linkCode=osi&th=1&psc=1">View Product</a></div>

<div class="product"><a href="https://www.amazon.com/dp/B0851M3749?tag=eloabder-20&linkCode=osi&th=1&psc=1"><img src="https://m.media-amazon.com/images/I/41KKSGSDl5L._SL500_.jpg" alt="Product Image"></a><p>N NOROCME 12 PCS Blending Stumps and Tortillions Paper Art Blenders with Sandpaper Pencil Sharpener Pointer for Student Artist Charcoal Sketch Drawing Tools</p><p>$4.99</p><a href="https://www.amazon.com/dp/B0851M3749?tag=eloabder-20&linkCode=osi&th=1&psc=1">View Product</a></div><div class="product"><a href="https://www.amazon.com/dp/B09J3HKN8F?tag=eloabder-20&linkCode=osi&th=1&psc=1"><img src="https://m.media-amazon.com/images/I/51Qvx81eQLL._SL500_.jpg" alt="Product Image"></a><p>Eraser Pencils Set for Artists, Wooden Sketch Eraser Pen for Charcoal Drawings, Professional Highlight Painting Eraser for Sketching, Revise Erasing Details for Students Limner</p><p>$6.99</p><a href="https://www.amazon.com/dp/B09J3HKN8F?tag=eloabder-20&linkCode=osi&th=1&psc=1">View Product</a></div>
<div class="product"><a href="https://www.amazon.com/dp/B09WCQ89T8?tag=eloabder-20&linkCode=osi&th=1&psc=1"><img src="https://m.media-amazon.com/images/I/41gZz0qgBFL._SL500_.jpg" alt="Product Image"></a><p>Bernat BABY BLANKET BB Blue Dreams Yarn - 1 Pack of 10.5oz/300g - Polyester - #6 Super Bulky - 220 Yards - Knitting/Crochet</p><p>$6.97</p><a href="https://www.amazon.com/dp/B09WCQ89T8?tag=eloabder-20&linkCode=osi&th=1&psc=1">View Product</a></div><div class="product"><a href="https://www.amazon.com/dp/B07V5JVNFD?tag=eloabder-20&linkCode=osi&th=1&psc=1"><img src="https://m.media-amazon.com/images/I/41IS+HdtiOL._SL500_.jpg" alt="Product Image"></a><p>Lion Brand Yarn Basic Stitch Anti-Pilling Knitting Yarn, Yarn for Crocheting, 1-Pack, Baby Blue</p><p>$8.40 ($0.02 / Foot)</p><a href="https://www.amazon.com/dp/B07V5JVNFD?tag=eloabder-20&linkCode=osi&th=1&psc=1">View Product</a></div><div class="product"><a href="https://www.amazon.com/dp/B01M0AJID2?tag=eloabder-20&linkCode=osi&th=1&psc=1"><img src="https://m.media-amazon.com/images/I/41yVau0AUpL._SL500_.jpg" alt="Product Image"></a><p>Lion Brand Yarn (1 Skein) Lion Brand Yarn Babysoft Baby Yarn Yarn, Little Boy Blue Multicolor</p><p>$7.19 ($0.01 / Foot)</p><a href="https://www.amazon.com/dp/B01M0AJID2?tag=eloabder-20&linkCode=osi&th=1&psc=1">View Product</a></div><div class="product"><a href="https://www.amazon.com/dp/B09W1KHF42?tag=eloabder-20&linkCode=osi&th=1&psc=1"><img src="https://m.media-amazon.com/images/I/41maDlrio5L._SL500_.jpg" alt="Product Image"></a><p>Red Heart Super Saver Light Blue Yarn - 3 Pack of 198g/7oz - Acrylic - 4 Medium (Worsted) - 364 Yards - Knitting/Crochet</p><p>$13.29 ($4.43 / Count)</p><a href="https://www.amazon.com/dp/B09W1KHF42?tag=eloabder-20&linkCode=osi&th=1&psc=1">View Product</a></div><div class="product"><a href="https://www.amazon.com/dp/B08LKVZ3CX?tag=eloabder-20&linkCode=osi&th=1&psc=1"><img src="https://m.media-amazon.com/images/I/41GLizNx8UL._SL500_.jpg" alt="Product Image"></a><p>Bernat Baby Blanket Baby Blue Yarn - 3 Pack of 100g/3.5oz - Polyester - 6 Super Bulky - 72 Yards - Knitting/Crochet</p><p>$21.81</p><a href="https://www.amazon.com/dp/B08LKVZ3CX?tag=eloabder-20&linkCode=osi&th=1&psc=1">View Product</a></div><div class="product"><a href="https://www.amazon.com/dp/B0CHJ95WHJ?tag=eloabder-20&linkCode=osi&th=1&psc=1"><img src="https://m.media-amazon.com/images/I/314E1EQdihL._SL500_.jpg" alt="Product Image"></a><p>NORCIA Soft Velvet Yarn Chenille Yarn for Crocheting Baby Blanket Yarn for Knitting Amigurumi Yarn Fancy Yarn for Crochet Weaving Craft (Baby Blue, 1 Skein)</p><p>$9.99</p><a href="https://www.amazon.com/dp/B0CHJ95WHJ?tag=eloabder-20&linkCode=osi&th=1&psc=1">View Product</a></div>
<div class="product"><a href="https://www.amazon.com/dp/B0779F2TXJ?tag=eloabder-20&linkCode=osi&th=1&psc=1"><img src="https://m.media-amazon.com/images/I/31kqZr8DJzL._SL500_.jpg" alt="Product Image"></a><p>OPENDGO Feather Ballpoint Pen ，Black Ink Vintage Feather Quill Refined Plated Rod Quill Ballpoint Pen For School Writing ▏Wedding Gift Signature Pen (Black)</p><p>$6.97</p><a href="https://www.amazon.com/dp/B0779F2TXJ?tag=eloabder-20&linkCode=osi&th=1&psc=1">View Product</a></div><div class="product"><a href="https://www.amazon.com/dp/B0CQF3BJ3S?tag=eloabder-20&linkCode=osi&th=1&psc=1"><img src="https://m.media-amazon.com/images/I/41gs6AOiP6L._SL500_.jpg" alt="Product Image"></a><p>3 in 1 Retractable Ballpoint Pen with Light and Stylus, Nice Pens for Journaling Writing in The Dark - White/Red Light Tip- 0.7mm Black Ink</p><p>$12.99</p><a href="https://www.amazon.com/dp/B0CQF3BJ3S?tag=eloabder-20&linkCode=osi&th=1&psc=1">View Product</a></div><div class="product"><a href="https://www.amazon.com/dp/B08BBZ3B8G?tag=eloabder-20&linkCode=osi&th=1&psc=1"><img src="https://m.media-amazon.com/images/I/41cMHyw60wL._SL500_.jpg" alt="Product Image"></a><p>Mr. Pen- Pens, Black Pens, 12 Pack, Fast Dry, No Smear Pens, Bible Pens, Pens for Journaling, Pens No Bleed Through, Pens Fine Point, Journal Pens, Fine Tip, Planner Pens, Ball Point Journal Pens</p><p>$9.99</p><a href="https://www.amazon.com/dp/B08BBZ3B8G?tag=eloabder-20&linkCode=osi&th=1&psc=1">View Product</a></div><div class="product"><a href="https://www.amazon.com/dp/B0D4YWWGX6?tag=eloabder-20&linkCode=osi&th=1&psc=1"><img src="https://m.media-amazon.com/images/I/31xHBCCzJqL._SL500_.jpg" alt="Product Image"></a><p>PATIKIL 21cm/8" Feather Ballpoint Pen, 1Pcs Ink Vintage Quill Pen Refined Plated Dip Pen for Calligraphy Writing Signature Wedding Gift, Yellow</p><p>$7.49</p><a href="https://www.amazon.com/dp/B0D4YWWGX6?tag=eloabder-20&linkCode=osi&th=1&psc=1">View Product</a></div>

<div class="product"><a href="https://www.amazon.com/dp/B001TLDEVQ?tag=eloabder-20&linkCode=osi&th=1&psc=1"><img src="https://m.media-amazon.com/images/I/41jYF39F6lL._SL500_.jpg" alt="Product Image"></a><p>Beadalon SuppleMax Illusion Beading Cord, 0.40 mm / 0.016 in, Clear Monofilament, 50 m / 164 ft</p><p>$4.74</p><a href="https://www.amazon.com/dp/B001TLDEVQ?tag=eloabder-20&linkCode=osi&th=1&psc=1">View Product</a></div><div class="product"><a href="https://www.amazon.com/dp/B0D2HVFZ7Q?tag=eloabder-20&linkCode=osi&th=1&psc=1"><img src="https://m.media-amazon.com/images/I/41R66LMYz7L._SL500_.jpg" alt="Product Image"></a><p>Zxiixz 116Yards 0.5mm Bracelet String, Waxed String Cord for Bracelet Making, Beading Thread for Bracelet Beads, Friendship Bracelet String for Bracelet Making, Waxed Polyester Cord for Jewelry Making</p><p>$6.99</p><a href="https://www.amazon.com/dp/B0D2HVFZ7Q?tag=eloabder-20&linkCode=osi&th=1&psc=1">View Product</a></div><div class="product"><a href="https://www.amazon.com/dp/B07BNF8KH5?tag=eloabder-20&linkCode=osi&th=1&psc=1"><img src="https://m.media-amazon.com/images/I/51jVByheyVL._SL500_.jpg" alt="Product Image"></a><p>PH PandaHall 100 Yards 1mm Waxed Cotton Cord Thread Beading String for Bracelet Necklace Making Crafting Beading Macrame Vase Decor, Burlywood</p><p>$7.19 ($0.02 / Foot)</p><a href="https://www.amazon.com/dp/B07BNF8KH5?tag=eloabder-20&linkCode=osi&th=1&psc=1">View Product</a></div><div class="product"><a href="https://www.amazon.com/dp/B07HBPGXJG?tag=eloabder-20&linkCode=osi&th=1&psc=1"><img src="https://m.media-amazon.com/images/I/41xi8gO6kDL._SL500_.jpg" alt="Product Image"></a><p>Paxcoo 0.8mm Elastic String, Stretchy Bracelet String Crystal String Bead Cord for Bracelet, Beading and Jewelry Making (120m)</p><p>$6.99 ($0.02 / Foot)</p><a href="https://www.amazon.com/dp/B07HBPGXJG?tag=eloabder-20&linkCode=osi&th=1&psc=1">View Product</a></div><div class="product"><a href="https://www.amazon.com/dp/B0CNPST7D9?tag=eloabder-20&linkCode=osi&th=1&psc=1"><img src="https://m.media-amazon.com/images/I/41A9VISFC4L._SL500_.jpg" alt="Product Image"></a><p>Kblick Black Nylon String Cord - 1MM 100 Yards Black Twine, Bracelet String for Bracelet Making, Braided Ornament Lanyard Sting, Jewelry Thread Clay Bead String for Crafts, Macrame Satin Cord</p><p>$5.99 ($0.02 / Foot)</p><a href="https://www.amazon.com/dp/B0CNPST7D9?tag=eloabder-20&linkCode=osi&th=1&psc=1">View Product</a></div><div class="product"><a href="https://www.amazon.com/dp/B08GC3JF9X?tag=eloabder-20&linkCode=osi&th=1&psc=1"><img src="https://m.media-amazon.com/images/I/41FQZYhvQpL._SL500_.jpg" alt="Product Image"></a><p>Cheriswelry 100M 0.8mm Nylon Beading Cord Black Chinese Knotting Rattail Macrame Thread String Roll for Jewelry Making Kumihimo Wrapping Supplies DIY Crafts</p><p>$6.99 ($0.02 / Fl Oz)</p><a href="https://www.amazon.com/dp/B08GC3JF9X?tag=eloabder-20&linkCode=osi&th=1&psc=1">View Product</a></div><div class="product"><a href="https://www.amazon.com/dp/B0B3V9RWQC?tag=eloabder-20&linkCode=osi&th=1&psc=1"><img src="https://m.media-amazon.com/images/I/41F-OP+yCxL._SL500_.jpg" alt="Product Image"></a><p>Griffin Silk Bead Cord Perlseide – Black Color – Size 3 (0.50mm) – 2 Meters per Card – Stainless Steel Needle Attached – for Knotting Pearls, Gemstones, Crystals and Beads</p><p>$4.99 ($0.76 / Foot)</p><a href="https://www.amazon.com/dp/B0B3V9RWQC?tag=eloabder-20&linkCode=osi&th=1&psc=1">View Product</a></div><div class="product"><a href="https://www.amazon.com/dp/B08F49YVQP?tag=eloabder-20&linkCode=osi&th=1&psc=1"><img src="https://m.media-amazon.com/images/I/41yCMIpj0rS._SL500_.jpg" alt="Product Image"></a><p>1mm Stretchy Bracelet String, Sturdy Rainbow Elastic String Elastic Cord for Jewelry Making, Necklaces, Beading and Crafts</p><p>$6.99 ($0.04 / Foot)</p><a href="https://www.amazon.com/dp/B08F49YVQP?tag=eloabder-20&linkCode=osi&th=1&psc=1">View Product</a></div>

<div class="product"><a href="https://www.amazon.com/dp/B001GMUBJ6?tag=eloabder-20&linkCode=osi&th=1&psc=1"><img src="https://m.media-amazon.com/images/I/41V5qzn3H5L._SL500_.jpg" alt="Product Image"></a><p>The Beadsmith Fireline by Berkley – Micro-Fused Braided Thread – 6lb. Test, 006”/.15mm Diameter, 50 Yard Spool, Crystal Color – Super Strong Stringing Material for Jewelry Making and Bead Weaving</p><p>$12.59</p><a href="https://www.amazon.com/dp/B001GMUBJ6?tag=eloabder-20&linkCode=osi&th=1&psc=1">View Product</a></div><div class="product"><a href="https://www.amazon.com/dp/B001UAKK0Y?tag=eloabder-20&linkCode=osi&th=1&psc=1"><img src="https://m.media-amazon.com/images/I/41rY1D0wfuL._SL500_.jpg" alt="Product Image"></a><p>Beadalon Wildfire, 0.006 in, 0.15 mm, Break Strength 10 lb / 4.5 kg, Frost, 50 yd / 45 m</p><p>$8.85 ($0.06 / Foot)</p><a href="https://www.amazon.com/dp/B001UAKK0Y?tag=eloabder-20&linkCode=osi&th=1&psc=1">View Product</a></div><div class="product"><a href="https://www.amazon.com/dp/B095WY58F4?tag=eloabder-20&linkCode=osi&th=1&psc=1"><img src="https://m.media-amazon.com/images/I/41mXRfJqcjL._SL500_.jpg" alt="Product Image"></a><p>PH PandaHall 0.1mm Nylon Seed Bead Thread 100 Yards Black White Bracelet Cord Beading Thread Invisible Sewing Thread Nylon Braided Thread String for Leather Stitching Beading Jewelry Bracelets Making</p><p>$9.99 ($0.03 / Foot)</p><a href="https://www.amazon.com/dp/B095WY58F4?tag=eloabder-20&linkCode=osi&th=1&psc=1">View Product</a></div><div class="product"><a href="https://www.amazon.com/dp/B08RN2R2SZ?tag=eloabder-20&linkCode=osi&th=1&psc=1"><img src="https://m.media-amazon.com/images/I/41Tg2MMC++L._SL500_.jpg" alt="Product Image"></a><p>KO Nylon Beading Thread, White Color, Japanese Pre-Waxed 100% Nylon, 330TEX, Tangle Resistant Knotting Cords, 50m /55 yds Spool, Use for Seed Bead Projects, Loom Work & Bead Weaving</p><p>$7.06 ($0.04 / Foot)</p><a href="https://www.amazon.com/dp/B08RN2R2SZ?tag=eloabder-20&linkCode=osi&th=1&psc=1">View Product</a></div><div class="product"><a href="https://www.amazon.com/dp/B09J89ST79?tag=eloabder-20&linkCode=osi&th=1&psc=1"><img src="https://m.media-amazon.com/images/I/41hLuuOZeXL._SL500_.jpg" alt="Product Image"></a><p>2 Roll Polyester Thread, Heavy Duty Thread, 1500Yard/Reel 210D/3 nylon thread for sewing, Sewing Thread for Upholstery, Outdoor Market, Drapery, Leather, Beading, Crafts</p><p>$7.99 ($0.00 / Foot)</p><a href="https://www.amazon.com/dp/B09J89ST79?tag=eloabder-20&linkCode=osi&th=1&psc=1">View Product</a></div><div class="product"><a href="https://www.amazon.com/dp/B0C6MSY7QQ?tag=eloabder-20&linkCode=osi&th=1&psc=1"><img src="https://m.media-amazon.com/images/I/31Bn-MyA62L._SL500_.jpg" alt="Product Image"></a><p>PH PandaHall 0.1mm Nylon String 100 Yards Beading Thread White Nylon Seed Bead Thread Bracelet Beading Thread Sewing String for Leather Stitching Beading Jewelry Bracelets Making</p><p>$7.99 ($0.03 / Foot)</p><a href="https://www.amazon.com/dp/B0C6MSY7QQ?tag=eloabder-20&linkCode=osi&th=1&psc=1">View Product</a></div>

<div class="product"><a href="https://www.amazon.com/dp/B07NMNDT1W?tag=eloabder-20&linkCode=osi&th=1&psc=1"><img src="https://m.media-amazon.com/images/I/41-zwQIcVcL._SL500_.jpg" alt="Product Image"></a><p>Howemon White Beeswax Pellets 2LB 100% Pure and Natural Triple Filtered for Skin, Face, Body and Hair Care DIY Creams, Lotions, Lip Balm and Soap Making Supplies</p><p>$13.99 ($0.44 / Fl Oz)</p><a href="https://www.amazon.com/dp/B07NMNDT1W?tag=eloabder-20&linkCode=osi&th=1&psc=1">View Product</a></div><div class="product"><a href="https://www.amazon.com/dp/B00B3U0FW4?tag=eloabder-20&linkCode=osi&th=1&psc=1"><img src="https://m.media-amazon.com/images/I/51rWFCST+TL._SL500_.jpg" alt="Product Image"></a><p>Beesworks Yellow Beeswax Pellets (1 lb) | 100% Pure, Cosmetic Grade, Triple-Filtered Beeswax for DIY Skin care, Lip Balm, Lotion, and Candle Making</p><p>$13.99 ($0.87 / Ounce)</p><a href="https://www.amazon.com/dp/B00B3U0FW4?tag=eloabder-20&linkCode=osi&th=1&psc=1">View Product</a></div><div class="product"><a href="https://www.amazon.com/dp/B01LWX2IO1?tag=eloabder-20&linkCode=osi&th=1&psc=1"><img src="https://m.media-amazon.com/images/I/41MlNqhDyCL._SL500_.jpg" alt="Product Image"></a><p>Beesworks Yellow Beeswax Bars (6 oz) | 100% Pure, Cosmetic Grade, Triple-Filtered Beeswax for DIY Skin Care, Lip Balm, Lotion and Candle Making (1 oz Bars - Pack of 6)</p><p>$6.99</p><a href="https://www.amazon.com/dp/B01LWX2IO1?tag=eloabder-20&linkCode=osi&th=1&psc=1">View Product</a></div><div class="product"><a href="https://www.amazon.com/dp/B0BV77F19N?tag=eloabder-20&linkCode=osi&th=1&psc=1"><img src="https://m.media-amazon.com/images/I/41xzHaO1-EL._SL500_.jpg" alt="Product Image"></a><p>Beeswax Pellets 10LB Cosmetic Beeswax Triple Filtered Beeswax Pastilles for Candle Making Great for DIY Projects Creams Lotions Lip Balm and Soap Making Supplies(10LB)</p><p>$32.99</p><a href="https://www.amazon.com/dp/B0BV77F19N?tag=eloabder-20&linkCode=osi&th=1&psc=1">View Product</a></div><div class="product"><a href="https://www.amazon.com/dp/B0C9QSG3CY?tag=eloabder-20&linkCode=osi&th=1&psc=1"><img src="https://m.media-amazon.com/images/I/414XQcU6SRL._SL500_.jpg" alt="Product Image"></a><p>YASNAY White Beeswax Pellets 2LB, 100% Organic Beeswax, Beeswax for Candle Making, Body, Skin Care DIY, Lip Balm and Soap Making Supplies</p><p>$11.99</p><a href="https://www.amazon.com/dp/B0C9QSG3CY?tag=eloabder-20&linkCode=osi&th=1&psc=1">View Product</a></div><div class="product"><a href="https://www.amazon.com/dp/B097HTC4WN?tag=eloabder-20&linkCode=osi&th=1&psc=1"><img src="https://m.media-amazon.com/images/I/51pwMM7C6-L._SL500_.jpg" alt="Product Image"></a><p>Eco Lux 8 Yellow Beeswax Blocks 100% Pure Natural Organic Bees Wax 6.5oz</p><p>$8.49 ($1.35 / Ounce)</p><a href="https://www.amazon.com/dp/B097HTC4WN?tag=eloabder-20&linkCode=osi&th=1&psc=1">View Product</a></div><div class="product"><a href="https://www.amazon.com/dp/B00HDHQQCE?tag=eloabder-20&linkCode=osi&th=1&psc=1"><img src="https://m.media-amazon.com/images/I/41vF-7MwNhL._SL500_.jpg" alt="Product Image"></a><p>Murray's 100% Pure Beeswax 4 oz</p><p>$5.98 ($1.50 / Ounce)</p><a href="https://www.amazon.com/dp/B00HDHQQCE?tag=eloabder-20&linkCode=osi&th=1&psc=1">View Product</a></div><div class="product"><a href="https://www.amazon.com/dp/B09YM8JTLM?tag=eloabder-20&linkCode=osi&th=1&psc=1"><img src="https://m.media-amazon.com/images/I/41cjNuBnFEL._SL500_.jpg" alt="Product Image"></a><p>TRINIDa Beeswax Pellets 2LB(32 oz), 100% Organic Yellow Bees Wax for DIY Candles, Beeswax for Candle Making, Skin, Body, Face, and Hair Care, Lotions, DIY Creams, Lip Balm and Soap Making Supplies</p><p>$11.99</p><a href="https://www.amazon.com/dp/B09YM8JTLM?tag=eloabder-20&linkCode=osi&th=1&psc=1">View Product</a></div><div class="product"><a href="https://www.amazon.com/dp/B00F3CNMV4?tag=eloabder-20&linkCode=osi&th=1&psc=1"><img src="https://m.media-amazon.com/images/I/31pjrRAEa4L._SL500_.jpg" alt="Product Image"></a><p>Stakich Yellow Beeswax Block - Natural, Triple Filtered - 1 Pound, Honey Scent</p><p>$13.95 ($0.87 / Ounce)</p><a href="https://www.amazon.com/dp/B00F3CNMV4?tag=eloabder-20&linkCode=osi&th=1&psc=1">View Product</a></div><div class="product"><a href="https://www.amazon.com/dp/B0BXFZBZS9?tag=eloabder-20&linkCode=osi&th=1&psc=1"><img src="https://m.media-amazon.com/images/I/4178i9IB9KL._SL500_.jpg" alt="Product Image"></a><p>5LB Beeswax Pellets Beeswax for Candle Making Organic Beeswax Pellets for Skin Beeswax Beads Beeswax Bulk Beeswax for Lotion Making Organic for DIY and Craft Project</p><p>$22.99</p><a href="https://www.amazon.com/dp/B0BXFZBZS9?tag=eloabder-20&linkCode=osi&th=1&psc=1">View Product</a></div>
<div class="product"><a href="https://www.amazon.com/dp/B0052F1BVK?tag=eloabder-20&linkCode=osi&th=1&psc=1"><img src="https://m.media-amazon.com/images/I/41zE9eiGoLL._SL500_.jpg" alt="Product Image"></a><p>ACC Staples Large Binder Clips, 2" Width, 1" Capacity, Black, 12/Pk</p><p>$6.30</p><a href="https://www.amazon.com/dp/B0052F1BVK?tag=eloabder-20&linkCode=osi&th=1&psc=1">View Product</a></div><div class="product"><a href="https://www.amazon.com/dp/B07MLFR771?tag=eloabder-20&linkCode=osi&th=1&psc=1"><img src="https://m.media-amazon.com/images/I/51N2wxA7N0L._SL500_.jpg" alt="Product Image"></a><p>CooBigo 50 Pack Binder Ring, Metal Book Ring Paper Ring Holder 5/8-Inch Loose Leaf Binder Ring Clip for Index Card, Flash Card Ring, Card Calendar, Keychain Key Ring - Bronze</p><p>$6.99</p><a href="https://www.amazon.com/dp/B07MLFR771?tag=eloabder-20&linkCode=osi&th=1&psc=1">View Product</a></div><div class="product"><a href="https://www.amazon.com/dp/B01563NHGY?tag=eloabder-20&linkCode=osi&th=1&psc=1"><img src="https://m.media-amazon.com/images/I/41gj+0ZftqL._SL500_.jpg" alt="Product Image"></a><p>vanki Pack of 40 Cute Lovely Smiling Face Spring-Loaded File Organizer Paper Holder Metal Binder Clips, Assorted Color</p><p>$8.99</p><a href="https://www.amazon.com/dp/B01563NHGY?tag=eloabder-20&linkCode=osi&th=1&psc=1">View Product</a></div><div class="product"><a href="https://www.amazon.com/dp/B000GOUDSO?tag=eloabder-20&linkCode=osi&th=1&psc=1"><img src="https://m.media-amazon.com/images/I/41ZANISHgML._SL500_.jpg" alt="Product Image"></a><p>Small Binder Clips .75" 8/Pkg-Assorted Colors</p><p>$4.46</p><a href="https://www.amazon.com/dp/B000GOUDSO?tag=eloabder-20&linkCode=osi&th=1&psc=1">View Product</a></div>
<div class="product"><a href="https://www.amazon.com/dp/B07PRPX4VR?tag=eloabder-20&linkCode=osi&th=1&psc=1"><img src="https://m.media-amazon.com/images/I/41IMH12fdPL._SL500_.jpg" alt="Product Image"></a><p>Durable Sheet Lifters, Durable Easy Flow, 11" x 3", Lifts Sheets Over Rings and Protects Sheets from Tearing, Fit Standard 3-Ring Binders, Black (20 Pack)</p><p>$14.99</p><a href="https://www.amazon.com/dp/B07PRPX4VR?tag=eloabder-20&linkCode=osi&th=1&psc=1">View Product</a></div><div class="product"><a href="https://www.amazon.com/dp/B0CM8QJHFW?tag=eloabder-20&linkCode=osi&th=1&psc=1"><img src="https://m.media-amazon.com/images/I/31cJGS74oCL._SL500_.jpg" alt="Product Image"></a><p>Wantane D-Shaped Tape Storage Ring Tape Storage Ring 4" D-Shaped Washi Tape Storage Ring for DIY Decoration and Storage（Nickel）-2PCS</p><p>$7.99</p><a href="https://www.amazon.com/dp/B0CM8QJHFW?tag=eloabder-20&linkCode=osi&th=1&psc=1">View Product</a></div>
<div class="product"><a href="https://www.amazon.com/dp/B00006IAS3?tag=eloabder-20&linkCode=osi&th=1&psc=1"><img src="https://m.media-amazon.com/images/I/317DvSXhT1L._SL500_.jpg" alt="Product Image"></a><p>GBC Binding System, Manual, Desktop Binding Punch, 6 Sheet Punch Capacity, ProClick P50 (2515650)</p><p>$123.89</p><a href="https://www.amazon.com/dp/B00006IAS3?tag=eloabder-20&linkCode=osi&th=1&psc=1">View Product</a></div><div class="product"><a href="https://www.amazon.com/dp/B004BP81KQ?tag=eloabder-20&linkCode=osi&th=1&psc=1"><img src="https://m.media-amazon.com/images/I/51SqfeZ12KL._SL500_.jpg" alt="Product Image"></a><p>We R Memory Keepers Cinch Book Binding Wire (1-Inch, Silver (2 Pack))</p><p>$5.99</p><a href="https://www.amazon.com/dp/B004BP81KQ?tag=eloabder-20&linkCode=osi&th=1&psc=1">View Product</a></div>

<div class="product"><a href="https://www.amazon.com/dp/B0007ZJ8TM?tag=eloabder-20&linkCode=osi&th=1&psc=1"><img src="https://m.media-amazon.com/images/I/41i49sz3UAL._SL500_.jpg" alt="Product Image"></a><p>Speedball Super Black India Ink, 2-Ounce</p><p>$9.99 ($9.99 / Count)</p><a href="https://www.amazon.com/dp/B0007ZJ8TM?tag=eloabder-20&linkCode=osi&th=1&psc=1">View Product</a></div><div class="product"><a href="https://www.amazon.com/dp/B0026I10AI?tag=eloabder-20&linkCode=osi&th=1&psc=1"><img src="https://m.media-amazon.com/images/I/31vklP4uBsL._SL500_.jpg" alt="Product Image"></a><p>Dr. Ph. Martin's Bombay India (7BY) Ink Bottle, 1.0 oz, Black</p><p>$6.99</p><a href="https://www.amazon.com/dp/B0026I10AI?tag=eloabder-20&linkCode=osi&th=1&psc=1">View Product</a></div><div class="product"><a href="https://www.amazon.com/dp/B000KNP96C?tag=eloabder-20&linkCode=osi&th=1&psc=1"><img src="https://m.media-amazon.com/images/I/51e9srYtG0L._SL500_.jpg" alt="Product Image"></a><p>Winsor & Newton Drawing Ink, 14ml Bottle, Black Indian</p><p>$10.99</p><a href="https://www.amazon.com/dp/B000KNP96C?tag=eloabder-20&linkCode=osi&th=1&psc=1">View Product</a></div><div class="product"><a href="https://www.amazon.com/dp/B07BQG5QF4?tag=eloabder-20&linkCode=osi&th=1&psc=1"><img src="https://m.media-amazon.com/images/I/41nEMDYZaiL._SL500_.jpg" alt="Product Image"></a><p>Speedball Super Black India Ink, 16-Ounce</p><p>$19.99</p><a href="https://www.amazon.com/dp/B07BQG5QF4?tag=eloabder-20&linkCode=osi&th=1&psc=1">View Product</a></div><div class="product"><a href="https://www.amazon.com/dp/B001038NLY?tag=eloabder-20&linkCode=osi&th=1&psc=1"><img src="https://m.media-amazon.com/images/I/418i4sxJJ0L._SL500_.jpg" alt="Product Image"></a><p>Speedball Fabric Screen Printing Ink, 8-Ounce, Black for T-Shirt and Silkscreen Printmaking</p><p>$12.99 ($1.62 / Fl Oz)</p><a href="https://www.amazon.com/dp/B001038NLY?tag=eloabder-20&linkCode=osi&th=1&psc=1">View Product</a></div><div class="product"><a href="https://www.amazon.com/dp/B00161OPSA?tag=eloabder-20&linkCode=osi&th=1&psc=1"><img src="https://m.media-amazon.com/images/I/41C32y3CJAL._SL500_.jpg" alt="Product Image"></a><p>Tsukineko VersaFine inkpad, Full-Size, Onyx Black</p><p>$4.99 ($4.99 / Count)</p><a href="https://www.amazon.com/dp/B00161OPSA?tag=eloabder-20&linkCode=osi&th=1&psc=1">View Product</a></div>
<div class="product"><a href="https://www.amazon.com/dp/B07Q4TJCDJ?tag=eloabder-20&linkCode=osi&th=1&psc=1"><img src="https://m.media-amazon.com/images/I/315HYvYg-BL._SL500_.jpg" alt="Product Image"></a><p>Primbeeks 300pcs Blank Business Cards, Premium Blank White Cards, 3.5" x 2.2" Small Blank Cards, Blank Cardstock Cards, Small Note Cards, white blank cards, white business cards, kraft paper cards</p><p>$7.99</p><a href="https://www.amazon.com/dp/B07Q4TJCDJ?tag=eloabder-20&linkCode=osi&th=1&psc=1">View Product</a></div><div class="product"><a href="https://www.amazon.com/dp/B0CRGHFLT8?tag=eloabder-20&linkCode=osi&th=1&psc=1"><img src="https://m.media-amazon.com/images/I/41S1NLpb8hL._SL500_.jpg" alt="Product Image"></a><p>Watercolor Cards and Envelopes Set - 50 Folded 5x7 Inch Blank Heavyweight Paper Cards (140lb/300gsm) with Matching Envelopes for DIY Greeting Cards, Festivals, and Events</p><p>$17.99 ($0.36 / Count)</p><a href="https://www.amazon.com/dp/B0CRGHFLT8?tag=eloabder-20&linkCode=osi&th=1&psc=1">View Product</a></div><div class="product"><a href="https://www.amazon.com/dp/B08MX4TZ3H?tag=eloabder-20&linkCode=osi&th=1&psc=1"><img src="https://m.media-amazon.com/images/I/41D2u4vdLQL._SL500_.jpg" alt="Product Image"></a><p>50 Pack Blank Kraft Cards Cardstock Thick Paper Brown Greeting Cards for DIY Gift Card Menus, Baby Shower and Wedding Invitations (Multicolored, 5x7IN)</p><p>$8.99</p><a href="https://www.amazon.com/dp/B08MX4TZ3H?tag=eloabder-20&linkCode=osi&th=1&psc=1">View Product</a></div><div class="product"><a href="https://www.amazon.com/dp/B08BDGGVMK?tag=eloabder-20&linkCode=osi&th=1&psc=1"><img src="https://m.media-amazon.com/images/I/41W-dTUoBqL._SL500_.jpg" alt="Product Image"></a><p>100pcs 3.54"x2" Blank Kraft Paper Business Card, Words Message Notes paper Tags, Mini Craft Cardboard Festival gifts - 6 colors</p><p>$5.98</p><a href="https://www.amazon.com/dp/B08BDGGVMK?tag=eloabder-20&linkCode=osi&th=1&psc=1">View Product</a></div><div class="product"><a href="https://www.amazon.com/dp/B08BFDJJ78?tag=eloabder-20&linkCode=osi&th=1&psc=1"><img src="https://m.media-amazon.com/images/I/61LZ1Csb+dL._SL500_.jpg" alt="Product Image"></a><p>Nettbe 100pcs 3.54"x2" Blank Kraft Paper Business Card, Words Message Notes paper Tags, Mini Craft Cardboard Festival gifts</p><p>$5.99</p><a href="https://www.amazon.com/dp/B08BFDJJ78?tag=eloabder-20&linkCode=osi&th=1&psc=1">View Product</a></div><div class="product"><a href="https://www.amazon.com/dp/B07Q8YBJM3?tag=eloabder-20&linkCode=osi&th=1&psc=1"><img src="https://m.media-amazon.com/images/I/31w6U4cCqEL._SL500_.jpg" alt="Product Image"></a><p>Primbeeks 228pcs Blank Business Cards, Premium Blank White Cards, 3.5" x 2.2" Small Blank Cards, Blank Cardstock Cards, Small Note Cards, white blank cards, white business cards, kraft paper cards</p><p>$5.99</p><a href="https://www.amazon.com/dp/B07Q8YBJM3?tag=eloabder-20&linkCode=osi&th=1&psc=1">View Product</a></div><div class="product"><a href="https://www.amazon.com/dp/B08X4Z9TGN?tag=eloabder-20&linkCode=osi&th=1&psc=1"><img src="https://m.media-amazon.com/images/I/41Jqhe35tDL._SL500_.jpg" alt="Product Image"></a><p>321Done Blank Rustic Cards, Made in USA - 4x6 Thick, Heavy Cardstock - Make Invites, Greeting, Note, Thank You Cards - Plain Kraft for Writing, Stamping, Printing, Art - No Envelopes - Set of 50</p><p>$14.99</p><a href="https://www.amazon.com/dp/B08X4Z9TGN?tag=eloabder-20&linkCode=osi&th=1&psc=1">View Product</a></div><div class="product"><a href="https://www.amazon.com/dp/B0D2KDWBNM?tag=eloabder-20&linkCode=osi&th=1&psc=1"><img src="https://m.media-amazon.com/images/I/31dAhnBJ7aL._SL500_.jpg" alt="Product Image"></a><p>4x6 Blank White Cardstock (Set of 100) - Card Stock for Printer Postcards, Photo Paper Invitations, Greeting, Note, Thank You, DIY Making, Index Cards - Plain for Writing, Stamping, Printing, Art</p><p>$8.99</p><a href="https://www.amazon.com/dp/B0D2KDWBNM?tag=eloabder-20&linkCode=osi&th=1&psc=1">View Product</a></div><div class="product"><a href="https://www.amazon.com/dp/B0BB858RYN?tag=eloabder-20&linkCode=osi&th=1&psc=1"><img src="https://m.media-amazon.com/images/I/317zmriPKNL._SL500_.jpg" alt="Product Image"></a><p>WANDERINGS Handmade White Deckle Edge Blank Greeting Cards- Folded to 5x7” - Pack of 25 - Writers, Artists, Crafters - Thank Yous, Invitations, Menus, Greeting Cards, Notes - Thick 150 GSM</p><p>$21.99 ($0.88 / Count)</p><a href="https://www.amazon.com/dp/B0BB858RYN?tag=eloabder-20&linkCode=osi&th=1&psc=1">View Product</a></div><div class="product"><a href="https://www.amazon.com/dp/B0BZPPXRZW?tag=eloabder-20&linkCode=osi&th=1&psc=1"><img src="https://m.media-amazon.com/images/I/21Da-WQhrpL._SL500_.jpg" alt="Product Image"></a><p>100 Pack Thick Paper Cardstock Blank Heavy Cards Stock for Invitations, Greeting Cards Making, Postcards, Photos, 250GSM Thick Paper (White, 2x3.5 inches)</p><p>$5.99</p><a href="https://www.amazon.com/dp/B0BZPPXRZW?tag=eloabder-20&linkCode=osi&th=1&psc=1">View Product</a></div>
<div class="product"><a href="https://www.amazon.com/dp/B0BZRDQKH6?tag=eloabder-20&linkCode=osi&th=1&psc=1"><img src="https://m.media-amazon.com/images/I/41GYYRiusgL._SL500_.jpg" alt="Product Image"></a><p>feela 8 Pack Unlined Kraft Paper Notebooks, Blank Journal Note Pad for Drawing Writing, Small Sketchbook Travel Journal Bulk for Women Kids Students Office School Supplies, A5, 60 Pages, 8.3” X 5.5”</p><p>$9.99</p><a href="https://www.amazon.com/dp/B0BZRDQKH6?tag=eloabder-20&linkCode=osi&th=1&psc=1">View Product</a></div><div class="product"><a href="https://www.amazon.com/dp/B0BXLB74KK?tag=eloabder-20&linkCode=osi&th=1&psc=1"><img src="https://m.media-amazon.com/images/I/313vYzg7HpL._SL500_.jpg" alt="Product Image"></a><p>ZZTX 4 Pack Blank Kraft Notebooks, Blank Paper Sketchbooks for Drawing Doodling Writing,Travel Journal Set, A5, 36 Pages, 8.3” X 5.5”</p><p>$5.99</p><a href="https://www.amazon.com/dp/B0BXLB74KK?tag=eloabder-20&linkCode=osi&th=1&psc=1">View Product</a></div><div class="product"><a href="https://www.amazon.com/dp/B0BW5TNPXJ?tag=eloabder-20&linkCode=osi&th=1&psc=1"><img src="https://m.media-amazon.com/images/I/31Wu8UP78iL._SL500_.jpg" alt="Product Image"></a><p>EOOUT Kraft Notebooks, Blank Page Journals in Bulk, 16pcs A5, 8.3 X 5.5 Inches, 60 Pages, 80gsm, Travel Journal Set, for Art Camp, Travelers, Students and Office Supplies Sketchbooks Bulk for Kids</p><p>$15.99</p><a href="https://www.amazon.com/dp/B0BW5TNPXJ?tag=eloabder-20&linkCode=osi&th=1&psc=1">View Product</a></div><div class="product"><a href="https://www.amazon.com/dp/B08P3F46SD?tag=eloabder-20&linkCode=osi&th=1&psc=1"><img src="https://m.media-amazon.com/images/I/41jeBDcZJ1L._SL500_.jpg" alt="Product Image"></a><p>Krafty Soft Cover Blank Notebook Journal, Spiral Sketchbook Pad, Drawing Book, 60 Sheets/140gsm (A4)/120 Pages</p><p>$7.99</p><a href="https://www.amazon.com/dp/B08P3F46SD?tag=eloabder-20&linkCode=osi&th=1&psc=1">View Product</a></div><div class="product"><a href="https://www.amazon.com/dp/B0CWNPMC4T?tag=eloabder-20&linkCode=osi&th=1&psc=1"><img src="https://m.media-amazon.com/images/I/31BZeVGe6TL._SL500_.jpg" alt="Product Image"></a><p>zmybcpack 5 Pack Blank Journal Notebooks, Blank Paper Sketchbook for Drawing Writing, Travel Journal Notebook Kraft Paper Notebook for Travelers, Students, Office, A5, 8.26” x 5.5”, 60 Pages/30 Sheets</p><p>$8.99</p><a href="https://www.amazon.com/dp/B0CWNPMC4T?tag=eloabder-20&linkCode=osi&th=1&psc=1">View Product</a></div><div class="product"><a href="https://www.amazon.com/dp/B07WHYP9WN?tag=eloabder-20&linkCode=osi&th=1&psc=1"><img src="https://m.media-amazon.com/images/I/41ZhyCux1yL._SL500_.jpg" alt="Product Image"></a><p>Thick Blank Journal Notebook with Unlined / Unruled / Plain Pages | Deluxe 120gsm Ink Resistant Paper for Writing, Sketch Book, 160 Pages | Hardcover Sketchbook with Pen Holder, Pocket, Ribbon (Black)</p><p>$14.99</p><a href="https://www.amazon.com/dp/B07WHYP9WN?tag=eloabder-20&linkCode=osi&th=1&psc=1">View Product</a></div>
<div class="product"><a href="https://www.amazon.com/dp/B07MT7HKZW?tag=eloabder-20&linkCode=osi&th=1&psc=1"><img src="https://m.media-amazon.com/images/I/413JwH5JREL._SL500_.jpg" alt="Product Image"></a><p>Spiral Sketch Book Large Notebook（Built-in Drawing Board） Kraft Cover Blank Sketch Pad Wirebound Sketching for Drawing Painting 8.5x11-Inch (2 Pack) 200 Sheets, 100 Sheets, 200Pages Each</p><p>$17.99 ($9.00 / Count)</p><a href="https://www.amazon.com/dp/B07MT7HKZW?tag=eloabder-20&linkCode=osi&th=1&psc=1">View Product</a></div><div class="product"><a href="https://www.amazon.com/dp/B0BDQ82WB9?tag=eloabder-20&linkCode=osi&th=1&psc=1"><img src="https://m.media-amazon.com/images/I/51FoWr3GPwL._SL500_.jpg" alt="Product Image"></a><p>feela 170 Pack Blank Kraft Notebooks, Unlined Sketchbook Mini Cute Note Pad for Drawing Writing, Journal Bulk For Kids Students Office School Supplies, A6, 48 Pages, 4.25” X 5.5”, Black and Brown</p><p>$51.99</p><a href="https://www.amazon.com/dp/B0BDQ82WB9?tag=eloabder-20&linkCode=osi&th=1&psc=1">View Product</a></div><div class="product"><a href="https://www.amazon.com/dp/B0B3WWHWT2?tag=eloabder-20&linkCode=osi&th=1&psc=1"><img src="https://m.media-amazon.com/images/I/31m0FzXtPxL._SL500_.jpg" alt="Product Image"></a><p>Tamaki 6 Pack Colorful Blank Books for kids to Write, Drawing, Cute Sketchbook for Kid, 6 Colors (4.25 x 5.5 Inches)</p><p>$6.99</p><a href="https://www.amazon.com/dp/B0B3WWHWT2?tag=eloabder-20&linkCode=osi&th=1&psc=1">View Product</a></div>
<div class="product"><a href="https://www.amazon.com/dp/B0BGH2P9M6?tag=eloabder-20&linkCode=osi&th=1&psc=1"><img src="https://m.media-amazon.com/images/I/41ozOaYoHEL._SL500_.jpg" alt="Product Image"></a><p>EOOUT 100pcs A5 Kraft Notebooks, Blank Page Journals in Bulk, Sketchbooks Bulk for Kids, 60 Pages, 80GSM, 8.3 X 5.5 Inch, Travel Journal Set, for Art Camp, Travelers, Students and Office Supplies</p><p>$51.99</p><a href="https://www.amazon.com/dp/B0BGH2P9M6?tag=eloabder-20&linkCode=osi&th=1&psc=1">View Product</a></div><div class="product"><a href="https://www.amazon.com/dp/B07MT99F94?tag=eloabder-20&linkCode=osi&th=1&psc=1"><img src="https://m.media-amazon.com/images/I/41Ug7gpSWDL._SL500_.jpg" alt="Product Image"></a><p>Spiral Sketch Book Large Notebook（Built-in Drawing Board） Kraft Cover Blank Sketch Pad Wirebound Sketching for Drawing Painting 8.5x11-Inch (1 Pack) 200 Pages, 100 Sheets</p><p>$9.99</p><a href="https://www.amazon.com/dp/B07MT99F94?tag=eloabder-20&linkCode=osi&th=1&psc=1">View Product</a></div><div class="product"><a href="https://www.amazon.com/dp/B07CM32KLM?tag=eloabder-20&linkCode=osi&th=1&psc=1"><img src="https://m.media-amazon.com/images/I/41ENhBLE9DL._SL500_.jpg" alt="Product Image"></a><p>Kraft Cover Drawing Notebook & Sketchbook – Set of 2 Blank Plain Sketch Books – 125g Thick Paper A5 Size, 150x210mm Paper Ideal for Drawing & Sketching- 128 sheets/256 pages – 180 Degree Opening, 2pcs</p><p>$20.99 ($0.08 / Count)</p><a href="https://www.amazon.com/dp/B07CM32KLM?tag=eloabder-20&linkCode=osi&th=1&psc=1">View Product</a></div><div class="product"><a href="https://www.amazon.com/dp/B08ZLMLF7C?tag=eloabder-20&linkCode=osi&th=1&psc=1"><img src="https://m.media-amazon.com/images/I/41X-5yj83vL._SL500_.jpg" alt="Product Image"></a><p>BEECHMORE BOOKS Sketch Book, A4 8.5 x 11.5 inch Blank Sketchbook for Drawing, Paint and Draw, 156 Pages Thick Paper 160gsm, Hardcover Leather Art Notebook, Boxed for Gifts (Chestnut Brown)</p><p>$21.20</p><a href="https://www.amazon.com/dp/B08ZLMLF7C?tag=eloabder-20&linkCode=osi&th=1&psc=1">View Product</a></div>
<div class="product"><a href="https://www.amazon.com/dp/B075M9MSFH?tag=eloabder-20&linkCode=osi&th=1&psc=1"><img src="https://m.media-amazon.com/images/I/51x+szTX6TL._SL500_.jpg" alt="Product Image"></a><p>Bianyo Bleedproof Marker Paper Pad, A4(8.27"X11.69"), 50 Sheets, 18 LB / 70 GSM, Glue-Bound, 100% Cotton, White, Ideal for Use with Markers and Ink Mediums</p><p>$9.99</p><a href="https://www.amazon.com/dp/B075M9MSFH?tag=eloabder-20&linkCode=osi&th=1&psc=1">View Product</a></div><div class="product"><a href="https://www.amazon.com/dp/B08FX5S2NL?tag=eloabder-20&linkCode=osi&th=1&psc=1"><img src="https://m.media-amazon.com/images/I/41CA0ZfazKL._SL500_.jpg" alt="Product Image"></a><p>Marker Paper Sketchbook, Bleedproof Art Marker Pad, (8.27 X 11.69) Inch, White, 40 Sheets</p><p>$6.99</p><a href="https://www.amazon.com/dp/B08FX5S2NL?tag=eloabder-20&linkCode=osi&th=1&psc=1">View Product</a></div><div class="product"><a href="https://www.amazon.com/dp/B0CJRBFSJ8?tag=eloabder-20&linkCode=osi&th=1&psc=1"><img src="https://m.media-amazon.com/images/I/51DLA8TpwEL._SL500_.jpg" alt="Product Image"></a><p>Shuttle Art Marker Pad, 8.3”x8.9” Portable Square Sketchbook, 80 Sheets Marker Drawing Paper, 120LB/200GSM Bleedproof Art Paper, Spiral-Bound, Great for Professional Artist to Draw, Paint & Sketch</p><p>$16.99</p><a href="https://www.amazon.com/dp/B0CJRBFSJ8?tag=eloabder-20&linkCode=osi&th=1&psc=1">View Product</a></div><div class="product"><a href="https://www.amazon.com/dp/B09N7VX5Z5?tag=eloabder-20&linkCode=osi&th=1&psc=1"><img src="https://m.media-amazon.com/images/I/51xCPs9HZyL._SL500_.jpg" alt="Product Image"></a><p>Marker Paper Sketchbook - Marker Sketchbook with Bleedproof Smooth Coated Art Paper, 120 GSM 80 LBS - Marker Pad for Alcohol Markers, Sketching, Drawing - 8.11 x 8.5 Inch | 50 Sheets, 2 Pack</p><p>$15.99 ($8.00 / Count)</p><a href="https://www.amazon.com/dp/B09N7VX5Z5?tag=eloabder-20&linkCode=osi&th=1&psc=1">View Product</a></div><div class="product"><a href="https://www.amazon.com/dp/B07CK94W9T?tag=eloabder-20&linkCode=osi&th=1&psc=1"><img src="https://m.media-amazon.com/images/I/41ocoSNDjdL._SL500_.jpg" alt="Product Image"></a><p>BOXUN Premium 50 Sheets Sketch Marker Paper Pad, Bleedproof Artist Drawing Paper, 8.27 x 11.69 Inch</p><p>$8.29 ($0.17 / Count)</p><a href="https://www.amazon.com/dp/B07CK94W9T?tag=eloabder-20&linkCode=osi&th=1&psc=1">View Product</a></div><div class="product"><a href="https://www.amazon.com/dp/B0CPXWD11W?tag=eloabder-20&linkCode=osi&th=1&psc=1"><img src="https://m.media-amazon.com/images/I/51ApKzpDVNL._SL500_.jpg" alt="Product Image"></a><p>FEITAKE Marker Paper Pad Sketchbook Bleedproof for Alcohol Markers 120lb/200gsm Double Sided Thick Art Drawing Papers 60pages (30Sheets) / A4(8.3"x11.7") Gift for Artists Students Kids</p><p>$13.99 ($0.47 / Count)</p><a href="https://www.amazon.com/dp/B0CPXWD11W?tag=eloabder-20&linkCode=osi&th=1&psc=1">View Product</a></div><div class="product"><a href="https://www.amazon.com/dp/B0025TWYW6?tag=eloabder-20&linkCode=osi&th=1&psc=1"><img src="https://m.media-amazon.com/images/I/51t6UkUHCvL._SL500_.jpg" alt="Product Image"></a><p>Bee Paper Bleedproof Marker Pack, 8-1/2-Inch by 11-Inch, 50 Sheets per Pack</p><p>$17.09 ($0.34 / Count)</p><a href="https://www.amazon.com/dp/B0025TWYW6?tag=eloabder-20&linkCode=osi&th=1&psc=1">View Product</a></div><div class="product"><a href="https://www.amazon.com/dp/B0CJRBYYQB?tag=eloabder-20&linkCode=osi&th=1&psc=1"><img src="https://m.media-amazon.com/images/I/41knBnjZ25L._SL500_.jpg" alt="Product Image"></a><p>Shuttle Art Marker Pad, 8.3”x7.67” Portable Square Sketchbook, 50 Sheets Marker Drawing Paper, 60LB/90GSM Smooth Surface Bleedproof Art Paper, Glue-Bound, Great for Beginners to Draw, Paint & Sketch</p><p>$8.99 ($0.18 / Count)</p><a href="https://www.amazon.com/dp/B0CJRBYYQB?tag=eloabder-20&linkCode=osi&th=1&psc=1">View Product</a></div>
<div class="product"><a href="https://www.amazon.com/dp/B00881IU8M?tag=eloabder-20&linkCode=osi&th=1&psc=1"><img src="https://m.media-amazon.com/images/I/41hbSgdLBtL._SL500_.jpg" alt="Product Image"></a><p>Speedball Fabric & Paper Block Printing Ink 6-Color Set, 1.25-Ounce x 6</p><p>$28.99 ($28.99 / Count)</p><a href="https://www.amazon.com/dp/B00881IU8M?tag=eloabder-20&linkCode=osi&th=1&psc=1">View Product</a></div><div class="product"><a href="https://www.amazon.com/dp/B000J09PFM?tag=eloabder-20&linkCode=osi&th=1&psc=1"><img src="https://m.media-amazon.com/images/I/51yPRc4nvoL._SL500_.jpg" alt="Product Image"></a><p>Speedball Water-Soluble Block Printing Ink Starter Set, 6 Bold Colors with Satin Finish, 1.25-Ounce Tubes</p><p>$29.99 ($4.00 / Fl Oz)</p><a href="https://www.amazon.com/dp/B000J09PFM?tag=eloabder-20&linkCode=osi&th=1&psc=1">View Product</a></div><div class="product"><a href="https://www.amazon.com/dp/B000BYT24U?tag=eloabder-20&linkCode=osi&th=1&psc=1"><img src="https://m.media-amazon.com/images/I/51pDlo+LlKL._SL500_.jpg" alt="Product Image"></a><p>Speedball Water-Soluble Block Printing Ink, 8-Ounce Jar, Black</p><p>$14.49</p><a href="https://www.amazon.com/dp/B000BYT24U?tag=eloabder-20&linkCode=osi&th=1&psc=1">View Product</a></div><div class="product"><a href="https://www.amazon.com/dp/B00C1JUJWW?tag=eloabder-20&linkCode=osi&th=1&psc=1"><img src="https://m.media-amazon.com/images/I/41zDtJ6f5hL._SL500_.jpg" alt="Product Image"></a><p>Speedball Fabric Block Printing Ink, 2.5-Ounce, Black</p><p>$9.99 ($4.00 / Fl Oz)</p><a href="https://www.amazon.com/dp/B00C1JUJWW?tag=eloabder-20&linkCode=osi&th=1&psc=1">View Product</a></div><div class="product"><a href="https://www.amazon.com/dp/B004PZ1ZJG?tag=eloabder-20&linkCode=osi&th=1&psc=1"><img src="https://m.media-amazon.com/images/I/41+GkhhpR5L._SL500_.jpg" alt="Product Image"></a><p>Speedball Water-Soluble Block Printing Ink Starter Set, 4-Color Set, 1.25-Ounce Tubes</p><p>$20.99</p><a href="https://www.amazon.com/dp/B004PZ1ZJG?tag=eloabder-20&linkCode=osi&th=1&psc=1">View Product</a></div><div class="product"><a href="https://www.amazon.com/dp/B0017CZF3C?tag=eloabder-20&linkCode=osi&th=1&psc=1"><img src="https://m.media-amazon.com/images/I/41S17SYPAZL._SL500_.jpg" alt="Product Image"></a><p>Speedball Water Soluble Block Printing Ink, Black, 2-1/2 Ounces - 380663</p><p>$9.99</p><a href="https://www.amazon.com/dp/B0017CZF3C?tag=eloabder-20&linkCode=osi&th=1&psc=1">View Product</a></div><div class="product"><a href="https://www.amazon.com/dp/B0BXNX8FSH?tag=eloabder-20&linkCode=osi&th=1&psc=1"><img src="https://m.media-amazon.com/images/I/51JGm1VxVOL._SL500_.jpg" alt="Product Image"></a><p>Falling in Art Water-Soluble Block Printing Ink, 6-Color Printmaking Ink Set for Linoleum Block, 3.5 floz</p><p>$28.99</p><a href="https://www.amazon.com/dp/B0BXNX8FSH?tag=eloabder-20&linkCode=osi&th=1&psc=1">View Product</a></div><div class="product"><a href="https://www.amazon.com/dp/B0027ACJBO?tag=eloabder-20&linkCode=osi&th=1&psc=1"><img src="https://m.media-amazon.com/images/I/41OzayB9ojL._SL500_.jpg" alt="Product Image"></a><p>Speedball 3476 Oil-Based Block Printing Ink Starter Set for Professional, Permanent Prints AP Certified – 1.25 FL OZ Tubes</p><p>$33.99</p><a href="https://www.amazon.com/dp/B0027ACJBO?tag=eloabder-20&linkCode=osi&th=1&psc=1">View Product</a></div>
<div class="product"><a href="https://www.amazon.com/dp/B0027AGDWK?tag=eloabder-20&linkCode=osi&th=1&psc=1"><img src="https://m.media-amazon.com/images/I/515LDer6GPL._SL500_.jpg" alt="Product Image"></a><p>Speedball Deluxe Block Printing Kit - Includes Inks, Brayer, Bench Hook, Lino Handle and Cutters, Speedy-Carve Block, Mounted Linoleum Block</p><p>$59.99</p><a href="https://www.amazon.com/dp/B0027AGDWK?tag=eloabder-20&linkCode=osi&th=1&psc=1">View Product</a></div><div class="product"><a href="https://www.amazon.com/dp/B07ZJBZN5S?tag=eloabder-20&linkCode=osi&th=1&psc=1"><img src="https://m.media-amazon.com/images/I/41UbN58y9uS._SL500_.jpg" alt="Product Image"></a><p>SGHUO 12pcs 4"x6" Pink Rubber Carving Blocks Linoleum Block Stamp Making Kit</p><p>$22.99 ($1.92 / Count)</p><a href="https://www.amazon.com/dp/B07ZJBZN5S?tag=eloabder-20&linkCode=osi&th=1&psc=1">View Product</a></div>
<div class="product"><a href="https://www.amazon.com/dp/B00L2DYUM8?tag=eloabder-20&linkCode=osi&th=1&psc=1"><img src="https://m.media-amazon.com/images/I/51l5FZ0+5AL._SL500_.jpg" alt="Product Image"></a><p>Strathmore 300 Series Printmaking Paper Pad, Glue Bound, 5x7 inches, 40 Sheets (120g) - Artist Paper for Adults and Students - Block Printing, Linocut, Screen Printing, White</p><p>$7.26</p><a href="https://www.amazon.com/dp/B00L2DYUM8?tag=eloabder-20&linkCode=osi&th=1&psc=1">View Product</a></div><div class="product"><a href="https://www.amazon.com/dp/B07BSYS5XC?tag=eloabder-20&linkCode=osi&th=1&psc=1"><img src="https://m.media-amazon.com/images/I/51Uwfq0jv+L._SL500_.jpg" alt="Product Image"></a><p>Ucreate Printmaking Paper, 9"x12", White, 100 Sheet, P9001</p><p>$9.79</p><a href="https://www.amazon.com/dp/B07BSYS5XC?tag=eloabder-20&linkCode=osi&th=1&psc=1">View Product</a></div><div class="product"><a href="https://www.amazon.com/dp/B00K5562WA?tag=eloabder-20&linkCode=osi&th=1&psc=1"><img src="https://m.media-amazon.com/images/I/51Dm+TeJGdL._SL500_.jpg" alt="Product Image"></a><p>Strathmore Printmaking Paper Pad 8"X10"-20 Sheets -62433800, White</p><p>$10.19</p><a href="https://www.amazon.com/dp/B00K5562WA?tag=eloabder-20&linkCode=osi&th=1&psc=1">View Product</a></div><div class="product"><a href="https://www.amazon.com/dp/B001DNH8I0?tag=eloabder-20&linkCode=osi&th=1&psc=1"><img src="https://m.media-amazon.com/images/I/51UzoKdUojL._SL500_.jpg" alt="Product Image"></a><p>Black Ink 9-Inch by 12-Inch Bleached Mulberry Block Printing Paper, 25-Pack</p><p>$19.35 ($0.77 / Count)</p><a href="https://www.amazon.com/dp/B001DNH8I0?tag=eloabder-20&linkCode=osi&th=1&psc=1">View Product</a></div><div class="product"><a href="https://www.amazon.com/dp/B00C6G6L5Y?tag=eloabder-20&linkCode=osi&th=1&psc=1"><img src="https://m.media-amazon.com/images/I/5103h0Rm8sL._SL500_.jpg" alt="Product Image"></a><p>Black Ink Thai Mulberry Block Printing Paper Packs small assorted colors</p><p>$21.99</p><a href="https://www.amazon.com/dp/B00C6G6L5Y?tag=eloabder-20&linkCode=osi&th=1&psc=1">View Product</a></div>
<div class="product"><a href="https://www.amazon.com/dp/B003IG27OK?tag=eloabder-20&linkCode=osi&th=1&psc=1"><img src="https://m.media-amazon.com/images/I/416NUaYo1DL._SL500_.jpg" alt="Product Image"></a><p>Speedball Block Printing Baren - Comfortable Wooden Handle, Made in the USA - 4 Inches</p><p>$29.49</p><a href="https://www.amazon.com/dp/B003IG27OK?tag=eloabder-20&linkCode=osi&th=1&psc=1">View Product</a></div>
<div class="product"><a href="https://www.amazon.com/dp/B0CMZYY8CJ?tag=eloabder-20&linkCode=osi&th=1&psc=1"><img src="https://m.media-amazon.com/images/I/41TifSIP7SL._SL500_.jpg" alt="Product Image"></a><p>Ecoofor Blotting Paper for Flower Press, 20 Sheets Highly Absorbent and Reusable Blotter Paper for Flower Press Paper Craft 9 x 9 inch</p><p>$9.99</p><a href="https://www.amazon.com/dp/B0CMZYY8CJ?tag=eloabder-20&linkCode=osi&th=1&psc=1">View Product</a></div><div class="product"><a href="https://www.amazon.com/dp/B0CYRT3RM4?tag=eloabder-20&linkCode=osi&th=1&psc=1"><img src="https://m.media-amazon.com/images/I/31+qvVq3giL._SL500_.jpg" alt="Product Image"></a><p>Hygge & Sage Premium Natural Fiber Blotting Paper for Flower Press Art; 20 Large Sheets for a Press up to 8x11 Inches; Absorbent, Versatile, and Acid-Free Reusable Blotter Paper for Flower Pressing</p><p>$9.50 ($0.48 / Count)</p><a href="https://www.amazon.com/dp/B0CYRT3RM4?tag=eloabder-20&linkCode=osi&th=1&psc=1">View Product</a></div><div class="product"><a href="https://www.amazon.com/dp/B0D41GDLHM?tag=eloabder-20&linkCode=osi&th=1&psc=1"><img src="https://m.media-amazon.com/images/I/41LIF5dHXaL._SL500_.jpg" alt="Product Image"></a><p>Aboofx 20 Sheets Blotting Paper for Flower Press, 15" x 10" Extra Large Highly Absorbent Blotter Paper for Flower Press Reusable Herbarium Paper Craft Blotter Paper Sheets</p><p>$19.99</p><a href="https://www.amazon.com/dp/B0D41GDLHM?tag=eloabder-20&linkCode=osi&th=1&psc=1">View Product</a></div><div class="product"><a href="https://www.amazon.com/dp/B0CQMMYSBR?tag=eloabder-20&linkCode=osi&th=1&psc=1"><img src="https://m.media-amazon.com/images/I/413SlUi6IDL._SL500_.jpg" alt="Product Image"></a><p>Wisreach Blotting Paper for Flower Press, 20 Sheets Flower Press Paper Highly Absorbent and Reusable Blotter Paper for Flower Art A4 Size 8.26 x 11.4 inch</p><p>$9.99</p><a href="https://www.amazon.com/dp/B0CQMMYSBR?tag=eloabder-20&linkCode=osi&th=1&psc=1">View Product</a></div><div class="product"><a href="https://www.amazon.com/dp/B093FQ22PG?tag=eloabder-20&linkCode=osi&th=1&psc=1"><img src="https://m.media-amazon.com/images/I/41B2jXhe+QL._SL500_.jpg" alt="Product Image"></a><p>Blotting Paper for Flower Press by Berstuk® • Large A4 Flower Press Paper • Highly Absorbent and Reusable Herbarium Paper • Pack of 10 Blotter Paper Sheets</p><p>$6.99 ($69.90 / 100 Sheets)</p><a href="https://www.amazon.com/dp/B093FQ22PG?tag=eloabder-20&linkCode=osi&th=1&psc=1">View Product</a></div><div class="product"><a href="https://www.amazon.com/dp/B0C6PW4VGB?tag=eloabder-20&linkCode=osi&th=1&psc=1"><img src="https://m.media-amazon.com/images/I/21C64VB3iVL._SL500_.jpg" alt="Product Image"></a><p>PATIKIL 16"x12" Flower Press Paper, 1 Set/30 Sheet Refill Lining Blotter Paper Absorbent Reusable Blotting Paper for DIY Art Handicraft Scrapbook</p><p>$11.19</p><a href="https://www.amazon.com/dp/B0C6PW4VGB?tag=eloabder-20&linkCode=osi&th=1&psc=1">View Product</a></div><div class="product"><a href="https://www.amazon.com/dp/B0C6PTK915?tag=eloabder-20&linkCode=osi&th=1&psc=1"><img src="https://m.media-amazon.com/images/I/21UviFCGjtL._SL500_.jpg" alt="Product Image"></a><p>PATIKIL 12"x8" Flower Press Paper, 2 Set/60 Sheet Refill Lining Blotter Paper Absorbent Reusable Blotting Paper for DIY Art Handicraft Scrapbook</p><p>$13.69</p><a href="https://www.amazon.com/dp/B0C6PTK915?tag=eloabder-20&linkCode=osi&th=1&psc=1">View Product</a></div><div class="product"><a href="https://www.amazon.com/dp/B0CDJZ4MD7?tag=eloabder-20&linkCode=osi&th=1&psc=1"><img src="https://m.media-amazon.com/images/I/41iwkW+QQOL._SL500_.jpg" alt="Product Image"></a><p>30 PCS Blotting Paper for Flower Press Large A4 Flower Press Paper Highly Absorbent and Reusable Blotter Paper Refill Lining Paper for Flower Press Art Craft Scrapbook Making, 11.8 x 7.9 Inches Blue</p><p>$9.99</p><a href="https://www.amazon.com/dp/B0CDJZ4MD7?tag=eloabder-20&linkCode=osi&th=1&psc=1">View Product</a></div>

<div class="product"><a href="https://www.amazon.com/dp/B0D2T4F1DZ?tag=eloabder-20&linkCode=osi&th=1&psc=1"><img src="https://m.media-amazon.com/images/I/41KNcatyBWL._SL500_.jpg" alt="Product Image"></a><p>10pcs Book Cloth,14”x10”,Fabric Surface and Paper Backed, book cloth for book binding,book binding fabric,5 Colors Bookbinding Cloth for DIY fabric book cover,bookbinding paper (Style B)</p><p>$9.99</p><a href="https://www.amazon.com/dp/B0D2T4F1DZ?tag=eloabder-20&linkCode=osi&th=1&psc=1">View Product</a></div><div class="product"><a href="https://www.amazon.com/dp/B0CMD2LWR8?tag=eloabder-20&linkCode=osi&th=1&psc=1"><img src="https://m.media-amazon.com/images/I/31QVUZVSB+L._SL500_.jpg" alt="Product Image"></a><p>Mozeat Lens 33 ft Bookbinding Tape Book Tape Repair Book Binding Tape Cloth Book Repair Kit 2 Inch Wide Book Spine Tape Cloth Bookbinding Repair Tape White Book Tape for Reinforcing Book Spine Tape</p><p>$7.99</p><a href="https://www.amazon.com/dp/B0CMD2LWR8?tag=eloabder-20&linkCode=osi&th=1&psc=1">View Product</a></div><div class="product"><a href="https://www.amazon.com/dp/B0D1KC168C?tag=eloabder-20&linkCode=osi&th=1&psc=1"><img src="https://m.media-amazon.com/images/I/31wWgk-1V4L._SL500_.jpg" alt="Product Image"></a><p>AKONEGE Book Cloth for Book Binding 35 x 16 Inch Fabric Surface and Paper Backed, Strong, Easy to Use, Fabric Materials Bookbinding Supplies Bookcloth for Scrapbooking Album DIY Crafts, Black</p><p>$9.99</p><a href="https://www.amazon.com/dp/B0D1KC168C?tag=eloabder-20&linkCode=osi&th=1&psc=1">View Product</a></div><div class="product"><a href="https://www.amazon.com/dp/B0BC48CCWW?tag=eloabder-20&linkCode=osi&th=1&psc=1"><img src="https://m.media-amazon.com/images/I/41vTc+L-XyL._SL500_.jpg" alt="Product Image"></a><p>Wooqu Book Cloth, Fabric Surface and Paper Backed, Easy to Use, Strong, 17x29”, for Book Binding, Dark Green</p><p>$13.99</p><a href="https://www.amazon.com/dp/B0BC48CCWW?tag=eloabder-20&linkCode=osi&th=1&psc=1">View Product</a></div><div class="product"><a href="https://www.amazon.com/dp/B00W3S7LU4?tag=eloabder-20&linkCode=osi&th=1&psc=1"><img src="https://m.media-amazon.com/images/I/41mUL1LmSHS._SL500_.jpg" alt="Product Image"></a><p>BookGuard 2 inch Premium Bookbinding Repair Cloth Tape, 15 Yard Roll Burgundy</p><p>$14.95</p><a href="https://www.amazon.com/dp/B00W3S7LU4?tag=eloabder-20&linkCode=osi&th=1&psc=1">View Product</a></div>

<div class="product"><a href="https://www.amazon.com/dp/B08217DGL7?tag=eloabder-20&linkCode=osi&th=1&psc=1"><img src="https://m.media-amazon.com/images/I/51Gy-qfph7L._SL500_.jpg" alt="Product Image"></a><p>24 Colors Waxed Thread, Leather Sewing Thread,Hand Stitching Thread for Hand Sewing Leather and Bookbinding, 13Yards Per Color</p><p>$11.99 ($0.01 / Foot)</p><a href="https://www.amazon.com/dp/B08217DGL7?tag=eloabder-20&linkCode=osi&th=1&psc=1">View Product</a></div><div class="product"><a href="https://www.amazon.com/dp/B08GCHJ3FP?tag=eloabder-20&linkCode=osi&th=1&psc=1"><img src="https://m.media-amazon.com/images/I/41TK-XNxTFL._SL500_.jpg" alt="Product Image"></a><p>FANDOL 100% Natural Linen Thread Waxed thread for Bookbingding, Leather Sewing, Beading or Macrame (Natural)</p><p>$14.98</p><a href="https://www.amazon.com/dp/B08GCHJ3FP?tag=eloabder-20&linkCode=osi&th=1&psc=1">View Product</a></div><div class="product"><a href="https://www.amazon.com/dp/B0025U108E?tag=eloabder-20&linkCode=osi&th=1&psc=1"><img src="https://m.media-amazon.com/images/I/4172yrURiVL._SL500_.jpg" alt="Product Image"></a><p>Books by Hand Linen Thread, Archival Quality Natural Unbleached and Unwaxed, 50 Yards 35/3 Gauge, Ideal for Bookbinding and Sewing Signatures</p><p>$9.47</p><a href="https://www.amazon.com/dp/B0025U108E?tag=eloabder-20&linkCode=osi&th=1&psc=1">View Product</a></div><div class="product"><a href="https://www.amazon.com/dp/B08S78KLRN?tag=eloabder-20&linkCode=osi&th=1&psc=1"><img src="https://m.media-amazon.com/images/I/413NGMtJdrL._SL500_.jpg" alt="Product Image"></a><p>Jupean Waxed Thread, 150m /164Yards Beige Leather Waxed Thread, Leather Sewing Thread, Hand Stitching Thread for Hand Sewing Leather, Bookbinding, and Beginners Leather Craft DIY</p><p>$6.49 ($0.01 / Foot)</p><a href="https://www.amazon.com/dp/B08S78KLRN?tag=eloabder-20&linkCode=osi&th=1&psc=1">View Product</a></div><div class="product"><a href="https://www.amazon.com/dp/B015D9E6UM?tag=eloabder-20&linkCode=osi&th=1&psc=1"><img src="https://m.media-amazon.com/images/I/51VnWPI+Q5L._SL500_.jpg" alt="Product Image"></a><p>Lineco, Natural Waxed Linen Thread 20 Yards, Books by Hand Natural, Black, Brown Color for Sewing, Bookbinding (3/Pkg)</p><p>$13.77</p><a href="https://www.amazon.com/dp/B015D9E6UM?tag=eloabder-20&linkCode=osi&th=1&psc=1">View Product</a></div>
<div class="product"><a href="https://www.amazon.com/dp/B0CMD53C1C?tag=eloabder-20&linkCode=osi&th=1&psc=1"><img src="https://m.media-amazon.com/images/I/31dU4wqS0rL._SL500_.jpg" alt="Product Image"></a><p>5-in-1 Bookbinding Kit,Book Cover Guide, Bookbinding Cover Tool, Stainless Steel Book Binding Kit, Bookbinding Ruler, Scrapbooking Tools for Making Book Cover Chipboard Covers Album Planner</p><p>$7.88</p><a href="https://www.amazon.com/dp/B0CMD53C1C?tag=eloabder-20&linkCode=osi&th=1&psc=1">View Product</a></div>
<div class="product"><a href="https://www.amazon.com/dp/B007TIEG6U?tag=eloabder-20&linkCode=osi&th=1&psc=1"><img src="https://m.media-amazon.com/images/I/31d6r6R5lGL._SL500_.jpg" alt="Product Image"></a><p>Handy Art Empty 2 ounce Marker Bottle, Dauber Tip and Cap, 12-Each (900-003) , White</p><p>$23.12 ($1.93 / Count)</p><a href="https://www.amazon.com/dp/B007TIEG6U?tag=eloabder-20&linkCode=osi&th=1&psc=1">View Product</a></div>
<div class="product"><a href="https://www.amazon.com/dp/B07YDNKSH6?tag=eloabder-20&linkCode=osi&th=1&psc=1"><img src="https://m.media-amazon.com/images/I/41JGrHa7mSL._SL500_.jpg" alt="Product Image"></a><p>4-Inch Rubber Brayer Roller for Printmaking, Great for Gluing Application Also. (Original Version)</p><p>$6.99</p><a href="https://www.amazon.com/dp/B07YDNKSH6?tag=eloabder-20&linkCode=osi&th=1&psc=1">View Product</a></div>
<div class="product"><a href="https://www.amazon.com/dp/B005U7BNPE?tag=eloabder-20&linkCode=osi&th=1&psc=1"><img src="https://m.media-amazon.com/images/I/418YfTClSxL._SL500_.jpg" alt="Product Image"></a><p>Apple Barrel Acrylic Paint in Assorted Colors (2 oz), 20513, Bright Yellow</p><p>$0.58 ($0.29 / Fl Oz)</p><a href="https://www.amazon.com/dp/B005U7BNPE?tag=eloabder-20&linkCode=osi&th=1&psc=1">View Product</a></div><div class="product"><a href="https://www.amazon.com/dp/B099DWCRZ5?tag=eloabder-20&linkCode=osi&th=1&psc=1"><img src="https://m.media-amazon.com/images/I/41rr5hT-8TL._SL500_.jpg" alt="Product Image"></a><p>milo Fluorescent Acrylic Paint Set of 6 Colors | 4 oz Bottles | Student Neon Colors Acrylics Painting Pack | Made in the USA | Non-Toxic Art & Craft Paints for Artists, Kids, & Hobby Painters</p><p>$22.90 ($0.95 / Fl Oz)</p><a href="https://www.amazon.com/dp/B099DWCRZ5?tag=eloabder-20&linkCode=osi&th=1&psc=1">View Product</a></div><div class="product"><a href="https://www.amazon.com/dp/B07ZPPPWPL?tag=eloabder-20&linkCode=osi&th=1&psc=1"><img src="https://m.media-amazon.com/images/I/51Vqk2rrZwL._SL500_.jpg" alt="Product Image"></a><p>Apple Barrel, Pastel Dreams & Vivid Wonders Collection Acrylic Craft Paint, PROMOTCK, 2 fl oz each, 18 assorted matte colors, 18 count</p><p>$22.66 ($0.63 / Fl Oz)</p><a href="https://www.amazon.com/dp/B07ZPPPWPL?tag=eloabder-20&linkCode=osi&th=1&psc=1">View Product</a></div><div class="product"><a href="https://www.amazon.com/dp/B0CKQR52XC?tag=eloabder-20&linkCode=osi&th=1&psc=1"><img src="https://m.media-amazon.com/images/I/51WTPlhN2WL._SL500_.jpg" alt="Product Image"></a><p>ARTME Glow in The Dark Paint, 10 Bright Colors 60ml/2oz Blacklight Paint Set, Neon Craft Paint, Acrylic Glow Fluorescent Paint Perfect for Art Painting, DIY projects, Halloween and Christmas</p><p>$23.99 ($1.20 / Fl Oz)</p><a href="https://www.amazon.com/dp/B0CKQR52XC?tag=eloabder-20&linkCode=osi&th=1&psc=1">View Product</a></div><div class="product"><a href="https://www.amazon.com/dp/B09XXHBL3Y?tag=eloabder-20&linkCode=osi&th=1&psc=1"><img src="https://m.media-amazon.com/images/I/51taBeDdeIL._SL500_.jpg" alt="Product Image"></a><p>Fantastory Glow in the Dark Acrylic Paint, 10 Extra Bright Colors, 30ml/1oz Waterproof Glow in Dark Paint,Indoor Outdoor Blacklight Paint for Kids,Adults, Rocks,Walls,Halloween,Craft &Fabric</p><p>$9.99 ($1.00 / Fl Oz)</p><a href="https://www.amazon.com/dp/B09XXHBL3Y?tag=eloabder-20&linkCode=osi&th=1&psc=1">View Product</a></div><div class="product"><a href="https://www.amazon.com/dp/B0BS3JM8ZR?tag=eloabder-20&linkCode=osi&th=1&psc=1"><img src="https://m.media-amazon.com/images/I/51S8FteGgPL._SL500_.jpg" alt="Product Image"></a><p>Acrylic Paint, Shuttle Art 24 Colors Acrylic Paint Bottle Set, 250ml/8.45oz Each, Rich Pigments, High Viscosity, Bulk Paint for Artists, Beginners and Kids Painting on Rocks Crafts Canvas Wood Ceramic</p><p>$49.99 ($0.25 / Fl Oz)</p><a href="https://www.amazon.com/dp/B0BS3JM8ZR?tag=eloabder-20&linkCode=osi&th=1&psc=1">View Product</a></div><div class="product"><a href="https://www.amazon.com/dp/B00CIW3EDI?tag=eloabder-20&linkCode=osi&th=1&psc=1"><img src="https://m.media-amazon.com/images/I/41PMnxyBo5L._SL500_.jpg" alt="Product Image"></a><p>FolkArt Multi-Surface Acrylic Paint in Assorted Colors (2 oz), 2896, Bright Pink</p><p>$1.47 ($0.74 / Fl Oz)</p><a href="https://www.amazon.com/dp/B00CIW3EDI?tag=eloabder-20&linkCode=osi&th=1&psc=1">View Product</a></div><div class="product"><a href="https://www.amazon.com/dp/B085ZB5ZK9?tag=eloabder-20&linkCode=osi&th=1&psc=1"><img src="https://m.media-amazon.com/images/I/51nmRq1eicL._SL500_.jpg" alt="Product Image"></a><p>FolkArt 4 Bottle Multi-Surface Acrylic Paint Set, 2oz, Neon Blacklight Colors</p><p>$8.12 ($1.02 / Fl Oz)</p><a href="https://www.amazon.com/dp/B085ZB5ZK9?tag=eloabder-20&linkCode=osi&th=1&psc=1">View Product</a></div><div class="product"><a href="https://www.amazon.com/dp/B08N585VN5?tag=eloabder-20&linkCode=osi&th=1&psc=1"><img src="https://m.media-amazon.com/images/I/51nwFBdxwVL._SL500_.jpg" alt="Product Image"></a><p>Acrylic Paint Set Value Pack of 12 Colors | Craft Painting Kit with 2 oz Squeeze Bottles for Beginners, Artists, Professionals | Non-Toxic Water Based Paints for Canvas, Paper, Wood | Bright Hues</p><p>$11.99 ($0.50 / Fl Oz)</p><a href="https://www.amazon.com/dp/B08N585VN5?tag=eloabder-20&linkCode=osi&th=1&psc=1">View Product</a></div>
<div class="product"><a href="https://www.amazon.com/dp/B0009RRT9Y?tag=eloabder-20&linkCode=osi&th=1&psc=1"><img src="https://m.media-amazon.com/images/I/51ZhyYPOB5L._SL500_.jpg" alt="Product Image"></a><p>General Pencil Company The Masters Brush Cleaner & Preserver 2.5 0z.</p><p>$12.00</p><a href="https://www.amazon.com/dp/B0009RRT9Y?tag=eloabder-20&linkCode=osi&th=1&psc=1">View Product</a></div><div class="product"><a href="https://www.amazon.com/dp/B00F38YVQS?tag=eloabder-20&linkCode=osi&th=1&psc=1"><img src="https://m.media-amazon.com/images/I/51yjmSTzzML._SL500_.jpg" alt="Product Image"></a><p>B & J Original Brush Cleaner - 2.5 Oz/12ct Display</p><p>$12.77</p><a href="https://www.amazon.com/dp/B00F38YVQS?tag=eloabder-20&linkCode=osi&th=1&psc=1">View Product</a></div><div class="product"><a href="https://www.amazon.com/dp/B004BN7QQ8?tag=eloabder-20&linkCode=osi&th=1&psc=1"><img src="https://m.media-amazon.com/images/I/31fEWB-h4VL._SL500_.jpg" alt="Product Image"></a><p>Winsor & Newton Brush Cleaner & Restorer, 16.0-oz Bottle</p><p>$21.87 ($1.37 / Fl Oz)</p><a href="https://www.amazon.com/dp/B004BN7QQ8?tag=eloabder-20&linkCode=osi&th=1&psc=1">View Product</a></div><div class="product"><a href="https://www.amazon.com/dp/B09NCHL2LM?tag=eloabder-20&linkCode=osi&th=1&psc=1"><img src="https://m.media-amazon.com/images/I/31UzwasdL6L._SL500_.jpg" alt="Product Image"></a><p>U.S. Art Supply Brush Cleaner and Restorer, 4 Ounce Bottle - Quickly Cleans Paint Brushes, Airbrushes, Art Tools - Cleaning Solution to Remove Dried On Acrylic, Oil and Water-Based Paint Colors</p><p>$8.99 ($2.25 / Fl Oz)</p><a href="https://www.amazon.com/dp/B09NCHL2LM?tag=eloabder-20&linkCode=osi&th=1&psc=1">View Product</a></div><div class="product"><a href="https://www.amazon.com/dp/B09J8L55SK?tag=eloabder-20&linkCode=osi&th=1&psc=1"><img src="https://m.media-amazon.com/images/I/41qgWS2nSsL._SL500_.jpg" alt="Product Image"></a><p>Green Piece® Paint Brush Cleaner and Restorer for Art Paint Brushes - 100% Natural - Non-Toxic - Wet or Dry Paint - No Chemicals - Oil or Acrylic Paints, Wood and Metal - Amazing Power - 18 Oz</p><p>$19.88</p><a href="https://www.amazon.com/dp/B09J8L55SK?tag=eloabder-20&linkCode=osi&th=1&psc=1">View Product</a></div><div class="product"><a href="https://www.amazon.com/dp/B0027A79I2?tag=eloabder-20&linkCode=osi&th=1&psc=1"><img src="https://m.media-amazon.com/images/I/31J6S+mCjuL._SL500_.jpg" alt="Product Image"></a><p>Pink Soap 12-Ounce Paint Brush Cleaner and Conditioner, Solution Cleans and Restores, Removes Dried Paint on Airbrushes and Other Artist Tools & Supplies</p><p>$15.49 ($1.29 / Fl Oz)</p><a href="https://www.amazon.com/dp/B0027A79I2?tag=eloabder-20&linkCode=osi&th=1&psc=1">View Product</a></div><div class="product"><a href="https://www.amazon.com/dp/B0027AEANE?tag=eloabder-20&linkCode=osi&th=1&psc=1"><img src="https://m.media-amazon.com/images/I/51bHOLU1pVL._SL500_.jpg" alt="Product Image"></a><p>General Pencil General 105-BP Pencil Masters Brush Cleaner & Preserver, 1 Pack, Clear</p><p>$9.99 ($4.00 / Ounce)</p><a href="https://www.amazon.com/dp/B0027AEANE?tag=eloabder-20&linkCode=osi&th=1&psc=1">View Product</a></div>

<div class="product"><a href="https://www.amazon.com/dp/B00N9UUWLA?tag=eloabder-20&linkCode=osi&th=1&psc=1"><img src="https://m.media-amazon.com/images/I/41be4n09wZL._SL500_.jpg" alt="Product Image"></a><p>Pentel Arts Portable Pocket Brush Pen (Medium Point), 1Pen & 2Refills</p><p>$7.00</p><a href="https://www.amazon.com/dp/B00N9UUWLA?tag=eloabder-20&linkCode=osi&th=1&psc=1">View Product</a></div><div class="product"><a href="https://www.amazon.com/dp/B07DQ4292Y?tag=eloabder-20&linkCode=osi&th=1&psc=1"><img src="https://m.media-amazon.com/images/I/41-kgHpaPvL._SL500_.jpg" alt="Product Image"></a><p>Tombow 62039 Fudenosuke Brush Pens, 3-Pack. Soft, Hard, and Twin Tip Markers for Calligraphy and Art Drawings</p><p>$7.59 ($2.53 / Count)</p><a href="https://www.amazon.com/dp/B07DQ4292Y?tag=eloabder-20&linkCode=osi&th=1&psc=1">View Product</a></div><div class="product"><a href="https://www.amazon.com/dp/B0995FNMKW?tag=eloabder-20&linkCode=osi&th=1&psc=1"><img src="https://m.media-amazon.com/images/I/51kpGsTNvlL._SL500_.jpg" alt="Product Image"></a><p>WRITECH Arts Sign Brush Pen Brush Tip Marker Felt Tip Water Based Ink Color Pens 12 Assorted Vintage Colors Great for Lettering Journaling Calligraphy (Vintage)</p><p>$13.99 ($1.17 / Count)</p><a href="https://www.amazon.com/dp/B0995FNMKW?tag=eloabder-20&linkCode=osi&th=1&psc=1">View Product</a></div><div class="product"><a href="https://www.amazon.com/dp/B07H89R749?tag=eloabder-20&linkCode=osi&th=1&psc=1"><img src="https://m.media-amazon.com/images/I/51nTGZ-eAsL._SL500_.jpg" alt="Product Image"></a><p>Tombow Fudenosuke Brush Pen - Hard - 10 Colors Set (WS-BH10C)</p><p>$11.73</p><a href="https://www.amazon.com/dp/B07H89R749?tag=eloabder-20&linkCode=osi&th=1&psc=1">View Product</a></div><div class="product"><a href="https://www.amazon.com/dp/B002PIFTRE?tag=eloabder-20&linkCode=osi&th=1&psc=1"><img src="https://m.media-amazon.com/images/I/41IVnNPD1hL._SL500_.jpg" alt="Product Image"></a><p>Pentel Color Brush Pen, Black (GFLBP101)</p><p>$7.89</p><a href="https://www.amazon.com/dp/B002PIFTRE?tag=eloabder-20&linkCode=osi&th=1&psc=1">View Product</a></div>
<div class="product"><a href="https://www.amazon.com/dp/B0CLLSY2BT?tag=eloabder-20&linkCode=osi&th=1&psc=1"><img src="https://m.media-amazon.com/images/I/51sQM3lrN9L._SL500_.jpg" alt="Product Image"></a><p>CUGEBANNA Paint Brush Washer,Airtight Stainless Steel Brush Cleaner for Oil Painting Acrylic,Brush Washer with Cleaning Beads and Wringer</p><p>$22.99</p><a href="https://www.amazon.com/dp/B0CLLSY2BT?tag=eloabder-20&linkCode=osi&th=1&psc=1">View Product</a></div><div class="product"><a href="https://www.amazon.com/dp/B013PB35N4?tag=eloabder-20&linkCode=osi&th=1&psc=1"><img src="https://m.media-amazon.com/images/I/419miJHrhtL._SL500_.jpg" alt="Product Image"></a><p>US Art Supply Deluxe Brush Cleaner-Brush Washer with Wash Tank</p><p>$18.99</p><a href="https://www.amazon.com/dp/B013PB35N4?tag=eloabder-20&linkCode=osi&th=1&psc=1">View Product</a></div>
<div class="product"><a href="https://www.amazon.com/dp/B07GH7WGC3?tag=eloabder-20&linkCode=osi&th=1&psc=1"><img src="https://m.media-amazon.com/images/I/51vzX1OZI6L._SL500_.jpg" alt="Product Image"></a><p>BOSOBO Paint Brushes Set, 2 Pack 20 Pcs Round-Pointed Tip Paintbrushes Nylon Hair Artist Acrylic Paint Brushes for Acrylic Oil Watercolor, Face Nail Art, Miniature Detailing & Rock Painting, Blue</p><p>$7.49 ($0.37 / Count)</p><a href="https://www.amazon.com/dp/B07GH7WGC3?tag=eloabder-20&linkCode=osi&th=1&psc=1">View Product</a></div><div class="product"><a href="https://www.amazon.com/dp/B078XJ2DCJ?tag=eloabder-20&linkCode=osi&th=1&psc=1"><img src="https://m.media-amazon.com/images/I/616oHEXPN1S._SL500_.jpg" alt="Product Image"></a><p>Pro Grade - Chip Paint Brushes - 36-Pack - 2 Inch Chip Brush for Paints, Stains, Varnishes, Glues, & Gesso</p><p>$17.99</p><a href="https://www.amazon.com/dp/B078XJ2DCJ?tag=eloabder-20&linkCode=osi&th=1&psc=1">View Product</a></div>

<div class="product"><a href="https://www.amazon.com/dp/B000YQJVFA?tag=eloabder-20&linkCode=osi&th=1&psc=1"><img src="https://m.media-amazon.com/images/I/51so-OSRt+L._SL500_.jpg" alt="Product Image"></a><p>Winsor & Newton Calligraphy Ink, 30ml (1-oz) Bottle, Black</p><p>$10.07 ($10.07 / Count)</p><a href="https://www.amazon.com/dp/B000YQJVFA?tag=eloabder-20&linkCode=osi&th=1&psc=1">View Product</a></div><div class="product"><a href="https://www.amazon.com/dp/B0026SBYUE?tag=eloabder-20&linkCode=osi&th=1&psc=1"><img src="https://m.media-amazon.com/images/I/412Ga9k1q8L._SL500_.jpg" alt="Product Image"></a><p>Higgins Black Calligraphy Ink, 2.5 Ounce Bottle (44314)</p><p>$5.99</p><a href="https://www.amazon.com/dp/B0026SBYUE?tag=eloabder-20&linkCode=osi&th=1&psc=1">View Product</a></div><div class="product"><a href="https://www.amazon.com/dp/B0CXDBD77N?tag=eloabder-20&linkCode=osi&th=1&psc=1"><img src="https://m.media-amazon.com/images/I/41x1EZv3P3L._SL500_.jpg" alt="Product Image"></a><p>SEAMEW 250 ML/8.8 OZ Calligraphy and Sumi Liquid Ink - Versatile Elegance for Chinese Traditional Art Works and Japanese Brush Art</p><p>$11.49</p><a href="https://www.amazon.com/dp/B0CXDBD77N?tag=eloabder-20&linkCode=osi&th=1&psc=1">View Product</a></div><div class="product"><a href="https://www.amazon.com/dp/B0CR3ML8VS?tag=eloabder-20&linkCode=osi&th=1&psc=1"><img src="https://m.media-amazon.com/images/I/41fLIKySQZL._SL500_.jpg" alt="Product Image"></a><p>Hmayart Prepared Super Thick Liquid Black Ink for Japanese Brush Calligraphy & Chinese Traditional Artworks (MZ010 250g)</p><p>$11.99</p><a href="https://www.amazon.com/dp/B0CR3ML8VS?tag=eloabder-20&linkCode=osi&th=1&psc=1">View Product</a></div><div class="product"><a href="https://www.amazon.com/dp/B0039OQ0J4?tag=eloabder-20&linkCode=osi&th=1&psc=1"><img src="https://m.media-amazon.com/images/I/41RRlR55P9L._SL500_.jpg" alt="Product Image"></a><p>Daiso Sumi Calligraphy Liquid Ink in a 180ml Bottle (Japan Import)</p><p>$8.99</p><a href="https://www.amazon.com/dp/B0039OQ0J4?tag=eloabder-20&linkCode=osi&th=1&psc=1">View Product</a></div><div class="product"><a href="https://www.amazon.com/dp/B074KJ289G?tag=eloabder-20&linkCode=osi&th=1&psc=1"><img src="https://m.media-amazon.com/images/I/41FZT3aCChL._SL500_.jpg" alt="Product Image"></a><p>Easyou Redstar Liquid Ink for Professioanl Traditional Calligraphy and Brush Painting Chinese Ink Liquid (Black&1pcs*180ML)</p><p>$10.99</p><a href="https://www.amazon.com/dp/B074KJ289G?tag=eloabder-20&linkCode=osi&th=1&psc=1">View Product</a></div><div class="product"><a href="https://www.amazon.com/dp/B07JYJ6C1W?tag=eloabder-20&linkCode=osi&th=1&psc=1"><img src="https://m.media-amazon.com/images/I/51IAnrWkw6L._SL500_.jpg" alt="Product Image"></a><p>MZ001 HmayartBlack Sumi Liquid Ink for Japanese Brush Calligraphy & Chinese Traditional Artworks 250ml (black)</p><p>$13.99</p><a href="https://www.amazon.com/dp/B07JYJ6C1W?tag=eloabder-20&linkCode=osi&th=1&psc=1">View Product</a></div><div class="product"><a href="https://www.amazon.com/dp/B0894L9M2C?tag=eloabder-20&linkCode=osi&th=1&psc=1"><img src="https://m.media-amazon.com/images/I/51H5LBUAZcL._SL500_.jpg" alt="Product Image"></a><p>24 Colors Calligraphy Ink Set, Calligraphy Fountain Glass Dip Pen Color Ink Caligrapher Pen Ink Bottle Set, Gold Powder Drawing Writing Art Ink with Gift Box - 24 x 7ml</p><p>$21.98</p><a href="https://www.amazon.com/dp/B0894L9M2C?tag=eloabder-20&linkCode=osi&th=1&psc=1">View Product</a></div><div class="product"><a href="https://www.amazon.com/dp/B0C49WVM7L?tag=eloabder-20&linkCode=osi&th=1&psc=1"><img src="https://m.media-amazon.com/images/I/41zxtjGWS1L._SL500_.jpg" alt="Product Image"></a><p>AOKUY 24 Colors Calligraphy Ink Set,Calligraphy Inks,Colorful Dip Pen Ink Set,Gold Powder Drawing Writing Art Ink with Gift Box</p><p>$16.99</p><a href="https://www.amazon.com/dp/B0C49WVM7L?tag=eloabder-20&linkCode=osi&th=1&psc=1">View Product</a></div>
<div class="product"><a href="https://www.amazon.com/dp/B0007ZJ8QU?tag=eloabder-20&linkCode=osi&th=1&psc=1"><img src="https://m.media-amazon.com/images/I/41vTwN7L9NL._SL500_.jpg" alt="Product Image"></a><p>Speedball C-Series Lettering Pen Set - 1 Penholder w/ 6 Nibs</p><p>$11.99</p><a href="https://www.amazon.com/dp/B0007ZJ8QU?tag=eloabder-20&linkCode=osi&th=1&psc=1">View Product</a></div><div class="product"><a href="https://www.amazon.com/dp/B003IGNH30?tag=eloabder-20&linkCode=osi&th=1&psc=1"><img src="https://m.media-amazon.com/images/I/412WGB9WzGL._SL500_.jpg" alt="Product Image"></a><p>Speedball 30710 10 Pen Nib Assorted Set</p><p>$21.99</p><a href="https://www.amazon.com/dp/B003IGNH30?tag=eloabder-20&linkCode=osi&th=1&psc=1">View Product</a></div><div class="product"><a href="https://www.amazon.com/dp/B0CQTCZRYC?tag=eloabder-20&linkCode=osi&th=1&psc=1"><img src="https://m.media-amazon.com/images/I/41+d7oXaTvL._SL500_.jpg" alt="Product Image"></a><p>10PCS Oblique Calligraphy Dip Pen Set Comic Pen Nib Set Fluid Writer Pen, 2-in-1 Drawing Pen Holder with 8 Pieces Stainless Steel Pen Replacement Nibs Nib for Writing, Painting, Signing, Sketch</p><p>$6.49</p><a href="https://www.amazon.com/dp/B0CQTCZRYC?tag=eloabder-20&linkCode=osi&th=1&psc=1">View Product</a></div><div class="product"><a href="https://www.amazon.com/dp/B000BYQLT4?tag=eloabder-20&linkCode=osi&th=1&psc=1"><img src="https://m.media-amazon.com/images/I/41Tmn+y1-xL._SL500_.jpg" alt="Product Image"></a><p>Speedball Calligraphy Pen Set - 1 Penholder w/ 4 Nibs, 2 Pen Tips</p><p>$13.99</p><a href="https://www.amazon.com/dp/B000BYQLT4?tag=eloabder-20&linkCode=osi&th=1&psc=1">View Product</a></div><div class="product"><a href="https://www.amazon.com/dp/B0B3CVPWMF?tag=eloabder-20&linkCode=osi&th=1&psc=1"><img src="https://m.media-amazon.com/images/I/41Zw4tqW+HL._SL500_.jpg" alt="Product Image"></a><p>Mewutal 2Pcs/Set Comic Pen Nib Set Pen Nibs Replacements for Calligraphy Manga Writing Painting(Pumpkin Head Nib)</p><p>$7.99</p><a href="https://www.amazon.com/dp/B0B3CVPWMF?tag=eloabder-20&linkCode=osi&th=1&psc=1">View Product</a></div><div class="product"><a href="https://www.amazon.com/dp/B0BVR4M5X4?tag=eloabder-20&linkCode=osi&th=1&psc=1"><img src="https://m.media-amazon.com/images/I/515TyiGpQKL._SL500_.jpg" alt="Product Image"></a><p>Wonwood_direct Calligraphy set, 7 Calligraphy Pens with Different Nibs and 40 Ink Cartridges in 13 Colors for Beginner Writing Drawing for Greeting Card Signature Calligraphy (Type 1)</p><p>$15.99</p><a href="https://www.amazon.com/dp/B0BVR4M5X4?tag=eloabder-20&linkCode=osi&th=1&psc=1">View Product</a></div><div class="product"><a href="https://www.amazon.com/dp/B0BGRM97MF?tag=eloabder-20&linkCode=osi&th=1&psc=1"><img src="https://m.media-amazon.com/images/I/41vB7fs3VbL._SL500_.jpg" alt="Product Image"></a><p>Gullor A Bunch of Nibs for Comic Dip Pen, Assorted Calligraphy Dip Pen Nibs, Various Sizes and Shapes, 33 Nibs in Box</p><p>$9.99</p><a href="https://www.amazon.com/dp/B0BGRM97MF?tag=eloabder-20&linkCode=osi&th=1&psc=1">View Product</a></div>
<div class="product"><a href="https://www.amazon.com/dp/B000KNNVX0?tag=eloabder-20&linkCode=osi&th=1&psc=1"><img src="https://m.media-amazon.com/images/I/51RAGoN6UsL._SL500_.jpg" alt="Product Image"></a><p>Strathmore STR- 50 Sheet Tape Bound Calligraphy Pad, 8.5 by 11", White</p><p>$7.83</p><a href="https://www.amazon.com/dp/B000KNNVX0?tag=eloabder-20&linkCode=osi&th=1&psc=1">View Product</a></div><div class="product"><a href="https://www.amazon.com/dp/B00PGBVNM2?tag=eloabder-20&linkCode=osi&th=1&psc=1"><img src="https://m.media-amazon.com/images/I/51VvCXPD-QL._SL500_.jpg" alt="Product Image"></a><p>U.S. Art Supply (Pack of 2 Pads) - 9" x 12" Premium Calligraphic Practice Paper Pad, 19 Pound Bond (70gsm), Pad of 50-Sheets, Calligraphy Paper with Printed Practice Rule and Slanted Grid</p><p>$12.99</p><a href="https://www.amazon.com/dp/B00PGBVNM2?tag=eloabder-20&linkCode=osi&th=1&psc=1">View Product</a></div><div class="product"><a href="https://www.amazon.com/dp/B0CQ1VTM1R?tag=eloabder-20&linkCode=osi&th=1&psc=1"><img src="https://m.media-amazon.com/images/I/31pMzPI5pdL._SL500_.jpg" alt="Product Image"></a><p>50 Sheets Watercolor Paper 8 x 6inch Deckled Edge Paper 190 GSM Rough/Textured Handmade Paper Cotton Paper White Textured Paper for Watercolor, Writing Calligraphy, Invitations, Letters</p><p>$12.99 ($0.26 / Count)</p><a href="https://www.amazon.com/dp/B0CQ1VTM1R?tag=eloabder-20&linkCode=osi&th=1&psc=1">View Product</a></div><div class="product"><a href="https://www.amazon.com/dp/B0CGHVSX6W?tag=eloabder-20&linkCode=osi&th=1&psc=1"><img src="https://m.media-amazon.com/images/I/41pAexcoWlL._SL500_.jpg" alt="Product Image"></a><p>KYMY Chinese/Japanese Calligraphy Paper 100PCS, Sumi/Rice Paper for Writing Painting Drawing Practice, Chinese Brush Ink Xuan Paper, Half Sheng Shu (Half Raw Ripe) (34 x 34 cm (13.38 x 13.38 Inch))</p><p>$10.99 ($0.11 / Count)</p><a href="https://www.amazon.com/dp/B0CGHVSX6W?tag=eloabder-20&linkCode=osi&th=1&psc=1">View Product</a></div>
<div class="product"><a href="https://www.amazon.com/dp/B08FCZC2R3?tag=eloabder-20&linkCode=osi&th=1&psc=1"><img src="https://m.media-amazon.com/images/I/51TWqPlqpfL._SL500_.jpg" alt="Product Image"></a><p>Craft 'n' Beyond Calligraphy Brush Pens Pack of 3 Small, Medium and Large Markers for Hand Lettering, Art Drawing, Sketching, Scrapbooking, Journaling - Beginner Kit with Fadeproof Black Ink</p><p>$5.49</p><a href="https://www.amazon.com/dp/B08FCZC2R3?tag=eloabder-20&linkCode=osi&th=1&psc=1">View Product</a></div><div class="product"><a href="https://www.amazon.com/dp/B0B67TWWDG?tag=eloabder-20&linkCode=osi&th=1&psc=1"><img src="https://m.media-amazon.com/images/I/5188ARIL9sL._SL500_.jpg" alt="Product Image"></a><p>Brusarth Calligraphy Pens, 8 Size Calligraphy Pens for Writing, Brush Pens Calligraphy Set for Beginners, Hand Lettering Pens, Brush Markers Set, Black Ink Drawing Pens</p><p>$8.95</p><a href="https://www.amazon.com/dp/B0B67TWWDG?tag=eloabder-20&linkCode=osi&th=1&psc=1">View Product</a></div><div class="product"><a href="https://www.amazon.com/dp/B000SHQFEA?tag=eloabder-20&linkCode=osi&th=1&psc=1"><img src="https://m.media-amazon.com/images/I/41sx3qStImL._SL500_.jpg" alt="Product Image"></a><p>edding 1255 calligraphy pen - black - 3 pens - calligraphy nib 2 - 5 mm - fibre pens for paper, wood, terracotta, canvas - hand lettering, bullet journals, thank you cards, calligraphy books</p><p>$6.50</p><a href="https://www.amazon.com/dp/B000SHQFEA?tag=eloabder-20&linkCode=osi&th=1&psc=1">View Product</a></div><div class="product"><a href="https://www.amazon.com/dp/B001DKJLEC?tag=eloabder-20&linkCode=osi&th=1&psc=1"><img src="https://m.media-amazon.com/images/I/41x7A8wo7YL._SL500_.jpg" alt="Product Image"></a><p>Speedball Elegant Writer Calligraphy 4 Marker Set, Black, 2.0 mm, 2.5 mm & 3.0 mm Chisel Nib Tip Pens for Drawing, Journaling, and Scrapbooking</p><p>$9.99 ($2.50 / Count)</p><a href="https://www.amazon.com/dp/B001DKJLEC?tag=eloabder-20&linkCode=osi&th=1&psc=1">View Product</a></div><div class="product"><a href="https://www.amazon.com/dp/B08RYWH185?tag=eloabder-20&linkCode=osi&th=1&psc=1"><img src="https://m.media-amazon.com/images/I/51GFkyfC3iL._SL500_.jpg" alt="Product Image"></a><p>Piochoo Calligraphy Pens,8 Size Calligraphy Pens for Writing,Brush Pens Calligraphy Set for Beginners, Hand Lettering Pens</p><p>$12.99</p><a href="https://www.amazon.com/dp/B08RYWH185?tag=eloabder-20&linkCode=osi&th=1&psc=1">View Product</a></div>

<div class="product"><a href="https://www.amazon.com/dp/B0D3HPD7WP?tag=eloabder-20&linkCode=osi&th=1&psc=1"><img src="https://m.media-amazon.com/images/I/31KSmmAWUWL._SL500_.jpg" alt="Product Image"></a><p>50 Sheets Grey Cardstock Paper, Colored Printer Paper 8.5 x 11, Thick Construction Paper for Cards Making, Scrapbook，Office Printing, Invitations, Certificates，DIY Crafting 92 lb/250gsm</p><p>$9.99</p><a href="https://www.amazon.com/dp/B0D3HPD7WP?tag=eloabder-20&linkCode=osi&th=1&psc=1">View Product</a></div>
<div class="product"><a href="https://www.amazon.com/dp/B076CP6F36?tag=eloabder-20&linkCode=osi&th=1&psc=1"><img src="https://m.media-amazon.com/images/I/51rfEIvgI+L._SL500_.jpg" alt="Product Image"></a><p>Apple Barrel, Vibrant Spectrum Collection Acrylic Craft Paint, PROMOABIII, 2 fl oz each, 16 assorted matte colors, 16 count</p><p>$15.97 ($0.50 / Fl Oz)</p><a href="https://www.amazon.com/dp/B076CP6F36?tag=eloabder-20&linkCode=osi&th=1&psc=1">View Product</a></div><div class="product"><a href="https://www.amazon.com/dp/B0BKFLSYQF?tag=eloabder-20&linkCode=osi&th=1&psc=1"><img src="https://m.media-amazon.com/images/I/51a0PmPRknL._SL500_.jpg" alt="Product Image"></a><p>72 Pack Acrylic Paint Set, Shuttle Art 60 Colors Acrylic Paint Including Extra White Black & 12 Brushes, 2oz/60ml, Rich Pigmented, Water Proof, Ideal for Artists, Beginners on Canvas Rock Wood Ceramic</p><p>$45.99 ($23.00 / Fl Oz)</p><a href="https://www.amazon.com/dp/B0BKFLSYQF?tag=eloabder-20&linkCode=osi&th=1&psc=1">View Product</a></div><div class="product"><a href="https://www.amazon.com/dp/B08CB3JH79?tag=eloabder-20&linkCode=osi&th=1&psc=1"><img src="https://m.media-amazon.com/images/I/51OUZsFdnTL._SL500_.jpg" alt="Product Image"></a><p>Acrylic Paint Set of 36 Colors 2fl oz 60ml Bottles,Non Toxic 36 Colors Acrylic Paint No Fading Rich Pigment for Kids Adults Artists Canvas Crafts Wood Painting</p><p>$32.99 ($0.46 / Fl Oz)</p><a href="https://www.amazon.com/dp/B08CB3JH79?tag=eloabder-20&linkCode=osi&th=1&psc=1">View Product</a></div><div class="product"><a href="https://www.amazon.com/dp/B0018NBVKQ?tag=eloabder-20&linkCode=osi&th=1&psc=1"><img src="https://m.media-amazon.com/images/I/31YlSvZMTCL._SL500_.jpg" alt="Product Image"></a><p>Apple Barrel Acrylic Paint in Assorted Colors (8 Ounce), 20403 White</p><p>$2.67 ($0.33 / Fl Oz)</p><a href="https://www.amazon.com/dp/B0018NBVKQ?tag=eloabder-20&linkCode=osi&th=1&psc=1">View Product</a></div><div class="product"><a href="https://www.amazon.com/dp/B077WSBLZ1?tag=eloabder-20&linkCode=osi&th=1&psc=1"><img src="https://m.media-amazon.com/images/I/51KPkXpLn1L._SL500_.jpg" alt="Product Image"></a><p>Shuttle Art Acrylic Paint Set, 30 x12ml Tubes Artist Quality Non Toxic Rich Pigments Colors Great for Kids Adults Professional Painting on Rocks Canvas Wood Clay Fabric Ceramic Crafts</p><p>$12.99 ($1.08 / Fl Oz)</p><a href="https://www.amazon.com/dp/B077WSBLZ1?tag=eloabder-20&linkCode=osi&th=1&psc=1">View Product</a></div><div class="product"><a href="https://www.amazon.com/dp/B00889Z5Y6?tag=eloabder-20&linkCode=osi&th=1&psc=1"><img src="https://m.media-amazon.com/images/I/41MQjsyDbSL._SL500_.jpg" alt="Product Image"></a><p>Apple Barrel Acrylic Paint in Assorted Colors (2 oz), 20764, Apricot</p><p>$0.58 ($0.29 / Fl Oz)</p><a href="https://www.amazon.com/dp/B00889Z5Y6?tag=eloabder-20&linkCode=osi&th=1&psc=1">View Product</a></div><div class="product"><a href="https://www.amazon.com/dp/B09TWQD5ZL?tag=eloabder-20&linkCode=osi&th=1&psc=1"><img src="https://m.media-amazon.com/images/I/41B0L003QXL._SL500_.jpg" alt="Product Image"></a><p>Artkey Acrylic Paint Set - 24 colors 2 oz/59 ml Acrylic Paints Professional Artists Painting Kit for Canvases Fabric Rock Leather Easter Egg Wood Ceramic Glass Art Craft Painting</p><p>$19.99 ($0.42 / Fl Oz)</p><a href="https://www.amazon.com/dp/B09TWQD5ZL?tag=eloabder-20&linkCode=osi&th=1&psc=1">View Product</a></div><div class="product"><a href="https://www.amazon.com/dp/B07Z93LQDB?tag=eloabder-20&linkCode=osi&th=1&psc=1"><img src="https://m.media-amazon.com/images/I/51veoN6zK0L._SL500_.jpg" alt="Product Image"></a><p>Shuttle Art Acrylic Paint Set, 36 Colors Acrylic Paint with Brushes & Palette, 2oz Bottles, Rich Pigments Non-toxic Paint for Artists Kids & Adults, Art Supplies for Canvas Rock Ceramic Wood Painting</p><p>$27.99</p><a href="https://www.amazon.com/dp/B07Z93LQDB?tag=eloabder-20&linkCode=osi&th=1&psc=1">View Product</a></div><div class="product"><a href="https://www.amazon.com/dp/B002665SYY?tag=eloabder-20&linkCode=osi&th=1&psc=1"><img src="https://m.media-amazon.com/images/I/31sJJeWK6OS._SL500_.jpg" alt="Product Image"></a><p>Liquitex BASICS Acrylic Paint, 250ml (8.5-oz) Tube, Titanium White</p><p>$9.99 ($1.18 / Fl Oz)</p><a href="https://www.amazon.com/dp/B002665SYY?tag=eloabder-20&linkCode=osi&th=1&psc=1">View Product</a></div>
<div class="product"><a href="https://www.amazon.com/dp/B0CC98XLGL?tag=eloabder-20&linkCode=osi&th=1&psc=1"><img src="https://m.media-amazon.com/images/I/51ZLw+nThiL._SL500_.jpg" alt="Product Image"></a><p>HUIRUSO 4 Pack Double Sided Tape Roller, Scrapbook Supplies, Glue Tape Roller for Crafts, Double-Sided Adhesive Tape Runner for Scrapbooking, School Office Journaling Supplies (0.31 in X 26.25 ft)</p><p>$6.99 ($1.75 / Count)</p><a href="https://www.amazon.com/dp/B0CC98XLGL?tag=eloabder-20&linkCode=osi&th=1&psc=1">View Product</a></div><div class="product"><a href="https://www.amazon.com/dp/B007XAAE6K?tag=eloabder-20&linkCode=osi&th=1&psc=1"><img src="https://m.media-amazon.com/images/I/414qxYVR0wL._SL500_.jpg" alt="Product Image"></a><p>Scotch Double Sided Tape Runner, 1-Pack, 0.27 in x 26 ft., Perfect for Holiday Crafts, Gifts, and More</p><p>$4.47</p><a href="https://www.amazon.com/dp/B007XAAE6K?tag=eloabder-20&linkCode=osi&th=1&psc=1">View Product</a></div><div class="product"><a href="https://www.amazon.com/dp/B0BZVGPFSK?tag=eloabder-20&linkCode=osi&th=1&psc=1"><img src="https://m.media-amazon.com/images/I/51-ue9+7JkL._SL500_.jpg" alt="Product Image"></a><p>Birllaid Double Sided Tape for Walls, Picture Hanging Strips Removable Mounting Dots Adhesive Heavy Duty, Removable for Art Craft, Decoration, Party Supplies, Multipurpose</p><p>$11.99</p><a href="https://www.amazon.com/dp/B0BZVGPFSK?tag=eloabder-20&linkCode=osi&th=1&psc=1">View Product</a></div><div class="product"><a href="https://www.amazon.com/dp/B0CGVN9SL1?tag=eloabder-20&linkCode=osi&th=1&psc=1"><img src="https://m.media-amazon.com/images/I/41Hy+i4CnoL._SL500_.jpg" alt="Product Image"></a><p>30Ft x 1 Inch Hook and Loop Strips with Adhesive,Double Rolls of Heavy Duty Self Adhesive Tape with Backing, Nylon Self Adhesive Tape for Home Office School and Crafting,White</p><p>$9.99</p><a href="https://www.amazon.com/dp/B0CGVN9SL1?tag=eloabder-20&linkCode=osi&th=1&psc=1">View Product</a></div><div class="product"><a href="https://www.amazon.com/dp/B07Y3VDPLF?tag=eloabder-20&linkCode=osi&th=1&psc=1"><img src="https://m.media-amazon.com/images/I/41cyKQ2OMuL._SL500_.jpg" alt="Product Image"></a><p>Melsan 1x4 inch Hook and Loop Strips with Adhesive - 15 Sets, Strong Back Adhesive Fasten Mounting Tape for Home or Office Use - Instead of Holes and Screws, Black</p><p>$7.82</p><a href="https://www.amazon.com/dp/B07Y3VDPLF?tag=eloabder-20&linkCode=osi&th=1&psc=1">View Product</a></div><div class="product"><a href="https://www.amazon.com/dp/B07V57VJT5?tag=eloabder-20&linkCode=osi&th=1&psc=1"><img src="https://m.media-amazon.com/images/I/514JO3bvl3L._SL500_.jpg" alt="Product Image"></a><p>XFasten Adhesive Roller for Scrapbooking, 8mm x 30ft 4-Pack Double Sided Glue Tape Roller, Scrapbook Supplies for Adults, Photo Tape for Scrapbooking</p><p>$9.99 ($2.50 / Count)</p><a href="https://www.amazon.com/dp/B07V57VJT5?tag=eloabder-20&linkCode=osi&th=1&psc=1">View Product</a></div><div class="product"><a href="https://www.amazon.com/dp/B07JLTGQHX?tag=eloabder-20&linkCode=osi&th=1&psc=1"><img src="https://m.media-amazon.com/images/I/51Eqfo7kUZL._SL500_.jpg" alt="Product Image"></a><p>UPINS 120 Pack Double Sided Foam Tape Square Self-Adhesive Foam Tape Black Strong Tape Pads for DIY Art Crafts Supplies</p><p>$9.99 ($0.08 / Count)</p><a href="https://www.amazon.com/dp/B07JLTGQHX?tag=eloabder-20&linkCode=osi&th=1&psc=1">View Product</a></div><div class="product"><a href="https://www.amazon.com/dp/B005FM6XF4?tag=eloabder-20&linkCode=osi&th=1&psc=1"><img src="https://m.media-amazon.com/images/I/51-vp1WJ89L._SL500_.jpg" alt="Product Image"></a><p>AdTech 5603 Permanent Crafter's Tape, 0.31" x 315", Pack of 4</p><p>$7.84 ($0.07 / Foot)</p><a href="https://www.amazon.com/dp/B005FM6XF4?tag=eloabder-20&linkCode=osi&th=1&psc=1">View Product</a></div><div class="product"><a href="https://www.amazon.com/dp/B0CJF1FLFJ?tag=eloabder-20&linkCode=osi&th=1&psc=1"><img src="https://m.media-amazon.com/images/I/51dig1RqzdL._SL500_.jpg" alt="Product Image"></a><p>UPINS 150Pack Double Sided Foam Tape Strong Sticky Double Sided Foam Pads for Crafts Self-Adhesive Mounting Foam Tape Heavy Duty for Home Wall Decor 40 * 40 * 2mm</p><p>$8.99 ($0.06 / Count)</p><a href="https://www.amazon.com/dp/B0CJF1FLFJ?tag=eloabder-20&linkCode=osi&th=1&psc=1">View Product</a></div><div class="product"><a href="https://www.amazon.com/dp/B0D4YWRGCL?tag=eloabder-20&linkCode=osi&th=1&psc=1"><img src="https://m.media-amazon.com/images/I/41EqJ553-KL._SL500_.jpg" alt="Product Image"></a><p>Amanbo Glue Tape for Scrapbooking, 6 Pack Scrapbook Tape, Double Sided Tape Roller for Crafts, Total 120 Ft x 0.24 in Tape Runner, Craft Supplies for Scrapbooking, Gift Wrapping and Photo Tape</p><p>$6.99</p><a href="https://www.amazon.com/dp/B0D4YWRGCL?tag=eloabder-20&linkCode=osi&th=1&psc=1">View Product</a></div>
<div class="product"><a href="https://www.amazon.com/dp/B0CC5HPPTN?tag=eloabder-20&linkCode=osi&th=1&psc=1"><img src="https://m.media-amazon.com/images/I/519M81S201L._SL500_.jpg" alt="Product Image"></a><p>Airbrush Paint - 30 Colors with 3 Thinner, Ready to Spray Airbrush Paint Set, Water-Based Acrylic Air brush Paints for Metal, Plastic Models, Canvas, Wood, 20ml/Bottle</p><p>$32.99 ($1.48 / Fl Oz)</p><a href="https://www.amazon.com/dp/B0CC5HPPTN?tag=eloabder-20&linkCode=osi&th=1&psc=1">View Product</a></div>
<div class="product"><a href="https://www.amazon.com/dp/B0CXPSGK36?tag=eloabder-20&linkCode=osi&th=1&psc=1"><img src="https://m.media-amazon.com/images/I/51dd2dYOtrL._SL500_.jpg" alt="Product Image"></a><p>Letter Stickers 30 Sheets 1500 PCS Large Alphabet Sticker 2 Inch Vinyl Self Adhesive Stick on Stickers for Water Bottles Cup Mailbox Number Address Craft Scrapbooking Bulletin Board Decor Multicolor</p><p>$9.99</p><a href="https://www.amazon.com/dp/B0CXPSGK36?tag=eloabder-20&linkCode=osi&th=1&psc=1">View Product</a></div><div class="product"><a href="https://www.amazon.com/dp/B07NNYFMGY?tag=eloabder-20&linkCode=osi&th=1&psc=1"><img src="https://m.media-amazon.com/images/I/51yDnU+gEXL._SL500_.jpg" alt="Product Image"></a><p>20 Sheets Alphabet Letter Stickers 10 Colors Self Adhesive Sticker Colorful PU Material Convex Feeling (Colored Letter Stickers 1)</p><p>$6.99 ($0.35 / Count)</p><a href="https://www.amazon.com/dp/B07NNYFMGY?tag=eloabder-20&linkCode=osi&th=1&psc=1">View Product</a></div>

<div class="product"><a href="https://www.amazon.com/dp/B01DDN8854?tag=eloabder-20&linkCode=osi&th=1&psc=1"><img src="https://m.media-amazon.com/images/I/61dPubDZBSL._SL500_.jpg" alt="Product Image"></a><p>Hugs 'n Kisses HNKHABY13 Applique Paper (20 Pack)</p><p>$19.72 ($0.99 / Count)</p><a href="https://www.amazon.com/dp/B01DDN8854?tag=eloabder-20&linkCode=osi&th=1&psc=1">View Product</a></div>
<div class="product"><a href="https://www.amazon.com/dp/B09KPNFJW1?tag=eloabder-20&linkCode=osi&th=1&psc=1"><img src="https://m.media-amazon.com/images/I/41abn5fELmL._SL500_.jpg" alt="Product Image"></a><p>UniPleased Disposable Aprons (50 Count), Plastic apron for Painting Party, Cooking, Housework, Picnic etc.</p><p>$5.69</p><a href="https://www.amazon.com/dp/B09KPNFJW1?tag=eloabder-20&linkCode=osi&th=1&psc=1">View Product</a></div>
<div class="product"><a href="https://www.amazon.com/dp/B087M21MM2?tag=eloabder-20&linkCode=osi&th=1&psc=1"><img src="https://m.media-amazon.com/images/I/41Xf-jehhLL._SL500_.jpg" alt="Product Image"></a><p>GOTIDEAL Stretched Canvas, Multi Pack 4x4, 5x7, 8x10,9x12, 11x14 Set of 10, Primed White - 100% Cotton Artist Canvas Boards for Painting, Acrylic Pouring, Oil Paint Dry & Wet Art Media</p><p>$24.99</p><a href="https://www.amazon.com/dp/B087M21MM2?tag=eloabder-20&linkCode=osi&th=1&psc=1">View Product</a></div><div class="product"><a href="https://www.amazon.com/dp/B00OQJYISG?tag=eloabder-20&linkCode=osi&th=1&psc=1"><img src="https://m.media-amazon.com/images/I/31fEDLPkkcL._SL500_.jpg" alt="Product Image"></a><p>6 Count 12” x 16” Super Value Canvas by Artist's Loft Necessities - Acid Free Cotton Canvas for Paint, Acrylic, & Oils - 1 Pack</p><p>$19.99</p><a href="https://www.amazon.com/dp/B00OQJYISG?tag=eloabder-20&linkCode=osi&th=1&psc=1">View Product</a></div><div class="product"><a href="https://www.amazon.com/dp/B09CDKB9HY?tag=eloabder-20&linkCode=osi&th=1&psc=1"><img src="https://m.media-amazon.com/images/I/51+p5xnClGL._SL500_.jpg" alt="Product Image"></a><p>DPDIAN Canvas Boards for Painting 40 Pack, 8 inch x 10 inch Super Value Pack, Artist Canvas Panels for Oil & Acrylic Painting</p><p>$29.99</p><a href="https://www.amazon.com/dp/B09CDKB9HY?tag=eloabder-20&linkCode=osi&th=1&psc=1">View Product</a></div><div class="product"><a href="https://www.amazon.com/dp/B0CFBGP29G?tag=eloabder-20&linkCode=osi&th=1&psc=1"><img src="https://m.media-amazon.com/images/I/3147Az5plbL._SL500_.jpg" alt="Product Image"></a><p>ArtSkills Stretched Canvases for Painting, 12x16 Canvas Painting Supplies for Artists, Blank Canvas Pack, 2-Pack</p><p>$16.99</p><a href="https://www.amazon.com/dp/B0CFBGP29G?tag=eloabder-20&linkCode=osi&th=1&psc=1">View Product</a></div><div class="product"><a href="https://www.amazon.com/dp/B07BNGQ1SS?tag=eloabder-20&linkCode=osi&th=1&psc=1"><img src="https://m.media-amazon.com/images/I/410ZVtygUwS._SL500_.jpg" alt="Product Image"></a><p>PHOENIX Stretched Canvas for Painting 8x10 Inch/10 Value Pack, 8 Oz Triple Primed 5/8 Inch Profile 100% Cotton White Blank Canvas, Artist Framed Canvas for Oil Acrylic & Pouring Art</p><p>$22.99</p><a href="https://www.amazon.com/dp/B07BNGQ1SS?tag=eloabder-20&linkCode=osi&th=1&psc=1">View Product</a></div><div class="product"><a href="https://www.amazon.com/dp/B0922JP1H4?tag=eloabder-20&linkCode=osi&th=1&psc=1"><img src="https://m.media-amazon.com/images/I/41BmiEND1KL._SL500_.jpg" alt="Product Image"></a><p>GOTIDEAL Canvases for Painting, 18 Pack Canvas Boards Multipack 4x4, 5x7, 8x10, 9x12,11x14,Primed White Blank Artist Canvas Variety Pack for Acrylic Paint, Oil Paint, Watercolor, Gouache</p><p>$19.99</p><a href="https://www.amazon.com/dp/B0922JP1H4?tag=eloabder-20&linkCode=osi&th=1&psc=1">View Product</a></div>


<div class="product"><a href="https://www.amazon.com/dp/B0872VFHBH?tag=eloabder-20&linkCode=osi&th=1&psc=1"><img src="https://m.media-amazon.com/images/I/51k3bekQheS._SL500_.jpg" alt="Product Image"></a><p>Bachmore Drawing Pad 9X12 Inch (110lb/180g), 60 Sheets, Top Spiral Bound Multi-Media for Artist Pro & Amateurs | Acrylic Art, Ink, Paint, Oil Pastels,Watercolor Mixed Media Sketch</p><p>$11.99</p><a href="https://www.amazon.com/dp/B0872VFHBH?tag=eloabder-20&linkCode=osi&th=1&psc=1">View Product</a></div><div class="product"><a href="https://www.amazon.com/dp/B0027A75A4?tag=eloabder-20&linkCode=osi&th=1&psc=1"><img src="https://m.media-amazon.com/images/I/51dyOxxcgYL._SL500_.jpg" alt="Product Image"></a><p>Strathmore 200 Series Sketch Pad, 9x12 inch, 100 Sheets, Tape Bound - Artist Sketchbook for Drawing, Illustration, Art Class Students</p><p>$6.99 ($0.07 / Count)</p><a href="https://www.amazon.com/dp/B0027A75A4?tag=eloabder-20&linkCode=osi&th=1&psc=1">View Product</a></div><div class="product"><a href="https://www.amazon.com/dp/B0BV13YQKX?tag=eloabder-20&linkCode=osi&th=1&psc=1"><img src="https://m.media-amazon.com/images/I/41VYfMpvXUL._SL500_.jpg" alt="Product Image"></a><p>Canson Graduate Watercolor Pad, Foldover, 9x12 inch, 20 Sheets | Artist Paper for Adults and Students - Painting, Gouache, Mixed Media and Ink</p><p>$4.97 ($0.41 / Count)</p><a href="https://www.amazon.com/dp/B0BV13YQKX?tag=eloabder-20&linkCode=osi&th=1&psc=1">View Product</a></div><div class="product"><a href="https://www.amazon.com/dp/B0024KMQ6K?tag=eloabder-20&linkCode=osi&th=1&psc=1"><img src="https://m.media-amazon.com/images/I/51sYdvPPUCL._SL500_.jpg" alt="Product Image"></a><p>Strathmore 400 Series Pastel Pad, Assorted Colors, 9"x12" Glue Bound, 24 Sheets</p><p>$9.11</p><a href="https://www.amazon.com/dp/B0024KMQ6K?tag=eloabder-20&linkCode=osi&th=1&psc=1">View Product</a></div><div class="product"><a href="https://www.amazon.com/dp/B00246O6PI?tag=eloabder-20&linkCode=osi&th=1&psc=1"><img src="https://m.media-amazon.com/images/I/517TUmckOIL._SL500_.jpg" alt="Product Image"></a><p>Strathmore 300 Series Drawing Paper Pad, Top Wire Bound, 11x14 inches, 50 Sheets (70lb/114g) - Artist Paper for Adults and Students - Charcoal, Colored Pencil, Ink, Pastel, Marker</p><p>$13.33</p><a href="https://www.amazon.com/dp/B00246O6PI?tag=eloabder-20&linkCode=osi&th=1&psc=1">View Product</a></div>
<div class="product"><a href="https://www.amazon.com/dp/B08ZMH7LJY?tag=eloabder-20&linkCode=osi&th=1&psc=1"><img src="https://m.media-amazon.com/images/I/51mJIsLJA-S._SL500_.jpg" alt="Product Image"></a><p>PANDAFLY Professional Drawing Sketching Pencil Set - 12 Pieces Graphite Pencils(14B - 2H), Ideal for Drawing Art, Sketching, Shading, Artist Pencils for Beginners & Pro Artists</p><p>$5.11</p><a href="https://www.amazon.com/dp/B08ZMH7LJY?tag=eloabder-20&linkCode=osi&th=1&psc=1">View Product</a></div><div class="product"><a href="https://www.amazon.com/dp/B088K1G5NL?tag=eloabder-20&linkCode=osi&th=1&psc=1"><img src="https://m.media-amazon.com/images/I/51F2bOMZWnL._SL500_.jpg" alt="Product Image"></a><p>MARKART Professional Drawing Sketching Pencil Set - 14 Pieces,Graphite,(12B - 4H), Ideal for Drawing Art, Sketching, Shading, Artist Pencils for Beginners & Pro Artists</p><p>$5.24</p><a href="https://www.amazon.com/dp/B088K1G5NL?tag=eloabder-20&linkCode=osi&th=1&psc=1">View Product</a></div><div class="product"><a href="https://www.amazon.com/dp/B08FHMRW4L?tag=eloabder-20&linkCode=osi&th=1&psc=1"><img src="https://m.media-amazon.com/images/I/51Pmn5gjyzL._SL500_.jpg" alt="Product Image"></a><p>Mr. Pen- Sketch Pencils for Drawing, 14 Pack, Drawing Pencils, Art Pencils, Graphite Pencils, Graphite Pencils for Drawing, Art Pencils for Drawing and Shading</p><p>$5.95</p><a href="https://www.amazon.com/dp/B08FHMRW4L?tag=eloabder-20&linkCode=osi&th=1&psc=1">View Product</a></div><div class="product"><a href="https://www.amazon.com/dp/B0BNQ58DC4?tag=eloabder-20&linkCode=osi&th=1&psc=1"><img src="https://m.media-amazon.com/images/I/51e-gQtCcCL._SL500_.jpg" alt="Product Image"></a><p>MARTCOLOR Drawing Sketching Pencils Set, 12 Pack Graphite Pencils(14B - 2H), Ideal for Drawing Art, Sketching, Shading, Artist Pencils for Beginners & Pro Artists</p><p>$5.99</p><a href="https://www.amazon.com/dp/B0BNQ58DC4?tag=eloabder-20&linkCode=osi&th=1&psc=1">View Product</a></div>

<div class="product"><a href="https://www.amazon.com/dp/B0851M3749?tag=eloabder-20&linkCode=osi&th=1&psc=1"><img src="https://m.media-amazon.com/images/I/41KKSGSDl5L._SL500_.jpg" alt="Product Image"></a><p>N NOROCME 12 PCS Blending Stumps and Tortillions Paper Art Blenders with Sandpaper Pencil Sharpener Pointer for Student Artist Charcoal Sketch Drawing Tools</p><p>$4.99</p><a href="https://www.amazon.com/dp/B0851M3749?tag=eloabder-20&linkCode=osi&th=1&psc=1">View Product</a></div><div class="product"><a href="https://www.amazon.com/dp/B09J3HKN8F?tag=eloabder-20&linkCode=osi&th=1&psc=1"><img src="https://m.media-amazon.com/images/I/51Qvx81eQLL._SL500_.jpg" alt="Product Image"></a><p>Eraser Pencils Set for Artists, Wooden Sketch Eraser Pen for Charcoal Drawings, Professional Highlight Painting Eraser for Sketching, Revise Erasing Details for Students Limner</p><p>$6.99</p><a href="https://www.amazon.com/dp/B09J3HKN8F?tag=eloabder-20&linkCode=osi&th=1&psc=1">View Product</a></div>
<div class="product"><a href="https://www.amazon.com/dp/B09WCQ89T8?tag=eloabder-20&linkCode=osi&th=1&psc=1"><img src="https://m.media-amazon.com/images/I/41gZz0qgBFL._SL500_.jpg" alt="Product Image"></a><p>Bernat BABY BLANKET BB Blue Dreams Yarn - 1 Pack of 10.5oz/300g - Polyester - #6 Super Bulky - 220 Yards - Knitting/Crochet</p><p>$6.97</p><a href="https://www.amazon.com/dp/B09WCQ89T8?tag=eloabder-20&linkCode=osi&th=1&psc=1">View Product</a></div><div class="product"><a href="https://www.amazon.com/dp/B07V5JVNFD?tag=eloabder-20&linkCode=osi&th=1&psc=1"><img src="https://m.media-amazon.com/images/I/41IS+HdtiOL._SL500_.jpg" alt="Product Image"></a><p>Lion Brand Yarn Basic Stitch Anti-Pilling Knitting Yarn, Yarn for Crocheting, 1-Pack, Baby Blue</p><p>$8.40 ($0.02 / Foot)</p><a href="https://www.amazon.com/dp/B07V5JVNFD?tag=eloabder-20&linkCode=osi&th=1&psc=1">View Product</a></div><div class="product"><a href="https://www.amazon.com/dp/B01M0AJID2?tag=eloabder-20&linkCode=osi&th=1&psc=1"><img src="https://m.media-amazon.com/images/I/41yVau0AUpL._SL500_.jpg" alt="Product Image"></a><p>Lion Brand Yarn (1 Skein) Lion Brand Yarn Babysoft Baby Yarn Yarn, Little Boy Blue Multicolor</p><p>$7.19 ($0.01 / Foot)</p><a href="https://www.amazon.com/dp/B01M0AJID2?tag=eloabder-20&linkCode=osi&th=1&psc=1">View Product</a></div><div class="product"><a href="https://www.amazon.com/dp/B09W1KHF42?tag=eloabder-20&linkCode=osi&th=1&psc=1"><img src="https://m.media-amazon.com/images/I/41maDlrio5L._SL500_.jpg" alt="Product Image"></a><p>Red Heart Super Saver Light Blue Yarn - 3 Pack of 198g/7oz - Acrylic - 4 Medium (Worsted) - 364 Yards - Knitting/Crochet</p><p>$13.29 ($4.43 / Count)</p><a href="https://www.amazon.com/dp/B09W1KHF42?tag=eloabder-20&linkCode=osi&th=1&psc=1">View Product</a></div><div class="product"><a href="https://www.amazon.com/dp/B08LKVZ3CX?tag=eloabder-20&linkCode=osi&th=1&psc=1"><img src="https://m.media-amazon.com/images/I/41GLizNx8UL._SL500_.jpg" alt="Product Image"></a><p>Bernat Baby Blanket Baby Blue Yarn - 3 Pack of 100g/3.5oz - Polyester - 6 Super Bulky - 72 Yards - Knitting/Crochet</p><p>$21.81</p><a href="https://www.amazon.com/dp/B08LKVZ3CX?tag=eloabder-20&linkCode=osi&th=1&psc=1">View Product</a></div><div class="product"><a href="https://www.amazon.com/dp/B0CHJ95WHJ?tag=eloabder-20&linkCode=osi&th=1&psc=1"><img src="https://m.media-amazon.com/images/I/314E1EQdihL._SL500_.jpg" alt="Product Image"></a><p>NORCIA Soft Velvet Yarn Chenille Yarn for Crocheting Baby Blanket Yarn for Knitting Amigurumi Yarn Fancy Yarn for Crochet Weaving Craft (Baby Blue, 1 Skein)</p><p>$9.99</p><a href="https://www.amazon.com/dp/B0CHJ95WHJ?tag=eloabder-20&linkCode=osi&th=1&psc=1">View Product</a></div>
<div class="product"><a href="https://www.amazon.com/dp/B0779F2TXJ?tag=eloabder-20&linkCode=osi&th=1&psc=1"><img src="https://m.media-amazon.com/images/I/31kqZr8DJzL._SL500_.jpg" alt="Product Image"></a><p>OPENDGO Feather Ballpoint Pen ，Black Ink Vintage Feather Quill Refined Plated Rod Quill Ballpoint Pen For School Writing ▏Wedding Gift Signature Pen (Black)</p><p>$6.97</p><a href="https://www.amazon.com/dp/B0779F2TXJ?tag=eloabder-20&linkCode=osi&th=1&psc=1">View Product</a></div><div class="product"><a href="https://www.amazon.com/dp/B0CQF3BJ3S?tag=eloabder-20&linkCode=osi&th=1&psc=1"><img src="https://m.media-amazon.com/images/I/41gs6AOiP6L._SL500_.jpg" alt="Product Image"></a><p>3 in 1 Retractable Ballpoint Pen with Light and Stylus, Nice Pens for Journaling Writing in The Dark - White/Red Light Tip- 0.7mm Black Ink</p><p>$12.99</p><a href="https://www.amazon.com/dp/B0CQF3BJ3S?tag=eloabder-20&linkCode=osi&th=1&psc=1">View Product</a></div><div class="product"><a href="https://www.amazon.com/dp/B08BBZ3B8G?tag=eloabder-20&linkCode=osi&th=1&psc=1"><img src="https://m.media-amazon.com/images/I/41cMHyw60wL._SL500_.jpg" alt="Product Image"></a><p>Mr. Pen- Pens, Black Pens, 12 Pack, Fast Dry, No Smear Pens, Bible Pens, Pens for Journaling, Pens No Bleed Through, Pens Fine Point, Journal Pens, Fine Tip, Planner Pens, Ball Point Journal Pens</p><p>$9.99</p><a href="https://www.amazon.com/dp/B08BBZ3B8G?tag=eloabder-20&linkCode=osi&th=1&psc=1">View Product</a></div><div class="product"><a href="https://www.amazon.com/dp/B0D4YWWGX6?tag=eloabder-20&linkCode=osi&th=1&psc=1"><img src="https://m.media-amazon.com/images/I/31xHBCCzJqL._SL500_.jpg" alt="Product Image"></a><p>PATIKIL 21cm/8" Feather Ballpoint Pen, 1Pcs Ink Vintage Quill Pen Refined Plated Dip Pen for Calligraphy Writing Signature Wedding Gift, Yellow</p><p>$7.49</p><a href="https://www.amazon.com/dp/B0D4YWWGX6?tag=eloabder-20&linkCode=osi&th=1&psc=1">View Product</a></div>

<div class="product"><a href="https://www.amazon.com/dp/B001TLDEVQ?tag=eloabder-20&linkCode=osi&th=1&psc=1"><img src="https://m.media-amazon.com/images/I/41jYF39F6lL._SL500_.jpg" alt="Product Image"></a><p>Beadalon SuppleMax Illusion Beading Cord, 0.40 mm / 0.016 in, Clear Monofilament, 50 m / 164 ft</p><p>$4.74</p><a href="https://www.amazon.com/dp/B001TLDEVQ?tag=eloabder-20&linkCode=osi&th=1&psc=1">View Product</a></div><div class="product"><a href="https://www.amazon.com/dp/B0D2HVFZ7Q?tag=eloabder-20&linkCode=osi&th=1&psc=1"><img src="https://m.media-amazon.com/images/I/41R66LMYz7L._SL500_.jpg" alt="Product Image"></a><p>Zxiixz 116Yards 0.5mm Bracelet String, Waxed String Cord for Bracelet Making, Beading Thread for Bracelet Beads, Friendship Bracelet String for Bracelet Making, Waxed Polyester Cord for Jewelry Making</p><p>$6.99</p><a href="https://www.amazon.com/dp/B0D2HVFZ7Q?tag=eloabder-20&linkCode=osi&th=1&psc=1">View Product</a></div><div class="product"><a href="https://www.amazon.com/dp/B07BNF8KH5?tag=eloabder-20&linkCode=osi&th=1&psc=1"><img src="https://m.media-amazon.com/images/I/51jVByheyVL._SL500_.jpg" alt="Product Image"></a><p>PH PandaHall 100 Yards 1mm Waxed Cotton Cord Thread Beading String for Bracelet Necklace Making Crafting Beading Macrame Vase Decor, Burlywood</p><p>$7.19 ($0.02 / Foot)</p><a href="https://www.amazon.com/dp/B07BNF8KH5?tag=eloabder-20&linkCode=osi&th=1&psc=1">View Product</a></div><div class="product"><a href="https://www.amazon.com/dp/B07HBPGXJG?tag=eloabder-20&linkCode=osi&th=1&psc=1"><img src="https://m.media-amazon.com/images/I/41xi8gO6kDL._SL500_.jpg" alt="Product Image"></a><p>Paxcoo 0.8mm Elastic String, Stretchy Bracelet String Crystal String Bead Cord for Bracelet, Beading and Jewelry Making (120m)</p><p>$6.99 ($0.02 / Foot)</p><a href="https://www.amazon.com/dp/B07HBPGXJG?tag=eloabder-20&linkCode=osi&th=1&psc=1">View Product</a></div><div class="product"><a href="https://www.amazon.com/dp/B0CNPST7D9?tag=eloabder-20&linkCode=osi&th=1&psc=1"><img src="https://m.media-amazon.com/images/I/41A9VISFC4L._SL500_.jpg" alt="Product Image"></a><p>Kblick Black Nylon String Cord - 1MM 100 Yards Black Twine, Bracelet String for Bracelet Making, Braided Ornament Lanyard Sting, Jewelry Thread Clay Bead String for Crafts, Macrame Satin Cord</p><p>$5.99 ($0.02 / Foot)</p><a href="https://www.amazon.com/dp/B0CNPST7D9?tag=eloabder-20&linkCode=osi&th=1&psc=1">View Product</a></div><div class="product"><a href="https://www.amazon.com/dp/B08GC3JF9X?tag=eloabder-20&linkCode=osi&th=1&psc=1"><img src="https://m.media-amazon.com/images/I/41FQZYhvQpL._SL500_.jpg" alt="Product Image"></a><p>Cheriswelry 100M 0.8mm Nylon Beading Cord Black Chinese Knotting Rattail Macrame Thread String Roll for Jewelry Making Kumihimo Wrapping Supplies DIY Crafts</p><p>$6.99 ($0.02 / Fl Oz)</p><a href="https://www.amazon.com/dp/B08GC3JF9X?tag=eloabder-20&linkCode=osi&th=1&psc=1">View Product</a></div><div class="product"><a href="https://www.amazon.com/dp/B0B3V9RWQC?tag=eloabder-20&linkCode=osi&th=1&psc=1"><img src="https://m.media-amazon.com/images/I/41F-OP+yCxL._SL500_.jpg" alt="Product Image"></a><p>Griffin Silk Bead Cord Perlseide – Black Color – Size 3 (0.50mm) – 2 Meters per Card – Stainless Steel Needle Attached – for Knotting Pearls, Gemstones, Crystals and Beads</p><p>$4.99 ($0.76 / Foot)</p><a href="https://www.amazon.com/dp/B0B3V9RWQC?tag=eloabder-20&linkCode=osi&th=1&psc=1">View Product</a></div><div class="product"><a href="https://www.amazon.com/dp/B08F49YVQP?tag=eloabder-20&linkCode=osi&th=1&psc=1"><img src="https://m.media-amazon.com/images/I/41yCMIpj0rS._SL500_.jpg" alt="Product Image"></a><p>1mm Stretchy Bracelet String, Sturdy Rainbow Elastic String Elastic Cord for Jewelry Making, Necklaces, Beading and Crafts</p><p>$6.99 ($0.04 / Foot)</p><a href="https://www.amazon.com/dp/B08F49YVQP?tag=eloabder-20&linkCode=osi&th=1&psc=1">View Product</a></div>

<div class="product"><a href="https://www.amazon.com/dp/B001GMUBJ6?tag=eloabder-20&linkCode=osi&th=1&psc=1"><img src="https://m.media-amazon.com/images/I/41V5qzn3H5L._SL500_.jpg" alt="Product Image"></a><p>The Beadsmith Fireline by Berkley – Micro-Fused Braided Thread – 6lb. Test, 006”/.15mm Diameter, 50 Yard Spool, Crystal Color – Super Strong Stringing Material for Jewelry Making and Bead Weaving</p><p>$12.59</p><a href="https://www.amazon.com/dp/B001GMUBJ6?tag=eloabder-20&linkCode=osi&th=1&psc=1">View Product</a></div><div class="product"><a href="https://www.amazon.com/dp/B001UAKK0Y?tag=eloabder-20&linkCode=osi&th=1&psc=1"><img src="https://m.media-amazon.com/images/I/41rY1D0wfuL._SL500_.jpg" alt="Product Image"></a><p>Beadalon Wildfire, 0.006 in, 0.15 mm, Break Strength 10 lb / 4.5 kg, Frost, 50 yd / 45 m</p><p>$8.85 ($0.06 / Foot)</p><a href="https://www.amazon.com/dp/B001UAKK0Y?tag=eloabder-20&linkCode=osi&th=1&psc=1">View Product</a></div><div class="product"><a href="https://www.amazon.com/dp/B095WY58F4?tag=eloabder-20&linkCode=osi&th=1&psc=1"><img src="https://m.media-amazon.com/images/I/41mXRfJqcjL._SL500_.jpg" alt="Product Image"></a><p>PH PandaHall 0.1mm Nylon Seed Bead Thread 100 Yards Black White Bracelet Cord Beading Thread Invisible Sewing Thread Nylon Braided Thread String for Leather Stitching Beading Jewelry Bracelets Making</p><p>$9.99 ($0.03 / Foot)</p><a href="https://www.amazon.com/dp/B095WY58F4?tag=eloabder-20&linkCode=osi&th=1&psc=1">View Product</a></div><div class="product"><a href="https://www.amazon.com/dp/B08RN2R2SZ?tag=eloabder-20&linkCode=osi&th=1&psc=1"><img src="https://m.media-amazon.com/images/I/41Tg2MMC++L._SL500_.jpg" alt="Product Image"></a><p>KO Nylon Beading Thread, White Color, Japanese Pre-Waxed 100% Nylon, 330TEX, Tangle Resistant Knotting Cords, 50m /55 yds Spool, Use for Seed Bead Projects, Loom Work & Bead Weaving</p><p>$7.06 ($0.04 / Foot)</p><a href="https://www.amazon.com/dp/B08RN2R2SZ?tag=eloabder-20&linkCode=osi&th=1&psc=1">View Product</a></div><div class="product"><a href="https://www.amazon.com/dp/B09J89ST79?tag=eloabder-20&linkCode=osi&th=1&psc=1"><img src="https://m.media-amazon.com/images/I/41hLuuOZeXL._SL500_.jpg" alt="Product Image"></a><p>2 Roll Polyester Thread, Heavy Duty Thread, 1500Yard/Reel 210D/3 nylon thread for sewing, Sewing Thread for Upholstery, Outdoor Market, Drapery, Leather, Beading, Crafts</p><p>$7.99 ($0.00 / Foot)</p><a href="https://www.amazon.com/dp/B09J89ST79?tag=eloabder-20&linkCode=osi&th=1&psc=1">View Product</a></div><div class="product"><a href="https://www.amazon.com/dp/B0C6MSY7QQ?tag=eloabder-20&linkCode=osi&th=1&psc=1"><img src="https://m.media-amazon.com/images/I/31Bn-MyA62L._SL500_.jpg" alt="Product Image"></a><p>PH PandaHall 0.1mm Nylon String 100 Yards Beading Thread White Nylon Seed Bead Thread Bracelet Beading Thread Sewing String for Leather Stitching Beading Jewelry Bracelets Making</p><p>$7.99 ($0.03 / Foot)</p><a href="https://www.amazon.com/dp/B0C6MSY7QQ?tag=eloabder-20&linkCode=osi&th=1&psc=1">View Product</a></div>

<div class="product"><a href="https://www.amazon.com/dp/B07NMNDT1W?tag=eloabder-20&linkCode=osi&th=1&psc=1"><img src="https://m.media-amazon.com/images/I/41-zwQIcVcL._SL500_.jpg" alt="Product Image"></a><p>Howemon White Beeswax Pellets 2LB 100% Pure and Natural Triple Filtered for Skin, Face, Body and Hair Care DIY Creams, Lotions, Lip Balm and Soap Making Supplies</p><p>$13.99 ($0.44 / Fl Oz)</p><a href="https://www.amazon.com/dp/B07NMNDT1W?tag=eloabder-20&linkCode=osi&th=1&psc=1">View Product</a></div><div class="product"><a href="https://www.amazon.com/dp/B00B3U0FW4?tag=eloabder-20&linkCode=osi&th=1&psc=1"><img src="https://m.media-amazon.com/images/I/51rWFCST+TL._SL500_.jpg" alt="Product Image"></a><p>Beesworks Yellow Beeswax Pellets (1 lb) | 100% Pure, Cosmetic Grade, Triple-Filtered Beeswax for DIY Skin care, Lip Balm, Lotion, and Candle Making</p><p>$13.99 ($0.87 / Ounce)</p><a href="https://www.amazon.com/dp/B00B3U0FW4?tag=eloabder-20&linkCode=osi&th=1&psc=1">View Product</a></div><div class="product"><a href="https://www.amazon.com/dp/B01LWX2IO1?tag=eloabder-20&linkCode=osi&th=1&psc=1"><img src="https://m.media-amazon.com/images/I/41MlNqhDyCL._SL500_.jpg" alt="Product Image"></a><p>Beesworks Yellow Beeswax Bars (6 oz) | 100% Pure, Cosmetic Grade, Triple-Filtered Beeswax for DIY Skin Care, Lip Balm, Lotion and Candle Making (1 oz Bars - Pack of 6)</p><p>$6.99</p><a href="https://www.amazon.com/dp/B01LWX2IO1?tag=eloabder-20&linkCode=osi&th=1&psc=1">View Product</a></div><div class="product"><a href="https://www.amazon.com/dp/B0BV77F19N?tag=eloabder-20&linkCode=osi&th=1&psc=1"><img src="https://m.media-amazon.com/images/I/41xzHaO1-EL._SL500_.jpg" alt="Product Image"></a><p>Beeswax Pellets 10LB Cosmetic Beeswax Triple Filtered Beeswax Pastilles for Candle Making Great for DIY Projects Creams Lotions Lip Balm and Soap Making Supplies(10LB)</p><p>$32.99</p><a href="https://www.amazon.com/dp/B0BV77F19N?tag=eloabder-20&linkCode=osi&th=1&psc=1">View Product</a></div><div class="product"><a href="https://www.amazon.com/dp/B0C9QSG3CY?tag=eloabder-20&linkCode=osi&th=1&psc=1"><img src="https://m.media-amazon.com/images/I/414XQcU6SRL._SL500_.jpg" alt="Product Image"></a><p>YASNAY White Beeswax Pellets 2LB, 100% Organic Beeswax, Beeswax for Candle Making, Body, Skin Care DIY, Lip Balm and Soap Making Supplies</p><p>$11.99</p><a href="https://www.amazon.com/dp/B0C9QSG3CY?tag=eloabder-20&linkCode=osi&th=1&psc=1">View Product</a></div><div class="product"><a href="https://www.amazon.com/dp/B097HTC4WN?tag=eloabder-20&linkCode=osi&th=1&psc=1"><img src="https://m.media-amazon.com/images/I/51pwMM7C6-L._SL500_.jpg" alt="Product Image"></a><p>Eco Lux 8 Yellow Beeswax Blocks 100% Pure Natural Organic Bees Wax 6.5oz</p><p>$8.49 ($1.35 / Ounce)</p><a href="https://www.amazon.com/dp/B097HTC4WN?tag=eloabder-20&linkCode=osi&th=1&psc=1">View Product</a></div><div class="product"><a href="https://www.amazon.com/dp/B00HDHQQCE?tag=eloabder-20&linkCode=osi&th=1&psc=1"><img src="https://m.media-amazon.com/images/I/41vF-7MwNhL._SL500_.jpg" alt="Product Image"></a><p>Murray's 100% Pure Beeswax 4 oz</p><p>$5.98 ($1.50 / Ounce)</p><a href="https://www.amazon.com/dp/B00HDHQQCE?tag=eloabder-20&linkCode=osi&th=1&psc=1">View Product</a></div><div class="product"><a href="https://www.amazon.com/dp/B09YM8JTLM?tag=eloabder-20&linkCode=osi&th=1&psc=1"><img src="https://m.media-amazon.com/images/I/41cjNuBnFEL._SL500_.jpg" alt="Product Image"></a><p>TRINIDa Beeswax Pellets 2LB(32 oz), 100% Organic Yellow Bees Wax for DIY Candles, Beeswax for Candle Making, Skin, Body, Face, and Hair Care, Lotions, DIY Creams, Lip Balm and Soap Making Supplies</p><p>$11.99</p><a href="https://www.amazon.com/dp/B09YM8JTLM?tag=eloabder-20&linkCode=osi&th=1&psc=1">View Product</a></div><div class="product"><a href="https://www.amazon.com/dp/B00F3CNMV4?tag=eloabder-20&linkCode=osi&th=1&psc=1"><img src="https://m.media-amazon.com/images/I/31pjrRAEa4L._SL500_.jpg" alt="Product Image"></a><p>Stakich Yellow Beeswax Block - Natural, Triple Filtered - 1 Pound, Honey Scent</p><p>$13.95 ($0.87 / Ounce)</p><a href="https://www.amazon.com/dp/B00F3CNMV4?tag=eloabder-20&linkCode=osi&th=1&psc=1">View Product</a></div><div class="product"><a href="https://www.amazon.com/dp/B0BXFZBZS9?tag=eloabder-20&linkCode=osi&th=1&psc=1"><img src="https://m.media-amazon.com/images/I/4178i9IB9KL._SL500_.jpg" alt="Product Image"></a><p>5LB Beeswax Pellets Beeswax for Candle Making Organic Beeswax Pellets for Skin Beeswax Beads Beeswax Bulk Beeswax for Lotion Making Organic for DIY and Craft Project</p><p>$22.99</p><a href="https://www.amazon.com/dp/B0BXFZBZS9?tag=eloabder-20&linkCode=osi&th=1&psc=1">View Product</a></div>
<div class="product"><a href="https://www.amazon.com/dp/B0052F1BVK?tag=eloabder-20&linkCode=osi&th=1&psc=1"><img src="https://m.media-amazon.com/images/I/41zE9eiGoLL._SL500_.jpg" alt="Product Image"></a><p>ACC Staples Large Binder Clips, 2" Width, 1" Capacity, Black, 12/Pk</p><p>$6.30</p><a href="https://www.amazon.com/dp/B0052F1BVK?tag=eloabder-20&linkCode=osi&th=1&psc=1">View Product</a></div><div class="product"><a href="https://www.amazon.com/dp/B07MLFR771?tag=eloabder-20&linkCode=osi&th=1&psc=1"><img src="https://m.media-amazon.com/images/I/51N2wxA7N0L._SL500_.jpg" alt="Product Image"></a><p>CooBigo 50 Pack Binder Ring, Metal Book Ring Paper Ring Holder 5/8-Inch Loose Leaf Binder Ring Clip for Index Card, Flash Card Ring, Card Calendar, Keychain Key Ring - Bronze</p><p>$6.99</p><a href="https://www.amazon.com/dp/B07MLFR771?tag=eloabder-20&linkCode=osi&th=1&psc=1">View Product</a></div><div class="product"><a href="https://www.amazon.com/dp/B01563NHGY?tag=eloabder-20&linkCode=osi&th=1&psc=1"><img src="https://m.media-amazon.com/images/I/41gj+0ZftqL._SL500_.jpg" alt="Product Image"></a><p>vanki Pack of 40 Cute Lovely Smiling Face Spring-Loaded File Organizer Paper Holder Metal Binder Clips, Assorted Color</p><p>$8.99</p><a href="https://www.amazon.com/dp/B01563NHGY?tag=eloabder-20&linkCode=osi&th=1&psc=1">View Product</a></div><div class="product"><a href="https://www.amazon.com/dp/B000GOUDSO?tag=eloabder-20&linkCode=osi&th=1&psc=1"><img src="https://m.media-amazon.com/images/I/41ZANISHgML._SL500_.jpg" alt="Product Image"></a><p>Small Binder Clips .75" 8/Pkg-Assorted Colors</p><p>$4.46</p><a href="https://www.amazon.com/dp/B000GOUDSO?tag=eloabder-20&linkCode=osi&th=1&psc=1">View Product</a></div>
<div class="product"><a href="https://www.amazon.com/dp/B07PRPX4VR?tag=eloabder-20&linkCode=osi&th=1&psc=1"><img src="https://m.media-amazon.com/images/I/41IMH12fdPL._SL500_.jpg" alt="Product Image"></a><p>Durable Sheet Lifters, Durable Easy Flow, 11" x 3", Lifts Sheets Over Rings and Protects Sheets from Tearing, Fit Standard 3-Ring Binders, Black (20 Pack)</p><p>$14.99</p><a href="https://www.amazon.com/dp/B07PRPX4VR?tag=eloabder-20&linkCode=osi&th=1&psc=1">View Product</a></div><div class="product"><a href="https://www.amazon.com/dp/B0CM8QJHFW?tag=eloabder-20&linkCode=osi&th=1&psc=1"><img src="https://m.media-amazon.com/images/I/31cJGS74oCL._SL500_.jpg" alt="Product Image"></a><p>Wantane D-Shaped Tape Storage Ring Tape Storage Ring 4" D-Shaped Washi Tape Storage Ring for DIY Decoration and Storage（Nickel）-2PCS</p><p>$7.99</p><a href="https://www.amazon.com/dp/B0CM8QJHFW?tag=eloabder-20&linkCode=osi&th=1&psc=1">View Product</a></div>
<div class="product"><a href="https://www.amazon.com/dp/B00006IAS3?tag=eloabder-20&linkCode=osi&th=1&psc=1"><img src="https://m.media-amazon.com/images/I/317DvSXhT1L._SL500_.jpg" alt="Product Image"></a><p>GBC Binding System, Manual, Desktop Binding Punch, 6 Sheet Punch Capacity, ProClick P50 (2515650)</p><p>$123.89</p><a href="https://www.amazon.com/dp/B00006IAS3?tag=eloabder-20&linkCode=osi&th=1&psc=1">View Product</a></div><div class="product"><a href="https://www.amazon.com/dp/B004BP81KQ?tag=eloabder-20&linkCode=osi&th=1&psc=1"><img src="https://m.media-amazon.com/images/I/51SqfeZ12KL._SL500_.jpg" alt="Product Image"></a><p>We R Memory Keepers Cinch Book Binding Wire (1-Inch, Silver (2 Pack))</p><p>$5.99</p><a href="https://www.amazon.com/dp/B004BP81KQ?tag=eloabder-20&linkCode=osi&th=1&psc=1">View Product</a></div>

<div class="product"><a href="https://www.amazon.com/dp/B0007ZJ8TM?tag=eloabder-20&linkCode=osi&th=1&psc=1"><img src="https://m.media-amazon.com/images/I/41i49sz3UAL._SL500_.jpg" alt="Product Image"></a><p>Speedball Super Black India Ink, 2-Ounce</p><p>$9.99 ($9.99 / Count)</p><a href="https://www.amazon.com/dp/B0007ZJ8TM?tag=eloabder-20&linkCode=osi&th=1&psc=1">View Product</a></div><div class="product"><a href="https://www.amazon.com/dp/B0026I10AI?tag=eloabder-20&linkCode=osi&th=1&psc=1"><img src="https://m.media-amazon.com/images/I/31vklP4uBsL._SL500_.jpg" alt="Product Image"></a><p>Dr. Ph. Martin's Bombay India (7BY) Ink Bottle, 1.0 oz, Black</p><p>$6.99</p><a href="https://www.amazon.com/dp/B0026I10AI?tag=eloabder-20&linkCode=osi&th=1&psc=1">View Product</a></div><div class="product"><a href="https://www.amazon.com/dp/B000KNP96C?tag=eloabder-20&linkCode=osi&th=1&psc=1"><img src="https://m.media-amazon.com/images/I/51e9srYtG0L._SL500_.jpg" alt="Product Image"></a><p>Winsor & Newton Drawing Ink, 14ml Bottle, Black Indian</p><p>$10.99</p><a href="https://www.amazon.com/dp/B000KNP96C?tag=eloabder-20&linkCode=osi&th=1&psc=1">View Product</a></div><div class="product"><a href="https://www.amazon.com/dp/B07BQG5QF4?tag=eloabder-20&linkCode=osi&th=1&psc=1"><img src="https://m.media-amazon.com/images/I/41nEMDYZaiL._SL500_.jpg" alt="Product Image"></a><p>Speedball Super Black India Ink, 16-Ounce</p><p>$19.99</p><a href="https://www.amazon.com/dp/B07BQG5QF4?tag=eloabder-20&linkCode=osi&th=1&psc=1">View Product</a></div><div class="product"><a href="https://www.amazon.com/dp/B001038NLY?tag=eloabder-20&linkCode=osi&th=1&psc=1"><img src="https://m.media-amazon.com/images/I/418i4sxJJ0L._SL500_.jpg" alt="Product Image"></a><p>Speedball Fabric Screen Printing Ink, 8-Ounce, Black for T-Shirt and Silkscreen Printmaking</p><p>$12.99 ($1.62 / Fl Oz)</p><a href="https://www.amazon.com/dp/B001038NLY?tag=eloabder-20&linkCode=osi&th=1&psc=1">View Product</a></div><div class="product"><a href="https://www.amazon.com/dp/B00161OPSA?tag=eloabder-20&linkCode=osi&th=1&psc=1"><img src="https://m.media-amazon.com/images/I/41C32y3CJAL._SL500_.jpg" alt="Product Image"></a><p>Tsukineko VersaFine inkpad, Full-Size, Onyx Black</p><p>$4.99 ($4.99 / Count)</p><a href="https://www.amazon.com/dp/B00161OPSA?tag=eloabder-20&linkCode=osi&th=1&psc=1">View Product</a></div>
<div class="product"><a href="https://www.amazon.com/dp/B07Q4TJCDJ?tag=eloabder-20&linkCode=osi&th=1&psc=1"><img src="https://m.media-amazon.com/images/I/315HYvYg-BL._SL500_.jpg" alt="Product Image"></a><p>Primbeeks 300pcs Blank Business Cards, Premium Blank White Cards, 3.5" x 2.2" Small Blank Cards, Blank Cardstock Cards, Small Note Cards, white blank cards, white business cards, kraft paper cards</p><p>$7.99</p><a href="https://www.amazon.com/dp/B07Q4TJCDJ?tag=eloabder-20&linkCode=osi&th=1&psc=1">View Product</a></div><div class="product"><a href="https://www.amazon.com/dp/B0CRGHFLT8?tag=eloabder-20&linkCode=osi&th=1&psc=1"><img src="https://m.media-amazon.com/images/I/41S1NLpb8hL._SL500_.jpg" alt="Product Image"></a><p>Watercolor Cards and Envelopes Set - 50 Folded 5x7 Inch Blank Heavyweight Paper Cards (140lb/300gsm) with Matching Envelopes for DIY Greeting Cards, Festivals, and Events</p><p>$17.99 ($0.36 / Count)</p><a href="https://www.amazon.com/dp/B0CRGHFLT8?tag=eloabder-20&linkCode=osi&th=1&psc=1">View Product</a></div><div class="product"><a href="https://www.amazon.com/dp/B08MX4TZ3H?tag=eloabder-20&linkCode=osi&th=1&psc=1"><img src="https://m.media-amazon.com/images/I/41D2u4vdLQL._SL500_.jpg" alt="Product Image"></a><p>50 Pack Blank Kraft Cards Cardstock Thick Paper Brown Greeting Cards for DIY Gift Card Menus, Baby Shower and Wedding Invitations (Multicolored, 5x7IN)</p><p>$8.99</p><a href="https://www.amazon.com/dp/B08MX4TZ3H?tag=eloabder-20&linkCode=osi&th=1&psc=1">View Product</a></div><div class="product"><a href="https://www.amazon.com/dp/B08BDGGVMK?tag=eloabder-20&linkCode=osi&th=1&psc=1"><img src="https://m.media-amazon.com/images/I/41W-dTUoBqL._SL500_.jpg" alt="Product Image"></a><p>100pcs 3.54"x2" Blank Kraft Paper Business Card, Words Message Notes paper Tags, Mini Craft Cardboard Festival gifts - 6 colors</p><p>$5.98</p><a href="https://www.amazon.com/dp/B08BDGGVMK?tag=eloabder-20&linkCode=osi&th=1&psc=1">View Product</a></div><div class="product"><a href="https://www.amazon.com/dp/B08BFDJJ78?tag=eloabder-20&linkCode=osi&th=1&psc=1"><img src="https://m.media-amazon.com/images/I/61LZ1Csb+dL._SL500_.jpg" alt="Product Image"></a><p>Nettbe 100pcs 3.54"x2" Blank Kraft Paper Business Card, Words Message Notes paper Tags, Mini Craft Cardboard Festival gifts</p><p>$5.99</p><a href="https://www.amazon.com/dp/B08BFDJJ78?tag=eloabder-20&linkCode=osi&th=1&psc=1">View Product</a></div><div class="product"><a href="https://www.amazon.com/dp/B07Q8YBJM3?tag=eloabder-20&linkCode=osi&th=1&psc=1"><img src="https://m.media-amazon.com/images/I/31w6U4cCqEL._SL500_.jpg" alt="Product Image"></a><p>Primbeeks 228pcs Blank Business Cards, Premium Blank White Cards, 3.5" x 2.2" Small Blank Cards, Blank Cardstock Cards, Small Note Cards, white blank cards, white business cards, kraft paper cards</p><p>$5.99</p><a href="https://www.amazon.com/dp/B07Q8YBJM3?tag=eloabder-20&linkCode=osi&th=1&psc=1">View Product</a></div><div class="product"><a href="https://www.amazon.com/dp/B08X4Z9TGN?tag=eloabder-20&linkCode=osi&th=1&psc=1"><img src="https://m.media-amazon.com/images/I/41Jqhe35tDL._SL500_.jpg" alt="Product Image"></a><p>321Done Blank Rustic Cards, Made in USA - 4x6 Thick, Heavy Cardstock - Make Invites, Greeting, Note, Thank You Cards - Plain Kraft for Writing, Stamping, Printing, Art - No Envelopes - Set of 50</p><p>$14.99</p><a href="https://www.amazon.com/dp/B08X4Z9TGN?tag=eloabder-20&linkCode=osi&th=1&psc=1">View Product</a></div><div class="product"><a href="https://www.amazon.com/dp/B0D2KDWBNM?tag=eloabder-20&linkCode=osi&th=1&psc=1"><img src="https://m.media-amazon.com/images/I/31dAhnBJ7aL._SL500_.jpg" alt="Product Image"></a><p>4x6 Blank White Cardstock (Set of 100) - Card Stock for Printer Postcards, Photo Paper Invitations, Greeting, Note, Thank You, DIY Making, Index Cards - Plain for Writing, Stamping, Printing, Art</p><p>$8.99</p><a href="https://www.amazon.com/dp/B0D2KDWBNM?tag=eloabder-20&linkCode=osi&th=1&psc=1">View Product</a></div><div class="product"><a href="https://www.amazon.com/dp/B0BB858RYN?tag=eloabder-20&linkCode=osi&th=1&psc=1"><img src="https://m.media-amazon.com/images/I/317zmriPKNL._SL500_.jpg" alt="Product Image"></a><p>WANDERINGS Handmade White Deckle Edge Blank Greeting Cards- Folded to 5x7” - Pack of 25 - Writers, Artists, Crafters - Thank Yous, Invitations, Menus, Greeting Cards, Notes - Thick 150 GSM</p><p>$21.99 ($0.88 / Count)</p><a href="https://www.amazon.com/dp/B0BB858RYN?tag=eloabder-20&linkCode=osi&th=1&psc=1">View Product</a></div><div class="product"><a href="https://www.amazon.com/dp/B0BZPPXRZW?tag=eloabder-20&linkCode=osi&th=1&psc=1"><img src="https://m.media-amazon.com/images/I/21Da-WQhrpL._SL500_.jpg" alt="Product Image"></a><p>100 Pack Thick Paper Cardstock Blank Heavy Cards Stock for Invitations, Greeting Cards Making, Postcards, Photos, 250GSM Thick Paper (White, 2x3.5 inches)</p><p>$5.99</p><a href="https://www.amazon.com/dp/B0BZPPXRZW?tag=eloabder-20&linkCode=osi&th=1&psc=1">View Product</a></div>
<div class="product"><a href="https://www.amazon.com/dp/B0BZRDQKH6?tag=eloabder-20&linkCode=osi&th=1&psc=1"><img src="https://m.media-amazon.com/images/I/41GYYRiusgL._SL500_.jpg" alt="Product Image"></a><p>feela 8 Pack Unlined Kraft Paper Notebooks, Blank Journal Note Pad for Drawing Writing, Small Sketchbook Travel Journal Bulk for Women Kids Students Office School Supplies, A5, 60 Pages, 8.3” X 5.5”</p><p>$9.99</p><a href="https://www.amazon.com/dp/B0BZRDQKH6?tag=eloabder-20&linkCode=osi&th=1&psc=1">View Product</a></div><div class="product"><a href="https://www.amazon.com/dp/B0BXLB74KK?tag=eloabder-20&linkCode=osi&th=1&psc=1"><img src="https://m.media-amazon.com/images/I/313vYzg7HpL._SL500_.jpg" alt="Product Image"></a><p>ZZTX 4 Pack Blank Kraft Notebooks, Blank Paper Sketchbooks for Drawing Doodling Writing,Travel Journal Set, A5, 36 Pages, 8.3” X 5.5”</p><p>$5.99</p><a href="https://www.amazon.com/dp/B0BXLB74KK?tag=eloabder-20&linkCode=osi&th=1&psc=1">View Product</a></div><div class="product"><a href="https://www.amazon.com/dp/B0BW5TNPXJ?tag=eloabder-20&linkCode=osi&th=1&psc=1"><img src="https://m.media-amazon.com/images/I/31Wu8UP78iL._SL500_.jpg" alt="Product Image"></a><p>EOOUT Kraft Notebooks, Blank Page Journals in Bulk, 16pcs A5, 8.3 X 5.5 Inches, 60 Pages, 80gsm, Travel Journal Set, for Art Camp, Travelers, Students and Office Supplies Sketchbooks Bulk for Kids</p><p>$15.99</p><a href="https://www.amazon.com/dp/B0BW5TNPXJ?tag=eloabder-20&linkCode=osi&th=1&psc=1">View Product</a></div><div class="product"><a href="https://www.amazon.com/dp/B08P3F46SD?tag=eloabder-20&linkCode=osi&th=1&psc=1"><img src="https://m.media-amazon.com/images/I/41jeBDcZJ1L._SL500_.jpg" alt="Product Image"></a><p>Krafty Soft Cover Blank Notebook Journal, Spiral Sketchbook Pad, Drawing Book, 60 Sheets/140gsm (A4)/120 Pages</p><p>$7.99</p><a href="https://www.amazon.com/dp/B08P3F46SD?tag=eloabder-20&linkCode=osi&th=1&psc=1">View Product</a></div><div class="product"><a href="https://www.amazon.com/dp/B0CWNPMC4T?tag=eloabder-20&linkCode=osi&th=1&psc=1"><img src="https://m.media-amazon.com/images/I/31BZeVGe6TL._SL500_.jpg" alt="Product Image"></a><p>zmybcpack 5 Pack Blank Journal Notebooks, Blank Paper Sketchbook for Drawing Writing, Travel Journal Notebook Kraft Paper Notebook for Travelers, Students, Office, A5, 8.26” x 5.5”, 60 Pages/30 Sheets</p><p>$8.99</p><a href="https://www.amazon.com/dp/B0CWNPMC4T?tag=eloabder-20&linkCode=osi&th=1&psc=1">View Product</a></div><div class="product"><a href="https://www.amazon.com/dp/B07WHYP9WN?tag=eloabder-20&linkCode=osi&th=1&psc=1"><img src="https://m.media-amazon.com/images/I/41ZhyCux1yL._SL500_.jpg" alt="Product Image"></a><p>Thick Blank Journal Notebook with Unlined / Unruled / Plain Pages | Deluxe 120gsm Ink Resistant Paper for Writing, Sketch Book, 160 Pages | Hardcover Sketchbook with Pen Holder, Pocket, Ribbon (Black)</p><p>$14.99</p><a href="https://www.amazon.com/dp/B07WHYP9WN?tag=eloabder-20&linkCode=osi&th=1&psc=1">View Product</a></div>
<div class="product"><a href="https://www.amazon.com/dp/B07MT7HKZW?tag=eloabder-20&linkCode=osi&th=1&psc=1"><img src="https://m.media-amazon.com/images/I/413JwH5JREL._SL500_.jpg" alt="Product Image"></a><p>Spiral Sketch Book Large Notebook（Built-in Drawing Board） Kraft Cover Blank Sketch Pad Wirebound Sketching for Drawing Painting 8.5x11-Inch (2 Pack) 200 Sheets, 100 Sheets, 200Pages Each</p><p>$17.99 ($9.00 / Count)</p><a href="https://www.amazon.com/dp/B07MT7HKZW?tag=eloabder-20&linkCode=osi&th=1&psc=1">View Product</a></div><div class="product"><a href="https://www.amazon.com/dp/B0BDQ82WB9?tag=eloabder-20&linkCode=osi&th=1&psc=1"><img src="https://m.media-amazon.com/images/I/51FoWr3GPwL._SL500_.jpg" alt="Product Image"></a><p>feela 170 Pack Blank Kraft Notebooks, Unlined Sketchbook Mini Cute Note Pad for Drawing Writing, Journal Bulk For Kids Students Office School Supplies, A6, 48 Pages, 4.25” X 5.5”, Black and Brown</p><p>$51.99</p><a href="https://www.amazon.com/dp/B0BDQ82WB9?tag=eloabder-20&linkCode=osi&th=1&psc=1">View Product</a></div><div class="product"><a href="https://www.amazon.com/dp/B0B3WWHWT2?tag=eloabder-20&linkCode=osi&th=1&psc=1"><img src="https://m.media-amazon.com/images/I/31m0FzXtPxL._SL500_.jpg" alt="Product Image"></a><p>Tamaki 6 Pack Colorful Blank Books for kids to Write, Drawing, Cute Sketchbook for Kid, 6 Colors (4.25 x 5.5 Inches)</p><p>$6.99</p><a href="https://www.amazon.com/dp/B0B3WWHWT2?tag=eloabder-20&linkCode=osi&th=1&psc=1">View Product</a></div>
<div class="product"><a href="https://www.amazon.com/dp/B0BGH2P9M6?tag=eloabder-20&linkCode=osi&th=1&psc=1"><img src="https://m.media-amazon.com/images/I/41ozOaYoHEL._SL500_.jpg" alt="Product Image"></a><p>EOOUT 100pcs A5 Kraft Notebooks, Blank Page Journals in Bulk, Sketchbooks Bulk for Kids, 60 Pages, 80GSM, 8.3 X 5.5 Inch, Travel Journal Set, for Art Camp, Travelers, Students and Office Supplies</p><p>$51.99</p><a href="https://www.amazon.com/dp/B0BGH2P9M6?tag=eloabder-20&linkCode=osi&th=1&psc=1">View Product</a></div><div class="product"><a href="https://www.amazon.com/dp/B07MT99F94?tag=eloabder-20&linkCode=osi&th=1&psc=1"><img src="https://m.media-amazon.com/images/I/41Ug7gpSWDL._SL500_.jpg" alt="Product Image"></a><p>Spiral Sketch Book Large Notebook（Built-in Drawing Board） Kraft Cover Blank Sketch Pad Wirebound Sketching for Drawing Painting 8.5x11-Inch (1 Pack) 200 Pages, 100 Sheets</p><p>$9.99</p><a href="https://www.amazon.com/dp/B07MT99F94?tag=eloabder-20&linkCode=osi&th=1&psc=1">View Product</a></div><div class="product"><a href="https://www.amazon.com/dp/B07CM32KLM?tag=eloabder-20&linkCode=osi&th=1&psc=1"><img src="https://m.media-amazon.com/images/I/41ENhBLE9DL._SL500_.jpg" alt="Product Image"></a><p>Kraft Cover Drawing Notebook & Sketchbook – Set of 2 Blank Plain Sketch Books – 125g Thick Paper A5 Size, 150x210mm Paper Ideal for Drawing & Sketching- 128 sheets/256 pages – 180 Degree Opening, 2pcs</p><p>$20.99 ($0.08 / Count)</p><a href="https://www.amazon.com/dp/B07CM32KLM?tag=eloabder-20&linkCode=osi&th=1&psc=1">View Product</a></div><div class="product"><a href="https://www.amazon.com/dp/B08ZLMLF7C?tag=eloabder-20&linkCode=osi&th=1&psc=1"><img src="https://m.media-amazon.com/images/I/41X-5yj83vL._SL500_.jpg" alt="Product Image"></a><p>BEECHMORE BOOKS Sketch Book, A4 8.5 x 11.5 inch Blank Sketchbook for Drawing, Paint and Draw, 156 Pages Thick Paper 160gsm, Hardcover Leather Art Notebook, Boxed for Gifts (Chestnut Brown)</p><p>$21.20</p><a href="https://www.amazon.com/dp/B08ZLMLF7C?tag=eloabder-20&linkCode=osi&th=1&psc=1">View Product</a></div>
<div class="product"><a href="https://www.amazon.com/dp/B075M9MSFH?tag=eloabder-20&linkCode=osi&th=1&psc=1"><img src="https://m.media-amazon.com/images/I/51x+szTX6TL._SL500_.jpg" alt="Product Image"></a><p>Bianyo Bleedproof Marker Paper Pad, A4(8.27"X11.69"), 50 Sheets, 18 LB / 70 GSM, Glue-Bound, 100% Cotton, White, Ideal for Use with Markers and Ink Mediums</p><p>$9.99</p><a href="https://www.amazon.com/dp/B075M9MSFH?tag=eloabder-20&linkCode=osi&th=1&psc=1">View Product</a></div><div class="product"><a href="https://www.amazon.com/dp/B08FX5S2NL?tag=eloabder-20&linkCode=osi&th=1&psc=1"><img src="https://m.media-amazon.com/images/I/41CA0ZfazKL._SL500_.jpg" alt="Product Image"></a><p>Marker Paper Sketchbook, Bleedproof Art Marker Pad, (8.27 X 11.69) Inch, White, 40 Sheets</p><p>$6.99</p><a href="https://www.amazon.com/dp/B08FX5S2NL?tag=eloabder-20&linkCode=osi&th=1&psc=1">View Product</a></div><div class="product"><a href="https://www.amazon.com/dp/B0CJRBFSJ8?tag=eloabder-20&linkCode=osi&th=1&psc=1"><img src="https://m.media-amazon.com/images/I/51DLA8TpwEL._SL500_.jpg" alt="Product Image"></a><p>Shuttle Art Marker Pad, 8.3”x8.9” Portable Square Sketchbook, 80 Sheets Marker Drawing Paper, 120LB/200GSM Bleedproof Art Paper, Spiral-Bound, Great for Professional Artist to Draw, Paint & Sketch</p><p>$16.99</p><a href="https://www.amazon.com/dp/B0CJRBFSJ8?tag=eloabder-20&linkCode=osi&th=1&psc=1">View Product</a></div><div class="product"><a href="https://www.amazon.com/dp/B09N7VX5Z5?tag=eloabder-20&linkCode=osi&th=1&psc=1"><img src="https://m.media-amazon.com/images/I/51xCPs9HZyL._SL500_.jpg" alt="Product Image"></a><p>Marker Paper Sketchbook - Marker Sketchbook with Bleedproof Smooth Coated Art Paper, 120 GSM 80 LBS - Marker Pad for Alcohol Markers, Sketching, Drawing - 8.11 x 8.5 Inch | 50 Sheets, 2 Pack</p><p>$15.99 ($8.00 / Count)</p><a href="https://www.amazon.com/dp/B09N7VX5Z5?tag=eloabder-20&linkCode=osi&th=1&psc=1">View Product</a></div><div class="product"><a href="https://www.amazon.com/dp/B07CK94W9T?tag=eloabder-20&linkCode=osi&th=1&psc=1"><img src="https://m.media-amazon.com/images/I/41ocoSNDjdL._SL500_.jpg" alt="Product Image"></a><p>BOXUN Premium 50 Sheets Sketch Marker Paper Pad, Bleedproof Artist Drawing Paper, 8.27 x 11.69 Inch</p><p>$8.29 ($0.17 / Count)</p><a href="https://www.amazon.com/dp/B07CK94W9T?tag=eloabder-20&linkCode=osi&th=1&psc=1">View Product</a></div><div class="product"><a href="https://www.amazon.com/dp/B0CPXWD11W?tag=eloabder-20&linkCode=osi&th=1&psc=1"><img src="https://m.media-amazon.com/images/I/51ApKzpDVNL._SL500_.jpg" alt="Product Image"></a><p>FEITAKE Marker Paper Pad Sketchbook Bleedproof for Alcohol Markers 120lb/200gsm Double Sided Thick Art Drawing Papers 60pages (30Sheets) / A4(8.3"x11.7") Gift for Artists Students Kids</p><p>$13.99 ($0.47 / Count)</p><a href="https://www.amazon.com/dp/B0CPXWD11W?tag=eloabder-20&linkCode=osi&th=1&psc=1">View Product</a></div><div class="product"><a href="https://www.amazon.com/dp/B0025TWYW6?tag=eloabder-20&linkCode=osi&th=1&psc=1"><img src="https://m.media-amazon.com/images/I/51t6UkUHCvL._SL500_.jpg" alt="Product Image"></a><p>Bee Paper Bleedproof Marker Pack, 8-1/2-Inch by 11-Inch, 50 Sheets per Pack</p><p>$17.09 ($0.34 / Count)</p><a href="https://www.amazon.com/dp/B0025TWYW6?tag=eloabder-20&linkCode=osi&th=1&psc=1">View Product</a></div><div class="product"><a href="https://www.amazon.com/dp/B0CJRBYYQB?tag=eloabder-20&linkCode=osi&th=1&psc=1"><img src="https://m.media-amazon.com/images/I/41knBnjZ25L._SL500_.jpg" alt="Product Image"></a><p>Shuttle Art Marker Pad, 8.3”x7.67” Portable Square Sketchbook, 50 Sheets Marker Drawing Paper, 60LB/90GSM Smooth Surface Bleedproof Art Paper, Glue-Bound, Great for Beginners to Draw, Paint & Sketch</p><p>$8.99 ($0.18 / Count)</p><a href="https://www.amazon.com/dp/B0CJRBYYQB?tag=eloabder-20&linkCode=osi&th=1&psc=1">View Product</a></div>
<div class="product"><a href="https://www.amazon.com/dp/B00881IU8M?tag=eloabder-20&linkCode=osi&th=1&psc=1"><img src="https://m.media-amazon.com/images/I/41hbSgdLBtL._SL500_.jpg" alt="Product Image"></a><p>Speedball Fabric & Paper Block Printing Ink 6-Color Set, 1.25-Ounce x 6</p><p>$28.99 ($28.99 / Count)</p><a href="https://www.amazon.com/dp/B00881IU8M?tag=eloabder-20&linkCode=osi&th=1&psc=1">View Product</a></div><div class="product"><a href="https://www.amazon.com/dp/B000J09PFM?tag=eloabder-20&linkCode=osi&th=1&psc=1"><img src="https://m.media-amazon.com/images/I/51yPRc4nvoL._SL500_.jpg" alt="Product Image"></a><p>Speedball Water-Soluble Block Printing Ink Starter Set, 6 Bold Colors with Satin Finish, 1.25-Ounce Tubes</p><p>$29.99 ($4.00 / Fl Oz)</p><a href="https://www.amazon.com/dp/B000J09PFM?tag=eloabder-20&linkCode=osi&th=1&psc=1">View Product</a></div><div class="product"><a href="https://www.amazon.com/dp/B000BYT24U?tag=eloabder-20&linkCode=osi&th=1&psc=1"><img src="https://m.media-amazon.com/images/I/51pDlo+LlKL._SL500_.jpg" alt="Product Image"></a><p>Speedball Water-Soluble Block Printing Ink, 8-Ounce Jar, Black</p><p>$14.49</p><a href="https://www.amazon.com/dp/B000BYT24U?tag=eloabder-20&linkCode=osi&th=1&psc=1">View Product</a></div><div class="product"><a href="https://www.amazon.com/dp/B00C1JUJWW?tag=eloabder-20&linkCode=osi&th=1&psc=1"><img src="https://m.media-amazon.com/images/I/41zDtJ6f5hL._SL500_.jpg" alt="Product Image"></a><p>Speedball Fabric Block Printing Ink, 2.5-Ounce, Black</p><p>$9.99 ($4.00 / Fl Oz)</p><a href="https://www.amazon.com/dp/B00C1JUJWW?tag=eloabder-20&linkCode=osi&th=1&psc=1">View Product</a></div><div class="product"><a href="https://www.amazon.com/dp/B004PZ1ZJG?tag=eloabder-20&linkCode=osi&th=1&psc=1"><img src="https://m.media-amazon.com/images/I/41+GkhhpR5L._SL500_.jpg" alt="Product Image"></a><p>Speedball Water-Soluble Block Printing Ink Starter Set, 4-Color Set, 1.25-Ounce Tubes</p><p>$20.99</p><a href="https://www.amazon.com/dp/B004PZ1ZJG?tag=eloabder-20&linkCode=osi&th=1&psc=1">View Product</a></div><div class="product"><a href="https://www.amazon.com/dp/B0017CZF3C?tag=eloabder-20&linkCode=osi&th=1&psc=1"><img src="https://m.media-amazon.com/images/I/41S17SYPAZL._SL500_.jpg" alt="Product Image"></a><p>Speedball Water Soluble Block Printing Ink, Black, 2-1/2 Ounces - 380663</p><p>$9.99</p><a href="https://www.amazon.com/dp/B0017CZF3C?tag=eloabder-20&linkCode=osi&th=1&psc=1">View Product</a></div><div class="product"><a href="https://www.amazon.com/dp/B0BXNX8FSH?tag=eloabder-20&linkCode=osi&th=1&psc=1"><img src="https://m.media-amazon.com/images/I/51JGm1VxVOL._SL500_.jpg" alt="Product Image"></a><p>Falling in Art Water-Soluble Block Printing Ink, 6-Color Printmaking Ink Set for Linoleum Block, 3.5 floz</p><p>$28.99</p><a href="https://www.amazon.com/dp/B0BXNX8FSH?tag=eloabder-20&linkCode=osi&th=1&psc=1">View Product</a></div><div class="product"><a href="https://www.amazon.com/dp/B0027ACJBO?tag=eloabder-20&linkCode=osi&th=1&psc=1"><img src="https://m.media-amazon.com/images/I/41OzayB9ojL._SL500_.jpg" alt="Product Image"></a><p>Speedball 3476 Oil-Based Block Printing Ink Starter Set for Professional, Permanent Prints AP Certified – 1.25 FL OZ Tubes</p><p>$33.99</p><a href="https://www.amazon.com/dp/B0027ACJBO?tag=eloabder-20&linkCode=osi&th=1&psc=1">View Product</a></div>
<div class="product"><a href="https://www.amazon.com/dp/B0027AGDWK?tag=eloabder-20&linkCode=osi&th=1&psc=1"><img src="https://m.media-amazon.com/images/I/515LDer6GPL._SL500_.jpg" alt="Product Image"></a><p>Speedball Deluxe Block Printing Kit - Includes Inks, Brayer, Bench Hook, Lino Handle and Cutters, Speedy-Carve Block, Mounted Linoleum Block</p><p>$59.99</p><a href="https://www.amazon.com/dp/B0027AGDWK?tag=eloabder-20&linkCode=osi&th=1&psc=1">View Product</a></div><div class="product"><a href="https://www.amazon.com/dp/B07ZJBZN5S?tag=eloabder-20&linkCode=osi&th=1&psc=1"><img src="https://m.media-amazon.com/images/I/41UbN58y9uS._SL500_.jpg" alt="Product Image"></a><p>SGHUO 12pcs 4"x6" Pink Rubber Carving Blocks Linoleum Block Stamp Making Kit</p><p>$22.99 ($1.92 / Count)</p><a href="https://www.amazon.com/dp/B07ZJBZN5S?tag=eloabder-20&linkCode=osi&th=1&psc=1">View Product</a></div>
<div class="product"><a href="https://www.amazon.com/dp/B00L2DYUM8?tag=eloabder-20&linkCode=osi&th=1&psc=1"><img src="https://m.media-amazon.com/images/I/51l5FZ0+5AL._SL500_.jpg" alt="Product Image"></a><p>Strathmore 300 Series Printmaking Paper Pad, Glue Bound, 5x7 inches, 40 Sheets (120g) - Artist Paper for Adults and Students - Block Printing, Linocut, Screen Printing, White</p><p>$7.26</p><a href="https://www.amazon.com/dp/B00L2DYUM8?tag=eloabder-20&linkCode=osi&th=1&psc=1">View Product</a></div><div class="product"><a href="https://www.amazon.com/dp/B07BSYS5XC?tag=eloabder-20&linkCode=osi&th=1&psc=1"><img src="https://m.media-amazon.com/images/I/51Uwfq0jv+L._SL500_.jpg" alt="Product Image"></a><p>Ucreate Printmaking Paper, 9"x12", White, 100 Sheet, P9001</p><p>$9.79</p><a href="https://www.amazon.com/dp/B07BSYS5XC?tag=eloabder-20&linkCode=osi&th=1&psc=1">View Product</a></div><div class="product"><a href="https://www.amazon.com/dp/B00K5562WA?tag=eloabder-20&linkCode=osi&th=1&psc=1"><img src="https://m.media-amazon.com/images/I/51Dm+TeJGdL._SL500_.jpg" alt="Product Image"></a><p>Strathmore Printmaking Paper Pad 8"X10"-20 Sheets -62433800, White</p><p>$10.19</p><a href="https://www.amazon.com/dp/B00K5562WA?tag=eloabder-20&linkCode=osi&th=1&psc=1">View Product</a></div><div class="product"><a href="https://www.amazon.com/dp/B001DNH8I0?tag=eloabder-20&linkCode=osi&th=1&psc=1"><img src="https://m.media-amazon.com/images/I/51UzoKdUojL._SL500_.jpg" alt="Product Image"></a><p>Black Ink 9-Inch by 12-Inch Bleached Mulberry Block Printing Paper, 25-Pack</p><p>$19.35 ($0.77 / Count)</p><a href="https://www.amazon.com/dp/B001DNH8I0?tag=eloabder-20&linkCode=osi&th=1&psc=1">View Product</a></div><div class="product"><a href="https://www.amazon.com/dp/B00C6G6L5Y?tag=eloabder-20&linkCode=osi&th=1&psc=1"><img src="https://m.media-amazon.com/images/I/5103h0Rm8sL._SL500_.jpg" alt="Product Image"></a><p>Black Ink Thai Mulberry Block Printing Paper Packs small assorted colors</p><p>$21.99</p><a href="https://www.amazon.com/dp/B00C6G6L5Y?tag=eloabder-20&linkCode=osi&th=1&psc=1">View Product</a></div>
<div class="product"><a href="https://www.amazon.com/dp/B003IG27OK?tag=eloabder-20&linkCode=osi&th=1&psc=1"><img src="https://m.media-amazon.com/images/I/416NUaYo1DL._SL500_.jpg" alt="Product Image"></a><p>Speedball Block Printing Baren - Comfortable Wooden Handle, Made in the USA - 4 Inches</p><p>$29.49</p><a href="https://www.amazon.com/dp/B003IG27OK?tag=eloabder-20&linkCode=osi&th=1&psc=1">View Product</a></div>
<div class="product"><a href="https://www.amazon.com/dp/B0CMZYY8CJ?tag=eloabder-20&linkCode=osi&th=1&psc=1"><img src="https://m.media-amazon.com/images/I/41TifSIP7SL._SL500_.jpg" alt="Product Image"></a><p>Ecoofor Blotting Paper for Flower Press, 20 Sheets Highly Absorbent and Reusable Blotter Paper for Flower Press Paper Craft 9 x 9 inch</p><p>$9.99</p><a href="https://www.amazon.com/dp/B0CMZYY8CJ?tag=eloabder-20&linkCode=osi&th=1&psc=1">View Product</a></div><div class="product"><a href="https://www.amazon.com/dp/B0CYRT3RM4?tag=eloabder-20&linkCode=osi&th=1&psc=1"><img src="https://m.media-amazon.com/images/I/31+qvVq3giL._SL500_.jpg" alt="Product Image"></a><p>Hygge & Sage Premium Natural Fiber Blotting Paper for Flower Press Art; 20 Large Sheets for a Press up to 8x11 Inches; Absorbent, Versatile, and Acid-Free Reusable Blotter Paper for Flower Pressing</p><p>$9.50 ($0.48 / Count)</p><a href="https://www.amazon.com/dp/B0CYRT3RM4?tag=eloabder-20&linkCode=osi&th=1&psc=1">View Product</a></div><div class="product"><a href="https://www.amazon.com/dp/B0D41GDLHM?tag=eloabder-20&linkCode=osi&th=1&psc=1"><img src="https://m.media-amazon.com/images/I/41LIF5dHXaL._SL500_.jpg" alt="Product Image"></a><p>Aboofx 20 Sheets Blotting Paper for Flower Press, 15" x 10" Extra Large Highly Absorbent Blotter Paper for Flower Press Reusable Herbarium Paper Craft Blotter Paper Sheets</p><p>$19.99</p><a href="https://www.amazon.com/dp/B0D41GDLHM?tag=eloabder-20&linkCode=osi&th=1&psc=1">View Product</a></div><div class="product"><a href="https://www.amazon.com/dp/B0CQMMYSBR?tag=eloabder-20&linkCode=osi&th=1&psc=1"><img src="https://m.media-amazon.com/images/I/413SlUi6IDL._SL500_.jpg" alt="Product Image"></a><p>Wisreach Blotting Paper for Flower Press, 20 Sheets Flower Press Paper Highly Absorbent and Reusable Blotter Paper for Flower Art A4 Size 8.26 x 11.4 inch</p><p>$9.99</p><a href="https://www.amazon.com/dp/B0CQMMYSBR?tag=eloabder-20&linkCode=osi&th=1&psc=1">View Product</a></div><div class="product"><a href="https://www.amazon.com/dp/B093FQ22PG?tag=eloabder-20&linkCode=osi&th=1&psc=1"><img src="https://m.media-amazon.com/images/I/41B2jXhe+QL._SL500_.jpg" alt="Product Image"></a><p>Blotting Paper for Flower Press by Berstuk® • Large A4 Flower Press Paper • Highly Absorbent and Reusable Herbarium Paper • Pack of 10 Blotter Paper Sheets</p><p>$6.99 ($69.90 / 100 Sheets)</p><a href="https://www.amazon.com/dp/B093FQ22PG?tag=eloabder-20&linkCode=osi&th=1&psc=1">View Product</a></div><div class="product"><a href="https://www.amazon.com/dp/B0C6PW4VGB?tag=eloabder-20&linkCode=osi&th=1&psc=1"><img src="https://m.media-amazon.com/images/I/21C64VB3iVL._SL500_.jpg" alt="Product Image"></a><p>PATIKIL 16"x12" Flower Press Paper, 1 Set/30 Sheet Refill Lining Blotter Paper Absorbent Reusable Blotting Paper for DIY Art Handicraft Scrapbook</p><p>$11.19</p><a href="https://www.amazon.com/dp/B0C6PW4VGB?tag=eloabder-20&linkCode=osi&th=1&psc=1">View Product</a></div><div class="product"><a href="https://www.amazon.com/dp/B0C6PTK915?tag=eloabder-20&linkCode=osi&th=1&psc=1"><img src="https://m.media-amazon.com/images/I/21UviFCGjtL._SL500_.jpg" alt="Product Image"></a><p>PATIKIL 12"x8" Flower Press Paper, 2 Set/60 Sheet Refill Lining Blotter Paper Absorbent Reusable Blotting Paper for DIY Art Handicraft Scrapbook</p><p>$13.69</p><a href="https://www.amazon.com/dp/B0C6PTK915?tag=eloabder-20&linkCode=osi&th=1&psc=1">View Product</a></div><div class="product"><a href="https://www.amazon.com/dp/B0CDJZ4MD7?tag=eloabder-20&linkCode=osi&th=1&psc=1"><img src="https://m.media-amazon.com/images/I/41iwkW+QQOL._SL500_.jpg" alt="Product Image"></a><p>30 PCS Blotting Paper for Flower Press Large A4 Flower Press Paper Highly Absorbent and Reusable Blotter Paper Refill Lining Paper for Flower Press Art Craft Scrapbook Making, 11.8 x 7.9 Inches Blue</p><p>$9.99</p><a href="https://www.amazon.com/dp/B0CDJZ4MD7?tag=eloabder-20&linkCode=osi&th=1&psc=1">View Product</a></div>

<div class="product"><a href="https://www.amazon.com/dp/B0D2T4F1DZ?tag=eloabder-20&linkCode=osi&th=1&psc=1"><img src="https://m.media-amazon.com/images/I/41KNcatyBWL._SL500_.jpg" alt="Product Image"></a><p>10pcs Book Cloth,14”x10”,Fabric Surface and Paper Backed, book cloth for book binding,book binding fabric,5 Colors Bookbinding Cloth for DIY fabric book cover,bookbinding paper (Style B)</p><p>$9.99</p><a href="https://www.amazon.com/dp/B0D2T4F1DZ?tag=eloabder-20&linkCode=osi&th=1&psc=1">View Product</a></div><div class="product"><a href="https://www.amazon.com/dp/B0CMD2LWR8?tag=eloabder-20&linkCode=osi&th=1&psc=1"><img src="https://m.media-amazon.com/images/I/31QVUZVSB+L._SL500_.jpg" alt="Product Image"></a><p>Mozeat Lens 33 ft Bookbinding Tape Book Tape Repair Book Binding Tape Cloth Book Repair Kit 2 Inch Wide Book Spine Tape Cloth Bookbinding Repair Tape White Book Tape for Reinforcing Book Spine Tape</p><p>$7.99</p><a href="https://www.amazon.com/dp/B0CMD2LWR8?tag=eloabder-20&linkCode=osi&th=1&psc=1">View Product</a></div><div class="product"><a href="https://www.amazon.com/dp/B0D1KC168C?tag=eloabder-20&linkCode=osi&th=1&psc=1"><img src="https://m.media-amazon.com/images/I/31wWgk-1V4L._SL500_.jpg" alt="Product Image"></a><p>AKONEGE Book Cloth for Book Binding 35 x 16 Inch Fabric Surface and Paper Backed, Strong, Easy to Use, Fabric Materials Bookbinding Supplies Bookcloth for Scrapbooking Album DIY Crafts, Black</p><p>$9.99</p><a href="https://www.amazon.com/dp/B0D1KC168C?tag=eloabder-20&linkCode=osi&th=1&psc=1">View Product</a></div><div class="product"><a href="https://www.amazon.com/dp/B0BC48CCWW?tag=eloabder-20&linkCode=osi&th=1&psc=1"><img src="https://m.media-amazon.com/images/I/41vTc+L-XyL._SL500_.jpg" alt="Product Image"></a><p>Wooqu Book Cloth, Fabric Surface and Paper Backed, Easy to Use, Strong, 17x29”, for Book Binding, Dark Green</p><p>$13.99</p><a href="https://www.amazon.com/dp/B0BC48CCWW?tag=eloabder-20&linkCode=osi&th=1&psc=1">View Product</a></div><div class="product"><a href="https://www.amazon.com/dp/B00W3S7LU4?tag=eloabder-20&linkCode=osi&th=1&psc=1"><img src="https://m.media-amazon.com/images/I/41mUL1LmSHS._SL500_.jpg" alt="Product Image"></a><p>BookGuard 2 inch Premium Bookbinding Repair Cloth Tape, 15 Yard Roll Burgundy</p><p>$14.95</p><a href="https://www.amazon.com/dp/B00W3S7LU4?tag=eloabder-20&linkCode=osi&th=1&psc=1">View Product</a></div>

<div class="product"><a href="https://www.amazon.com/dp/B08217DGL7?tag=eloabder-20&linkCode=osi&th=1&psc=1"><img src="https://m.media-amazon.com/images/I/51Gy-qfph7L._SL500_.jpg" alt="Product Image"></a><p>24 Colors Waxed Thread, Leather Sewing Thread,Hand Stitching Thread for Hand Sewing Leather and Bookbinding, 13Yards Per Color</p><p>$11.99 ($0.01 / Foot)</p><a href="https://www.amazon.com/dp/B08217DGL7?tag=eloabder-20&linkCode=osi&th=1&psc=1">View Product</a></div><div class="product"><a href="https://www.amazon.com/dp/B08GCHJ3FP?tag=eloabder-20&linkCode=osi&th=1&psc=1"><img src="https://m.media-amazon.com/images/I/41TK-XNxTFL._SL500_.jpg" alt="Product Image"></a><p>FANDOL 100% Natural Linen Thread Waxed thread for Bookbingding, Leather Sewing, Beading or Macrame (Natural)</p><p>$14.98</p><a href="https://www.amazon.com/dp/B08GCHJ3FP?tag=eloabder-20&linkCode=osi&th=1&psc=1">View Product</a></div><div class="product"><a href="https://www.amazon.com/dp/B0025U108E?tag=eloabder-20&linkCode=osi&th=1&psc=1"><img src="https://m.media-amazon.com/images/I/4172yrURiVL._SL500_.jpg" alt="Product Image"></a><p>Books by Hand Linen Thread, Archival Quality Natural Unbleached and Unwaxed, 50 Yards 35/3 Gauge, Ideal for Bookbinding and Sewing Signatures</p><p>$9.47</p><a href="https://www.amazon.com/dp/B0025U108E?tag=eloabder-20&linkCode=osi&th=1&psc=1">View Product</a></div><div class="product"><a href="https://www.amazon.com/dp/B08S78KLRN?tag=eloabder-20&linkCode=osi&th=1&psc=1"><img src="https://m.media-amazon.com/images/I/413NGMtJdrL._SL500_.jpg" alt="Product Image"></a><p>Jupean Waxed Thread, 150m /164Yards Beige Leather Waxed Thread, Leather Sewing Thread, Hand Stitching Thread for Hand Sewing Leather, Bookbinding, and Beginners Leather Craft DIY</p><p>$6.49 ($0.01 / Foot)</p><a href="https://www.amazon.com/dp/B08S78KLRN?tag=eloabder-20&linkCode=osi&th=1&psc=1">View Product</a></div><div class="product"><a href="https://www.amazon.com/dp/B015D9E6UM?tag=eloabder-20&linkCode=osi&th=1&psc=1"><img src="https://m.media-amazon.com/images/I/51VnWPI+Q5L._SL500_.jpg" alt="Product Image"></a><p>Lineco, Natural Waxed Linen Thread 20 Yards, Books by Hand Natural, Black, Brown Color for Sewing, Bookbinding (3/Pkg)</p><p>$13.77</p><a href="https://www.amazon.com/dp/B015D9E6UM?tag=eloabder-20&linkCode=osi&th=1&psc=1">View Product</a></div>
<div class="product"><a href="https://www.amazon.com/dp/B0CMD53C1C?tag=eloabder-20&linkCode=osi&th=1&psc=1"><img src="https://m.media-amazon.com/images/I/31dU4wqS0rL._SL500_.jpg" alt="Product Image"></a><p>5-in-1 Bookbinding Kit,Book Cover Guide, Bookbinding Cover Tool, Stainless Steel Book Binding Kit, Bookbinding Ruler, Scrapbooking Tools for Making Book Cover Chipboard Covers Album Planner</p><p>$7.88</p><a href="https://www.amazon.com/dp/B0CMD53C1C?tag=eloabder-20&linkCode=osi&th=1&psc=1">View Product</a></div>
<div class="product"><a href="https://www.amazon.com/dp/B007TIEG6U?tag=eloabder-20&linkCode=osi&th=1&psc=1"><img src="https://m.media-amazon.com/images/I/31d6r6R5lGL._SL500_.jpg" alt="Product Image"></a><p>Handy Art Empty 2 ounce Marker Bottle, Dauber Tip and Cap, 12-Each (900-003) , White</p><p>$23.12 ($1.93 / Count)</p><a href="https://www.amazon.com/dp/B007TIEG6U?tag=eloabder-20&linkCode=osi&th=1&psc=1">View Product</a></div>
<div class="product"><a href="https://www.amazon.com/dp/B07YDNKSH6?tag=eloabder-20&linkCode=osi&th=1&psc=1"><img src="https://m.media-amazon.com/images/I/41JGrHa7mSL._SL500_.jpg" alt="Product Image"></a><p>4-Inch Rubber Brayer Roller for Printmaking, Great for Gluing Application Also. (Original Version)</p><p>$6.99</p><a href="https://www.amazon.com/dp/B07YDNKSH6?tag=eloabder-20&linkCode=osi&th=1&psc=1">View Product</a></div>
<div class="product"><a href="https://www.amazon.com/dp/B005U7BNPE?tag=eloabder-20&linkCode=osi&th=1&psc=1"><img src="https://m.media-amazon.com/images/I/418YfTClSxL._SL500_.jpg" alt="Product Image"></a><p>Apple Barrel Acrylic Paint in Assorted Colors (2 oz), 20513, Bright Yellow</p><p>$0.58 ($0.29 / Fl Oz)</p><a href="https://www.amazon.com/dp/B005U7BNPE?tag=eloabder-20&linkCode=osi&th=1&psc=1">View Product</a></div><div class="product"><a href="https://www.amazon.com/dp/B099DWCRZ5?tag=eloabder-20&linkCode=osi&th=1&psc=1"><img src="https://m.media-amazon.com/images/I/41rr5hT-8TL._SL500_.jpg" alt="Product Image"></a><p>milo Fluorescent Acrylic Paint Set of 6 Colors | 4 oz Bottles | Student Neon Colors Acrylics Painting Pack | Made in the USA | Non-Toxic Art & Craft Paints for Artists, Kids, & Hobby Painters</p><p>$22.90 ($0.95 / Fl Oz)</p><a href="https://www.amazon.com/dp/B099DWCRZ5?tag=eloabder-20&linkCode=osi&th=1&psc=1">View Product</a></div><div class="product"><a href="https://www.amazon.com/dp/B07ZPPPWPL?tag=eloabder-20&linkCode=osi&th=1&psc=1"><img src="https://m.media-amazon.com/images/I/51Vqk2rrZwL._SL500_.jpg" alt="Product Image"></a><p>Apple Barrel, Pastel Dreams & Vivid Wonders Collection Acrylic Craft Paint, PROMOTCK, 2 fl oz each, 18 assorted matte colors, 18 count</p><p>$22.66 ($0.63 / Fl Oz)</p><a href="https://www.amazon.com/dp/B07ZPPPWPL?tag=eloabder-20&linkCode=osi&th=1&psc=1">View Product</a></div><div class="product"><a href="https://www.amazon.com/dp/B0CKQR52XC?tag=eloabder-20&linkCode=osi&th=1&psc=1"><img src="https://m.media-amazon.com/images/I/51WTPlhN2WL._SL500_.jpg" alt="Product Image"></a><p>ARTME Glow in The Dark Paint, 10 Bright Colors 60ml/2oz Blacklight Paint Set, Neon Craft Paint, Acrylic Glow Fluorescent Paint Perfect for Art Painting, DIY projects, Halloween and Christmas</p><p>$23.99 ($1.20 / Fl Oz)</p><a href="https://www.amazon.com/dp/B0CKQR52XC?tag=eloabder-20&linkCode=osi&th=1&psc=1">View Product</a></div><div class="product"><a href="https://www.amazon.com/dp/B09XXHBL3Y?tag=eloabder-20&linkCode=osi&th=1&psc=1"><img src="https://m.media-amazon.com/images/I/51taBeDdeIL._SL500_.jpg" alt="Product Image"></a><p>Fantastory Glow in the Dark Acrylic Paint, 10 Extra Bright Colors, 30ml/1oz Waterproof Glow in Dark Paint,Indoor Outdoor Blacklight Paint for Kids,Adults, Rocks,Walls,Halloween,Craft &Fabric</p><p>$9.99 ($1.00 / Fl Oz)</p><a href="https://www.amazon.com/dp/B09XXHBL3Y?tag=eloabder-20&linkCode=osi&th=1&psc=1">View Product</a></div><div class="product"><a href="https://www.amazon.com/dp/B0BS3JM8ZR?tag=eloabder-20&linkCode=osi&th=1&psc=1"><img src="https://m.media-amazon.com/images/I/51S8FteGgPL._SL500_.jpg" alt="Product Image"></a><p>Acrylic Paint, Shuttle Art 24 Colors Acrylic Paint Bottle Set, 250ml/8.45oz Each, Rich Pigments, High Viscosity, Bulk Paint for Artists, Beginners and Kids Painting on Rocks Crafts Canvas Wood Ceramic</p><p>$49.99 ($0.25 / Fl Oz)</p><a href="https://www.amazon.com/dp/B0BS3JM8ZR?tag=eloabder-20&linkCode=osi&th=1&psc=1">View Product</a></div><div class="product"><a href="https://www.amazon.com/dp/B00CIW3EDI?tag=eloabder-20&linkCode=osi&th=1&psc=1"><img src="https://m.media-amazon.com/images/I/41PMnxyBo5L._SL500_.jpg" alt="Product Image"></a><p>FolkArt Multi-Surface Acrylic Paint in Assorted Colors (2 oz), 2896, Bright Pink</p><p>$1.47 ($0.74 / Fl Oz)</p><a href="https://www.amazon.com/dp/B00CIW3EDI?tag=eloabder-20&linkCode=osi&th=1&psc=1">View Product</a></div><div class="product"><a href="https://www.amazon.com/dp/B085ZB5ZK9?tag=eloabder-20&linkCode=osi&th=1&psc=1"><img src="https://m.media-amazon.com/images/I/51nmRq1eicL._SL500_.jpg" alt="Product Image"></a><p>FolkArt 4 Bottle Multi-Surface Acrylic Paint Set, 2oz, Neon Blacklight Colors</p><p>$8.12 ($1.02 / Fl Oz)</p><a href="https://www.amazon.com/dp/B085ZB5ZK9?tag=eloabder-20&linkCode=osi&th=1&psc=1">View Product</a></div><div class="product"><a href="https://www.amazon.com/dp/B08N585VN5?tag=eloabder-20&linkCode=osi&th=1&psc=1"><img src="https://m.media-amazon.com/images/I/51nwFBdxwVL._SL500_.jpg" alt="Product Image"></a><p>Acrylic Paint Set Value Pack of 12 Colors | Craft Painting Kit with 2 oz Squeeze Bottles for Beginners, Artists, Professionals | Non-Toxic Water Based Paints for Canvas, Paper, Wood | Bright Hues</p><p>$11.99 ($0.50 / Fl Oz)</p><a href="https://www.amazon.com/dp/B08N585VN5?tag=eloabder-20&linkCode=osi&th=1&psc=1">View Product</a></div>
<div class="product"><a href="https://www.amazon.com/dp/B0009RRT9Y?tag=eloabder-20&linkCode=osi&th=1&psc=1"><img src="https://m.media-amazon.com/images/I/51ZhyYPOB5L._SL500_.jpg" alt="Product Image"></a><p>General Pencil Company The Masters Brush Cleaner & Preserver 2.5 0z.</p><p>$12.00</p><a href="https://www.amazon.com/dp/B0009RRT9Y?tag=eloabder-20&linkCode=osi&th=1&psc=1">View Product</a></div><div class="product"><a href="https://www.amazon.com/dp/B00F38YVQS?tag=eloabder-20&linkCode=osi&th=1&psc=1"><img src="https://m.media-amazon.com/images/I/51yjmSTzzML._SL500_.jpg" alt="Product Image"></a><p>B & J Original Brush Cleaner - 2.5 Oz/12ct Display</p><p>$12.77</p><a href="https://www.amazon.com/dp/B00F38YVQS?tag=eloabder-20&linkCode=osi&th=1&psc=1">View Product</a></div><div class="product"><a href="https://www.amazon.com/dp/B004BN7QQ8?tag=eloabder-20&linkCode=osi&th=1&psc=1"><img src="https://m.media-amazon.com/images/I/31fEWB-h4VL._SL500_.jpg" alt="Product Image"></a><p>Winsor & Newton Brush Cleaner & Restorer, 16.0-oz Bottle</p><p>$21.87 ($1.37 / Fl Oz)</p><a href="https://www.amazon.com/dp/B004BN7QQ8?tag=eloabder-20&linkCode=osi&th=1&psc=1">View Product</a></div><div class="product"><a href="https://www.amazon.com/dp/B09NCHL2LM?tag=eloabder-20&linkCode=osi&th=1&psc=1"><img src="https://m.media-amazon.com/images/I/31UzwasdL6L._SL500_.jpg" alt="Product Image"></a><p>U.S. Art Supply Brush Cleaner and Restorer, 4 Ounce Bottle - Quickly Cleans Paint Brushes, Airbrushes, Art Tools - Cleaning Solution to Remove Dried On Acrylic, Oil and Water-Based Paint Colors</p><p>$8.99 ($2.25 / Fl Oz)</p><a href="https://www.amazon.com/dp/B09NCHL2LM?tag=eloabder-20&linkCode=osi&th=1&psc=1">View Product</a></div><div class="product"><a href="https://www.amazon.com/dp/B09J8L55SK?tag=eloabder-20&linkCode=osi&th=1&psc=1"><img src="https://m.media-amazon.com/images/I/41qgWS2nSsL._SL500_.jpg" alt="Product Image"></a><p>Green Piece® Paint Brush Cleaner and Restorer for Art Paint Brushes - 100% Natural - Non-Toxic - Wet or Dry Paint - No Chemicals - Oil or Acrylic Paints, Wood and Metal - Amazing Power - 18 Oz</p><p>$19.88</p><a href="https://www.amazon.com/dp/B09J8L55SK?tag=eloabder-20&linkCode=osi&th=1&psc=1">View Product</a></div><div class="product"><a href="https://www.amazon.com/dp/B0027A79I2?tag=eloabder-20&linkCode=osi&th=1&psc=1"><img src="https://m.media-amazon.com/images/I/31J6S+mCjuL._SL500_.jpg" alt="Product Image"></a><p>Pink Soap 12-Ounce Paint Brush Cleaner and Conditioner, Solution Cleans and Restores, Removes Dried Paint on Airbrushes and Other Artist Tools & Supplies</p><p>$15.49 ($1.29 / Fl Oz)</p><a href="https://www.amazon.com/dp/B0027A79I2?tag=eloabder-20&linkCode=osi&th=1&psc=1">View Product</a></div><div class="product"><a href="https://www.amazon.com/dp/B0027AEANE?tag=eloabder-20&linkCode=osi&th=1&psc=1"><img src="https://m.media-amazon.com/images/I/51bHOLU1pVL._SL500_.jpg" alt="Product Image"></a><p>General Pencil General 105-BP Pencil Masters Brush Cleaner & Preserver, 1 Pack, Clear</p><p>$9.99 ($4.00 / Ounce)</p><a href="https://www.amazon.com/dp/B0027AEANE?tag=eloabder-20&linkCode=osi&th=1&psc=1">View Product</a></div>

<div class="product"><a href="https://www.amazon.com/dp/B00N9UUWLA?tag=eloabder-20&linkCode=osi&th=1&psc=1"><img src="https://m.media-amazon.com/images/I/41be4n09wZL._SL500_.jpg" alt="Product Image"></a><p>Pentel Arts Portable Pocket Brush Pen (Medium Point), 1Pen & 2Refills</p><p>$7.00</p><a href="https://www.amazon.com/dp/B00N9UUWLA?tag=eloabder-20&linkCode=osi&th=1&psc=1">View Product</a></div><div class="product"><a href="https://www.amazon.com/dp/B07DQ4292Y?tag=eloabder-20&linkCode=osi&th=1&psc=1"><img src="https://m.media-amazon.com/images/I/41-kgHpaPvL._SL500_.jpg" alt="Product Image"></a><p>Tombow 62039 Fudenosuke Brush Pens, 3-Pack. Soft, Hard, and Twin Tip Markers for Calligraphy and Art Drawings</p><p>$7.59 ($2.53 / Count)</p><a href="https://www.amazon.com/dp/B07DQ4292Y?tag=eloabder-20&linkCode=osi&th=1&psc=1">View Product</a></div><div class="product"><a href="https://www.amazon.com/dp/B0995FNMKW?tag=eloabder-20&linkCode=osi&th=1&psc=1"><img src="https://m.media-amazon.com/images/I/51kpGsTNvlL._SL500_.jpg" alt="Product Image"></a><p>WRITECH Arts Sign Brush Pen Brush Tip Marker Felt Tip Water Based Ink Color Pens 12 Assorted Vintage Colors Great for Lettering Journaling Calligraphy (Vintage)</p><p>$13.99 ($1.17 / Count)</p><a href="https://www.amazon.com/dp/B0995FNMKW?tag=eloabder-20&linkCode=osi&th=1&psc=1">View Product</a></div><div class="product"><a href="https://www.amazon.com/dp/B07H89R749?tag=eloabder-20&linkCode=osi&th=1&psc=1"><img src="https://m.media-amazon.com/images/I/51nTGZ-eAsL._SL500_.jpg" alt="Product Image"></a><p>Tombow Fudenosuke Brush Pen - Hard - 10 Colors Set (WS-BH10C)</p><p>$11.73</p><a href="https://www.amazon.com/dp/B07H89R749?tag=eloabder-20&linkCode=osi&th=1&psc=1">View Product</a></div><div class="product"><a href="https://www.amazon.com/dp/B002PIFTRE?tag=eloabder-20&linkCode=osi&th=1&psc=1"><img src="https://m.media-amazon.com/images/I/41IVnNPD1hL._SL500_.jpg" alt="Product Image"></a><p>Pentel Color Brush Pen, Black (GFLBP101)</p><p>$7.89</p><a href="https://www.amazon.com/dp/B002PIFTRE?tag=eloabder-20&linkCode=osi&th=1&psc=1">View Product</a></div>
<div class="product"><a href="https://www.amazon.com/dp/B0CLLSY2BT?tag=eloabder-20&linkCode=osi&th=1&psc=1"><img src="https://m.media-amazon.com/images/I/51sQM3lrN9L._SL500_.jpg" alt="Product Image"></a><p>CUGEBANNA Paint Brush Washer,Airtight Stainless Steel Brush Cleaner for Oil Painting Acrylic,Brush Washer with Cleaning Beads and Wringer</p><p>$22.99</p><a href="https://www.amazon.com/dp/B0CLLSY2BT?tag=eloabder-20&linkCode=osi&th=1&psc=1">View Product</a></div><div class="product"><a href="https://www.amazon.com/dp/B013PB35N4?tag=eloabder-20&linkCode=osi&th=1&psc=1"><img src="https://m.media-amazon.com/images/I/419miJHrhtL._SL500_.jpg" alt="Product Image"></a><p>US Art Supply Deluxe Brush Cleaner-Brush Washer with Wash Tank</p><p>$18.99</p><a href="https://www.amazon.com/dp/B013PB35N4?tag=eloabder-20&linkCode=osi&th=1&psc=1">View Product</a></div>
<div class="product"><a href="https://www.amazon.com/dp/B07GH7WGC3?tag=eloabder-20&linkCode=osi&th=1&psc=1"><img src="https://m.media-amazon.com/images/I/51vzX1OZI6L._SL500_.jpg" alt="Product Image"></a><p>BOSOBO Paint Brushes Set, 2 Pack 20 Pcs Round-Pointed Tip Paintbrushes Nylon Hair Artist Acrylic Paint Brushes for Acrylic Oil Watercolor, Face Nail Art, Miniature Detailing & Rock Painting, Blue</p><p>$7.49 ($0.37 / Count)</p><a href="https://www.amazon.com/dp/B07GH7WGC3?tag=eloabder-20&linkCode=osi&th=1&psc=1">View Product</a></div><div class="product"><a href="https://www.amazon.com/dp/B078XJ2DCJ?tag=eloabder-20&linkCode=osi&th=1&psc=1"><img src="https://m.media-amazon.com/images/I/616oHEXPN1S._SL500_.jpg" alt="Product Image"></a><p>Pro Grade - Chip Paint Brushes - 36-Pack - 2 Inch Chip Brush for Paints, Stains, Varnishes, Glues, & Gesso</p><p>$17.99</p><a href="https://www.amazon.com/dp/B078XJ2DCJ?tag=eloabder-20&linkCode=osi&th=1&psc=1">View Product</a></div>

<div class="product"><a href="https://www.amazon.com/dp/B000YQJVFA?tag=eloabder-20&linkCode=osi&th=1&psc=1"><img src="https://m.media-amazon.com/images/I/51so-OSRt+L._SL500_.jpg" alt="Product Image"></a><p>Winsor & Newton Calligraphy Ink, 30ml (1-oz) Bottle, Black</p><p>$10.07 ($10.07 / Count)</p><a href="https://www.amazon.com/dp/B000YQJVFA?tag=eloabder-20&linkCode=osi&th=1&psc=1">View Product</a></div><div class="product"><a href="https://www.amazon.com/dp/B0026SBYUE?tag=eloabder-20&linkCode=osi&th=1&psc=1"><img src="https://m.media-amazon.com/images/I/412Ga9k1q8L._SL500_.jpg" alt="Product Image"></a><p>Higgins Black Calligraphy Ink, 2.5 Ounce Bottle (44314)</p><p>$5.99</p><a href="https://www.amazon.com/dp/B0026SBYUE?tag=eloabder-20&linkCode=osi&th=1&psc=1">View Product</a></div><div class="product"><a href="https://www.amazon.com/dp/B0CXDBD77N?tag=eloabder-20&linkCode=osi&th=1&psc=1"><img src="https://m.media-amazon.com/images/I/41x1EZv3P3L._SL500_.jpg" alt="Product Image"></a><p>SEAMEW 250 ML/8.8 OZ Calligraphy and Sumi Liquid Ink - Versatile Elegance for Chinese Traditional Art Works and Japanese Brush Art</p><p>$11.49</p><a href="https://www.amazon.com/dp/B0CXDBD77N?tag=eloabder-20&linkCode=osi&th=1&psc=1">View Product</a></div><div class="product"><a href="https://www.amazon.com/dp/B0CR3ML8VS?tag=eloabder-20&linkCode=osi&th=1&psc=1"><img src="https://m.media-amazon.com/images/I/41fLIKySQZL._SL500_.jpg" alt="Product Image"></a><p>Hmayart Prepared Super Thick Liquid Black Ink for Japanese Brush Calligraphy & Chinese Traditional Artworks (MZ010 250g)</p><p>$11.99</p><a href="https://www.amazon.com/dp/B0CR3ML8VS?tag=eloabder-20&linkCode=osi&th=1&psc=1">View Product</a></div><div class="product"><a href="https://www.amazon.com/dp/B0039OQ0J4?tag=eloabder-20&linkCode=osi&th=1&psc=1"><img src="https://m.media-amazon.com/images/I/41RRlR55P9L._SL500_.jpg" alt="Product Image"></a><p>Daiso Sumi Calligraphy Liquid Ink in a 180ml Bottle (Japan Import)</p><p>$8.99</p><a href="https://www.amazon.com/dp/B0039OQ0J4?tag=eloabder-20&linkCode=osi&th=1&psc=1">View Product</a></div><div class="product"><a href="https://www.amazon.com/dp/B074KJ289G?tag=eloabder-20&linkCode=osi&th=1&psc=1"><img src="https://m.media-amazon.com/images/I/41FZT3aCChL._SL500_.jpg" alt="Product Image"></a><p>Easyou Redstar Liquid Ink for Professioanl Traditional Calligraphy and Brush Painting Chinese Ink Liquid (Black&1pcs*180ML)</p><p>$10.99</p><a href="https://www.amazon.com/dp/B074KJ289G?tag=eloabder-20&linkCode=osi&th=1&psc=1">View Product</a></div><div class="product"><a href="https://www.amazon.com/dp/B07JYJ6C1W?tag=eloabder-20&linkCode=osi&th=1&psc=1"><img src="https://m.media-amazon.com/images/I/51IAnrWkw6L._SL500_.jpg" alt="Product Image"></a><p>MZ001 HmayartBlack Sumi Liquid Ink for Japanese Brush Calligraphy & Chinese Traditional Artworks 250ml (black)</p><p>$13.99</p><a href="https://www.amazon.com/dp/B07JYJ6C1W?tag=eloabder-20&linkCode=osi&th=1&psc=1">View Product</a></div><div class="product"><a href="https://www.amazon.com/dp/B0894L9M2C?tag=eloabder-20&linkCode=osi&th=1&psc=1"><img src="https://m.media-amazon.com/images/I/51H5LBUAZcL._SL500_.jpg" alt="Product Image"></a><p>24 Colors Calligraphy Ink Set, Calligraphy Fountain Glass Dip Pen Color Ink Caligrapher Pen Ink Bottle Set, Gold Powder Drawing Writing Art Ink with Gift Box - 24 x 7ml</p><p>$21.98</p><a href="https://www.amazon.com/dp/B0894L9M2C?tag=eloabder-20&linkCode=osi&th=1&psc=1">View Product</a></div><div class="product"><a href="https://www.amazon.com/dp/B0C49WVM7L?tag=eloabder-20&linkCode=osi&th=1&psc=1"><img src="https://m.media-amazon.com/images/I/41zxtjGWS1L._SL500_.jpg" alt="Product Image"></a><p>AOKUY 24 Colors Calligraphy Ink Set,Calligraphy Inks,Colorful Dip Pen Ink Set,Gold Powder Drawing Writing Art Ink with Gift Box</p><p>$16.99</p><a href="https://www.amazon.com/dp/B0C49WVM7L?tag=eloabder-20&linkCode=osi&th=1&psc=1">View Product</a></div>
<div class="product"><a href="https://www.amazon.com/dp/B0007ZJ8QU?tag=eloabder-20&linkCode=osi&th=1&psc=1"><img src="https://m.media-amazon.com/images/I/41vTwN7L9NL._SL500_.jpg" alt="Product Image"></a><p>Speedball C-Series Lettering Pen Set - 1 Penholder w/ 6 Nibs</p><p>$11.99</p><a href="https://www.amazon.com/dp/B0007ZJ8QU?tag=eloabder-20&linkCode=osi&th=1&psc=1">View Product</a></div><div class="product"><a href="https://www.amazon.com/dp/B003IGNH30?tag=eloabder-20&linkCode=osi&th=1&psc=1"><img src="https://m.media-amazon.com/images/I/412WGB9WzGL._SL500_.jpg" alt="Product Image"></a><p>Speedball 30710 10 Pen Nib Assorted Set</p><p>$21.99</p><a href="https://www.amazon.com/dp/B003IGNH30?tag=eloabder-20&linkCode=osi&th=1&psc=1">View Product</a></div><div class="product"><a href="https://www.amazon.com/dp/B0CQTCZRYC?tag=eloabder-20&linkCode=osi&th=1&psc=1"><img src="https://m.media-amazon.com/images/I/41+d7oXaTvL._SL500_.jpg" alt="Product Image"></a><p>10PCS Oblique Calligraphy Dip Pen Set Comic Pen Nib Set Fluid Writer Pen, 2-in-1 Drawing Pen Holder with 8 Pieces Stainless Steel Pen Replacement Nibs Nib for Writing, Painting, Signing, Sketch</p><p>$6.49</p><a href="https://www.amazon.com/dp/B0CQTCZRYC?tag=eloabder-20&linkCode=osi&th=1&psc=1">View Product</a></div><div class="product"><a href="https://www.amazon.com/dp/B000BYQLT4?tag=eloabder-20&linkCode=osi&th=1&psc=1"><img src="https://m.media-amazon.com/images/I/41Tmn+y1-xL._SL500_.jpg" alt="Product Image"></a><p>Speedball Calligraphy Pen Set - 1 Penholder w/ 4 Nibs, 2 Pen Tips</p><p>$13.99</p><a href="https://www.amazon.com/dp/B000BYQLT4?tag=eloabder-20&linkCode=osi&th=1&psc=1">View Product</a></div><div class="product"><a href="https://www.amazon.com/dp/B0B3CVPWMF?tag=eloabder-20&linkCode=osi&th=1&psc=1"><img src="https://m.media-amazon.com/images/I/41Zw4tqW+HL._SL500_.jpg" alt="Product Image"></a><p>Mewutal 2Pcs/Set Comic Pen Nib Set Pen Nibs Replacements for Calligraphy Manga Writing Painting(Pumpkin Head Nib)</p><p>$7.99</p><a href="https://www.amazon.com/dp/B0B3CVPWMF?tag=eloabder-20&linkCode=osi&th=1&psc=1">View Product</a></div><div class="product"><a href="https://www.amazon.com/dp/B0BVR4M5X4?tag=eloabder-20&linkCode=osi&th=1&psc=1"><img src="https://m.media-amazon.com/images/I/515TyiGpQKL._SL500_.jpg" alt="Product Image"></a><p>Wonwood_direct Calligraphy set, 7 Calligraphy Pens with Different Nibs and 40 Ink Cartridges in 13 Colors for Beginner Writing Drawing for Greeting Card Signature Calligraphy (Type 1)</p><p>$15.99</p><a href="https://www.amazon.com/dp/B0BVR4M5X4?tag=eloabder-20&linkCode=osi&th=1&psc=1">View Product</a></div><div class="product"><a href="https://www.amazon.com/dp/B0BGRM97MF?tag=eloabder-20&linkCode=osi&th=1&psc=1"><img src="https://m.media-amazon.com/images/I/41vB7fs3VbL._SL500_.jpg" alt="Product Image"></a><p>Gullor A Bunch of Nibs for Comic Dip Pen, Assorted Calligraphy Dip Pen Nibs, Various Sizes and Shapes, 33 Nibs in Box</p><p>$9.99</p><a href="https://www.amazon.com/dp/B0BGRM97MF?tag=eloabder-20&linkCode=osi&th=1&psc=1">View Product</a></div>
<div class="product"><a href="https://www.amazon.com/dp/B000KNNVX0?tag=eloabder-20&linkCode=osi&th=1&psc=1"><img src="https://m.media-amazon.com/images/I/51RAGoN6UsL._SL500_.jpg" alt="Product Image"></a><p>Strathmore STR- 50 Sheet Tape Bound Calligraphy Pad, 8.5 by 11", White</p><p>$7.83</p><a href="https://www.amazon.com/dp/B000KNNVX0?tag=eloabder-20&linkCode=osi&th=1&psc=1">View Product</a></div><div class="product"><a href="https://www.amazon.com/dp/B00PGBVNM2?tag=eloabder-20&linkCode=osi&th=1&psc=1"><img src="https://m.media-amazon.com/images/I/51VvCXPD-QL._SL500_.jpg" alt="Product Image"></a><p>U.S. Art Supply (Pack of 2 Pads) - 9" x 12" Premium Calligraphic Practice Paper Pad, 19 Pound Bond (70gsm), Pad of 50-Sheets, Calligraphy Paper with Printed Practice Rule and Slanted Grid</p><p>$12.99</p><a href="https://www.amazon.com/dp/B00PGBVNM2?tag=eloabder-20&linkCode=osi&th=1&psc=1">View Product</a></div><div class="product"><a href="https://www.amazon.com/dp/B0CQ1VTM1R?tag=eloabder-20&linkCode=osi&th=1&psc=1"><img src="https://m.media-amazon.com/images/I/31pMzPI5pdL._SL500_.jpg" alt="Product Image"></a><p>50 Sheets Watercolor Paper 8 x 6inch Deckled Edge Paper 190 GSM Rough/Textured Handmade Paper Cotton Paper White Textured Paper for Watercolor, Writing Calligraphy, Invitations, Letters</p><p>$12.99 ($0.26 / Count)</p><a href="https://www.amazon.com/dp/B0CQ1VTM1R?tag=eloabder-20&linkCode=osi&th=1&psc=1">View Product</a></div><div class="product"><a href="https://www.amazon.com/dp/B0CGHVSX6W?tag=eloabder-20&linkCode=osi&th=1&psc=1"><img src="https://m.media-amazon.com/images/I/41pAexcoWlL._SL500_.jpg" alt="Product Image"></a><p>KYMY Chinese/Japanese Calligraphy Paper 100PCS, Sumi/Rice Paper for Writing Painting Drawing Practice, Chinese Brush Ink Xuan Paper, Half Sheng Shu (Half Raw Ripe) (34 x 34 cm (13.38 x 13.38 Inch))</p><p>$10.99 ($0.11 / Count)</p><a href="https://www.amazon.com/dp/B0CGHVSX6W?tag=eloabder-20&linkCode=osi&th=1&psc=1">View Product</a></div>
<div class="product"><a href="https://www.amazon.com/dp/B08FCZC2R3?tag=eloabder-20&linkCode=osi&th=1&psc=1"><img src="https://m.media-amazon.com/images/I/51TWqPlqpfL._SL500_.jpg" alt="Product Image"></a><p>Craft 'n' Beyond Calligraphy Brush Pens Pack of 3 Small, Medium and Large Markers for Hand Lettering, Art Drawing, Sketching, Scrapbooking, Journaling - Beginner Kit with Fadeproof Black Ink</p><p>$5.49</p><a href="https://www.amazon.com/dp/B08FCZC2R3?tag=eloabder-20&linkCode=osi&th=1&psc=1">View Product</a></div><div class="product"><a href="https://www.amazon.com/dp/B0B67TWWDG?tag=eloabder-20&linkCode=osi&th=1&psc=1"><img src="https://m.media-amazon.com/images/I/5188ARIL9sL._SL500_.jpg" alt="Product Image"></a><p>Brusarth Calligraphy Pens, 8 Size Calligraphy Pens for Writing, Brush Pens Calligraphy Set for Beginners, Hand Lettering Pens, Brush Markers Set, Black Ink Drawing Pens</p><p>$8.95</p><a href="https://www.amazon.com/dp/B0B67TWWDG?tag=eloabder-20&linkCode=osi&th=1&psc=1">View Product</a></div><div class="product"><a href="https://www.amazon.com/dp/B000SHQFEA?tag=eloabder-20&linkCode=osi&th=1&psc=1"><img src="https://m.media-amazon.com/images/I/41sx3qStImL._SL500_.jpg" alt="Product Image"></a><p>edding 1255 calligraphy pen - black - 3 pens - calligraphy nib 2 - 5 mm - fibre pens for paper, wood, terracotta, canvas - hand lettering, bullet journals, thank you cards, calligraphy books</p><p>$6.50</p><a href="https://www.amazon.com/dp/B000SHQFEA?tag=eloabder-20&linkCode=osi&th=1&psc=1">View Product</a></div><div class="product"><a href="https://www.amazon.com/dp/B001DKJLEC?tag=eloabder-20&linkCode=osi&th=1&psc=1"><img src="https://m.media-amazon.com/images/I/41x7A8wo7YL._SL500_.jpg" alt="Product Image"></a><p>Speedball Elegant Writer Calligraphy 4 Marker Set, Black, 2.0 mm, 2.5 mm & 3.0 mm Chisel Nib Tip Pens for Drawing, Journaling, and Scrapbooking</p><p>$9.99 ($2.50 / Count)</p><a href="https://www.amazon.com/dp/B001DKJLEC?tag=eloabder-20&linkCode=osi&th=1&psc=1">View Product</a></div><div class="product"><a href="https://www.amazon.com/dp/B08RYWH185?tag=eloabder-20&linkCode=osi&th=1&psc=1"><img src="https://m.media-amazon.com/images/I/51GFkyfC3iL._SL500_.jpg" alt="Product Image"></a><p>Piochoo Calligraphy Pens,8 Size Calligraphy Pens for Writing,Brush Pens Calligraphy Set for Beginners, Hand Lettering Pens</p><p>$12.99</p><a href="https://www.amazon.com/dp/B08RYWH185?tag=eloabder-20&linkCode=osi&th=1&psc=1">View Product</a></div>
<div class="product"><a href="https://www.amazon.com/dp/B0C66K9NHR?tag=eloabder-20&linkCode=osi&th=1&psc=1"><img src="https://m.media-amazon.com/images/I/51As2T+7gzL._SL500_.jpg" alt="Product Image"></a><p>Calligraphy Kit for Beginners - Calligraphy Pen Set with Calligraphy Workbook</p><p>$26.89</p><a href="https://www.amazon.com/dp/B0C66K9NHR?tag=eloabder-20&linkCode=osi&th=1&psc=1">View Product</a></div><div class="product"><a href="https://www.amazon.com/dp/B081J6QLZN?tag=eloabder-20&linkCode=osi&th=1&psc=1"><img src="https://m.media-amazon.com/images/I/41lK2Gw0JZL._SL500_.jpg" alt="Product Image"></a><p>Trustela Calligraphy Set for Beginners, Dip Pen Set with 19 Nibs, Oblique Pen Holder, Wooden Pen Set</p><p>$21.99</p><a href="https://www.amazon.com/dp/B081J6QLZN?tag=eloabder-20&linkCode=osi&th=1&psc=1">View Product</a></div><div class="product"><a href="https://www.amazon.com/dp/B0BCVDNPRJ?tag=eloabder-20&linkCode=osi&th=1&psc=1"><img src="https://m.media-amazon.com/images/I/51J-hFN4AeL._SL500_.jpg" alt="Product Image"></a><p>GC QUILL Calligraphy Pens Set 64pcs - Calligraphy Fountain Pen Set with 3 Fountain Pens, 7 Varied Nibs, 54 Ink Cartridges(10 Colors) - Writing, Drawing and Calligraphy Practice for beginner GC-F354</p><p>$23.99</p><a href="https://www.amazon.com/dp/B0BCVDNPRJ?tag=eloabder-20&linkCode=osi&th=1&psc=1">View Product</a></div>

<div class="product"><a href="https://www.amazon.com/dp/B0D3HPD7WP?tag=eloabder-20&linkCode=osi&th=1&psc=1"><img src="https://m.media-amazon.com/images/I/31KSmmAWUWL._SL500_.jpg" alt="Product Image"></a><p>50 Sheets Grey Cardstock Paper, Colored Printer Paper 8.5 x 11, Thick Construction Paper for Cards Making, Scrapbook，Office Printing, Invitations, Certificates，DIY Crafting 92 lb/250gsm</p><p>$9.99</p><a href="https://www.amazon.com/dp/B0D3HPD7WP?tag=eloabder-20&linkCode=osi&th=1&psc=1">View Product</a></div>
<div class="product"><a href="https://www.amazon.com/dp/B076CP6F36?tag=eloabder-20&linkCode=osi&th=1&psc=1"><img src="https://m.media-amazon.com/images/I/51rfEIvgI+L._SL500_.jpg" alt="Product Image"></a><p>Apple Barrel, Vibrant Spectrum Collection Acrylic Craft Paint, PROMOABIII, 2 fl oz each, 16 assorted matte colors, 16 count</p><p>$15.97 ($0.50 / Fl Oz)</p><a href="https://www.amazon.com/dp/B076CP6F36?tag=eloabder-20&linkCode=osi&th=1&psc=1">View Product</a></div><div class="product"><a href="https://www.amazon.com/dp/B0BKFLSYQF?tag=eloabder-20&linkCode=osi&th=1&psc=1"><img src="https://m.media-amazon.com/images/I/51a0PmPRknL._SL500_.jpg" alt="Product Image"></a><p>72 Pack Acrylic Paint Set, Shuttle Art 60 Colors Acrylic Paint Including Extra White Black & 12 Brushes, 2oz/60ml, Rich Pigmented, Water Proof, Ideal for Artists, Beginners on Canvas Rock Wood Ceramic</p><p>$45.99 ($23.00 / Fl Oz)</p><a href="https://www.amazon.com/dp/B0BKFLSYQF?tag=eloabder-20&linkCode=osi&th=1&psc=1">View Product</a></div><div class="product"><a href="https://www.amazon.com/dp/B08CB3JH79?tag=eloabder-20&linkCode=osi&th=1&psc=1"><img src="https://m.media-amazon.com/images/I/51OUZsFdnTL._SL500_.jpg" alt="Product Image"></a><p>Acrylic Paint Set of 36 Colors 2fl oz 60ml Bottles,Non Toxic 36 Colors Acrylic Paint No Fading Rich Pigment for Kids Adults Artists Canvas Crafts Wood Painting</p><p>$32.99 ($0.46 / Fl Oz)</p><a href="https://www.amazon.com/dp/B08CB3JH79?tag=eloabder-20&linkCode=osi&th=1&psc=1">View Product</a></div><div class="product"><a href="https://www.amazon.com/dp/B0018NBVKQ?tag=eloabder-20&linkCode=osi&th=1&psc=1"><img src="https://m.media-amazon.com/images/I/31YlSvZMTCL._SL500_.jpg" alt="Product Image"></a><p>Apple Barrel Acrylic Paint in Assorted Colors (8 Ounce), 20403 White</p><p>$2.67 ($0.33 / Fl Oz)</p><a href="https://www.amazon.com/dp/B0018NBVKQ?tag=eloabder-20&linkCode=osi&th=1&psc=1">View Product</a></div><div class="product"><a href="https://www.amazon.com/dp/B077WSBLZ1?tag=eloabder-20&linkCode=osi&th=1&psc=1"><img src="https://m.media-amazon.com/images/I/51KPkXpLn1L._SL500_.jpg" alt="Product Image"></a><p>Shuttle Art Acrylic Paint Set, 30 x12ml Tubes Artist Quality Non Toxic Rich Pigments Colors Great for Kids Adults Professional Painting on Rocks Canvas Wood Clay Fabric Ceramic Crafts</p><p>$12.99 ($1.08 / Fl Oz)</p><a href="https://www.amazon.com/dp/B077WSBLZ1?tag=eloabder-20&linkCode=osi&th=1&psc=1">View Product</a></div><div class="product"><a href="https://www.amazon.com/dp/B00889Z5Y6?tag=eloabder-20&linkCode=osi&th=1&psc=1"><img src="https://m.media-amazon.com/images/I/41MQjsyDbSL._SL500_.jpg" alt="Product Image"></a><p>Apple Barrel Acrylic Paint in Assorted Colors (2 oz), 20764, Apricot</p><p>$0.58 ($0.29 / Fl Oz)</p><a href="https://www.amazon.com/dp/B00889Z5Y6?tag=eloabder-20&linkCode=osi&th=1&psc=1">View Product</a></div><div class="product"><a href="https://www.amazon.com/dp/B09TWQD5ZL?tag=eloabder-20&linkCode=osi&th=1&psc=1"><img src="https://m.media-amazon.com/images/I/41B0L003QXL._SL500_.jpg" alt="Product Image"></a><p>Artkey Acrylic Paint Set - 24 colors 2 oz/59 ml Acrylic Paints Professional Artists Painting Kit for Canvases Fabric Rock Leather Easter Egg Wood Ceramic Glass Art Craft Painting</p><p>$19.99 ($0.42 / Fl Oz)</p><a href="https://www.amazon.com/dp/B09TWQD5ZL?tag=eloabder-20&linkCode=osi&th=1&psc=1">View Product</a></div><div class="product"><a href="https://www.amazon.com/dp/B07Z93LQDB?tag=eloabder-20&linkCode=osi&th=1&psc=1"><img src="https://m.media-amazon.com/images/I/51veoN6zK0L._SL500_.jpg" alt="Product Image"></a><p>Shuttle Art Acrylic Paint Set, 36 Colors Acrylic Paint with Brushes & Palette, 2oz Bottles, Rich Pigments Non-toxic Paint for Artists Kids & Adults, Art Supplies for Canvas Rock Ceramic Wood Painting</p><p>$27.99</p><a href="https://www.amazon.com/dp/B07Z93LQDB?tag=eloabder-20&linkCode=osi&th=1&psc=1">View Product</a></div><div class="product"><a href="https://www.amazon.com/dp/B002665SYY?tag=eloabder-20&linkCode=osi&th=1&psc=1"><img src="https://m.media-amazon.com/images/I/31sJJeWK6OS._SL500_.jpg" alt="Product Image"></a><p>Liquitex BASICS Acrylic Paint, 250ml (8.5-oz) Tube, Titanium White</p><p>$9.99 ($1.18 / Fl Oz)</p><a href="https://www.amazon.com/dp/B002665SYY?tag=eloabder-20&linkCode=osi&th=1&psc=1">View Product</a></div>
<div class="product"><a href="https://www.amazon.com/dp/B0CC98XLGL?tag=eloabder-20&linkCode=osi&th=1&psc=1"><img src="https://m.media-amazon.com/images/I/51ZLw+nThiL._SL500_.jpg" alt="Product Image"></a><p>HUIRUSO 4 Pack Double Sided Tape Roller, Scrapbook Supplies, Glue Tape Roller for Crafts, Double-Sided Adhesive Tape Runner for Scrapbooking, School Office Journaling Supplies (0.31 in X 26.25 ft)</p><p>$6.99 ($1.75 / Count)</p><a href="https://www.amazon.com/dp/B0CC98XLGL?tag=eloabder-20&linkCode=osi&th=1&psc=1">View Product</a></div><div class="product"><a href="https://www.amazon.com/dp/B007XAAE6K?tag=eloabder-20&linkCode=osi&th=1&psc=1"><img src="https://m.media-amazon.com/images/I/414qxYVR0wL._SL500_.jpg" alt="Product Image"></a><p>Scotch Double Sided Tape Runner, 1-Pack, 0.27 in x 26 ft., Perfect for Holiday Crafts, Gifts, and More</p><p>$4.47</p><a href="https://www.amazon.com/dp/B007XAAE6K?tag=eloabder-20&linkCode=osi&th=1&psc=1">View Product</a></div><div class="product"><a href="https://www.amazon.com/dp/B0BZVGPFSK?tag=eloabder-20&linkCode=osi&th=1&psc=1"><img src="https://m.media-amazon.com/images/I/51-ue9+7JkL._SL500_.jpg" alt="Product Image"></a><p>Birllaid Double Sided Tape for Walls, Picture Hanging Strips Removable Mounting Dots Adhesive Heavy Duty, Removable for Art Craft, Decoration, Party Supplies, Multipurpose</p><p>$11.99</p><a href="https://www.amazon.com/dp/B0BZVGPFSK?tag=eloabder-20&linkCode=osi&th=1&psc=1">View Product</a></div><div class="product"><a href="https://www.amazon.com/dp/B0CGVN9SL1?tag=eloabder-20&linkCode=osi&th=1&psc=1"><img src="https://m.media-amazon.com/images/I/41Hy+i4CnoL._SL500_.jpg" alt="Product Image"></a><p>30Ft x 1 Inch Hook and Loop Strips with Adhesive,Double Rolls of Heavy Duty Self Adhesive Tape with Backing, Nylon Self Adhesive Tape for Home Office School and Crafting,White</p><p>$9.99</p><a href="https://www.amazon.com/dp/B0CGVN9SL1?tag=eloabder-20&linkCode=osi&th=1&psc=1">View Product</a></div><div class="product"><a href="https://www.amazon.com/dp/B07Y3VDPLF?tag=eloabder-20&linkCode=osi&th=1&psc=1"><img src="https://m.media-amazon.com/images/I/41cyKQ2OMuL._SL500_.jpg" alt="Product Image"></a><p>Melsan 1x4 inch Hook and Loop Strips with Adhesive - 15 Sets, Strong Back Adhesive Fasten Mounting Tape for Home or Office Use - Instead of Holes and Screws, Black</p><p>$7.82</p><a href="https://www.amazon.com/dp/B07Y3VDPLF?tag=eloabder-20&linkCode=osi&th=1&psc=1">View Product</a></div><div class="product"><a href="https://www.amazon.com/dp/B07V57VJT5?tag=eloabder-20&linkCode=osi&th=1&psc=1"><img src="https://m.media-amazon.com/images/I/514JO3bvl3L._SL500_.jpg" alt="Product Image"></a><p>XFasten Adhesive Roller for Scrapbooking, 8mm x 30ft 4-Pack Double Sided Glue Tape Roller, Scrapbook Supplies for Adults, Photo Tape for Scrapbooking</p><p>$9.99 ($2.50 / Count)</p><a href="https://www.amazon.com/dp/B07V57VJT5?tag=eloabder-20&linkCode=osi&th=1&psc=1">View Product</a></div><div class="product"><a href="https://www.amazon.com/dp/B07JLTGQHX?tag=eloabder-20&linkCode=osi&th=1&psc=1"><img src="https://m.media-amazon.com/images/I/51Eqfo7kUZL._SL500_.jpg" alt="Product Image"></a><p>UPINS 120 Pack Double Sided Foam Tape Square Self-Adhesive Foam Tape Black Strong Tape Pads for DIY Art Crafts Supplies</p><p>$9.99 ($0.08 / Count)</p><a href="https://www.amazon.com/dp/B07JLTGQHX?tag=eloabder-20&linkCode=osi&th=1&psc=1">View Product</a></div><div class="product"><a href="https://www.amazon.com/dp/B005FM6XF4?tag=eloabder-20&linkCode=osi&th=1&psc=1"><img src="https://m.media-amazon.com/images/I/51-vp1WJ89L._SL500_.jpg" alt="Product Image"></a><p>AdTech 5603 Permanent Crafter's Tape, 0.31" x 315", Pack of 4</p><p>$7.84 ($0.07 / Foot)</p><a href="https://www.amazon.com/dp/B005FM6XF4?tag=eloabder-20&linkCode=osi&th=1&psc=1">View Product</a></div><div class="product"><a href="https://www.amazon.com/dp/B0CJF1FLFJ?tag=eloabder-20&linkCode=osi&th=1&psc=1"><img src="https://m.media-amazon.com/images/I/51dig1RqzdL._SL500_.jpg" alt="Product Image"></a><p>UPINS 150Pack Double Sided Foam Tape Strong Sticky Double Sided Foam Pads for Crafts Self-Adhesive Mounting Foam Tape Heavy Duty for Home Wall Decor 40 * 40 * 2mm</p><p>$8.99 ($0.06 / Count)</p><a href="https://www.amazon.com/dp/B0CJF1FLFJ?tag=eloabder-20&linkCode=osi&th=1&psc=1">View Product</a></div><div class="product"><a href="https://www.amazon.com/dp/B0D4YWRGCL?tag=eloabder-20&linkCode=osi&th=1&psc=1"><img src="https://m.media-amazon.com/images/I/41EqJ553-KL._SL500_.jpg" alt="Product Image"></a><p>Amanbo Glue Tape for Scrapbooking, 6 Pack Scrapbook Tape, Double Sided Tape Roller for Crafts, Total 120 Ft x 0.24 in Tape Runner, Craft Supplies for Scrapbooking, Gift Wrapping and Photo Tape</p><p>$6.99</p><a href="https://www.amazon.com/dp/B0D4YWRGCL?tag=eloabder-20&linkCode=osi&th=1&psc=1">View Product</a></div>
<div class="product"><a href="https://www.amazon.com/dp/B0CC5HPPTN?tag=eloabder-20&linkCode=osi&th=1&psc=1"><img src="https://m.media-amazon.com/images/I/519M81S201L._SL500_.jpg" alt="Product Image"></a><p>Airbrush Paint - 30 Colors with 3 Thinner, Ready to Spray Airbrush Paint Set, Water-Based Acrylic Air brush Paints for Metal, Plastic Models, Canvas, Wood, 20ml/Bottle</p><p>$32.99 ($1.48 / Fl Oz)</p><a href="https://www.amazon.com/dp/B0CC5HPPTN?tag=eloabder-20&linkCode=osi&th=1&psc=1">View Product</a></div>
<div class="product"><a href="https://www.amazon.com/dp/B0CXPSGK36?tag=eloabder-20&linkCode=osi&th=1&psc=1"><img src="https://m.media-amazon.com/images/I/51dd2dYOtrL._SL500_.jpg" alt="Product Image"></a><p>Letter Stickers 30 Sheets 1500 PCS Large Alphabet Sticker 2 Inch Vinyl Self Adhesive Stick on Stickers for Water Bottles Cup Mailbox Number Address Craft Scrapbooking Bulletin Board Decor Multicolor</p><p>$9.99</p><a href="https://www.amazon.com/dp/B0CXPSGK36?tag=eloabder-20&linkCode=osi&th=1&psc=1">View Product</a></div><div class="product"><a href="https://www.amazon.com/dp/B07NNYFMGY?tag=eloabder-20&linkCode=osi&th=1&psc=1"><img src="https://m.media-amazon.com/images/I/51yDnU+gEXL._SL500_.jpg" alt="Product Image"></a><p>20 Sheets Alphabet Letter Stickers 10 Colors Self Adhesive Sticker Colorful PU Material Convex Feeling (Colored Letter Stickers 1)</p><p>$6.99 ($0.35 / Count)</p><a href="https://www.amazon.com/dp/B07NNYFMGY?tag=eloabder-20&linkCode=osi&th=1&psc=1">View Product</a></div>

<div class="product"><a href="https://www.amazon.com/dp/B01DDN8854?tag=eloabder-20&linkCode=osi&th=1&psc=1"><img src="https://m.media-amazon.com/images/I/61dPubDZBSL._SL500_.jpg" alt="Product Image"></a><p>Hugs 'n Kisses HNKHABY13 Applique Paper (20 Pack)</p><p>$19.72 ($0.99 / Count)</p><a href="https://www.amazon.com/dp/B01DDN8854?tag=eloabder-20&linkCode=osi&th=1&psc=1">View Product</a></div>
<div class="product"><a href="https://www.amazon.com/dp/B09KPNFJW1?tag=eloabder-20&linkCode=osi&th=1&psc=1"><img src="https://m.media-amazon.com/images/I/41abn5fELmL._SL500_.jpg" alt="Product Image"></a><p>UniPleased Disposable Aprons (50 Count), Plastic apron for Painting Party, Cooking, Housework, Picnic etc.</p><p>$5.69</p><a href="https://www.amazon.com/dp/B09KPNFJW1?tag=eloabder-20&linkCode=osi&th=1&psc=1">View Product</a></div>
<div class="product"><a href="https://www.amazon.com/dp/B087M21MM2?tag=eloabder-20&linkCode=osi&th=1&psc=1"><img src="https://m.media-amazon.com/images/I/41Xf-jehhLL._SL500_.jpg" alt="Product Image"></a><p>GOTIDEAL Stretched Canvas, Multi Pack 4x4, 5x7, 8x10,9x12, 11x14 Set of 10, Primed White - 100% Cotton Artist Canvas Boards for Painting, Acrylic Pouring, Oil Paint Dry & Wet Art Media</p><p>$24.99</p><a href="https://www.amazon.com/dp/B087M21MM2?tag=eloabder-20&linkCode=osi&th=1&psc=1">View Product</a></div><div class="product"><a href="https://www.amazon.com/dp/B00OQJYISG?tag=eloabder-20&linkCode=osi&th=1&psc=1"><img src="https://m.media-amazon.com/images/I/31fEDLPkkcL._SL500_.jpg" alt="Product Image"></a><p>6 Count 12” x 16” Super Value Canvas by Artist's Loft Necessities - Acid Free Cotton Canvas for Paint, Acrylic, & Oils - 1 Pack</p><p>$19.99</p><a href="https://www.amazon.com/dp/B00OQJYISG?tag=eloabder-20&linkCode=osi&th=1&psc=1">View Product</a></div><div class="product"><a href="https://www.amazon.com/dp/B09CDKB9HY?tag=eloabder-20&linkCode=osi&th=1&psc=1"><img src="https://m.media-amazon.com/images/I/51+p5xnClGL._SL500_.jpg" alt="Product Image"></a><p>DPDIAN Canvas Boards for Painting 40 Pack, 8 inch x 10 inch Super Value Pack, Artist Canvas Panels for Oil & Acrylic Painting</p><p>$29.99</p><a href="https://www.amazon.com/dp/B09CDKB9HY?tag=eloabder-20&linkCode=osi&th=1&psc=1">View Product</a></div><div class="product"><a href="https://www.amazon.com/dp/B0CFBGP29G?tag=eloabder-20&linkCode=osi&th=1&psc=1"><img src="https://m.media-amazon.com/images/I/3147Az5plbL._SL500_.jpg" alt="Product Image"></a><p>ArtSkills Stretched Canvases for Painting, 12x16 Canvas Painting Supplies for Artists, Blank Canvas Pack, 2-Pack</p><p>$16.99</p><a href="https://www.amazon.com/dp/B0CFBGP29G?tag=eloabder-20&linkCode=osi&th=1&psc=1">View Product</a></div><div class="product"><a href="https://www.amazon.com/dp/B07BNGQ1SS?tag=eloabder-20&linkCode=osi&th=1&psc=1"><img src="https://m.media-amazon.com/images/I/410ZVtygUwS._SL500_.jpg" alt="Product Image"></a><p>PHOENIX Stretched Canvas for Painting 8x10 Inch/10 Value Pack, 8 Oz Triple Primed 5/8 Inch Profile 100% Cotton White Blank Canvas, Artist Framed Canvas for Oil Acrylic & Pouring Art</p><p>$22.99</p><a href="https://www.amazon.com/dp/B07BNGQ1SS?tag=eloabder-20&linkCode=osi&th=1&psc=1">View Product</a></div><div class="product"><a href="https://www.amazon.com/dp/B0922JP1H4?tag=eloabder-20&linkCode=osi&th=1&psc=1"><img src="https://m.media-amazon.com/images/I/41BmiEND1KL._SL500_.jpg" alt="Product Image"></a><p>GOTIDEAL Canvases for Painting, 18 Pack Canvas Boards Multipack 4x4, 5x7, 8x10, 9x12,11x14,Primed White Blank Artist Canvas Variety Pack for Acrylic Paint, Oil Paint, Watercolor, Gouache</p><p>$19.99</p><a href="https://www.amazon.com/dp/B0922JP1H4?tag=eloabder-20&linkCode=osi&th=1&psc=1">View Product</a></div>


<div class="product"><a href="https://www.amazon.com/dp/B0872VFHBH?tag=eloabder-20&linkCode=osi&th=1&psc=1"><img src="https://m.media-amazon.com/images/I/51k3bekQheS._SL500_.jpg" alt="Product Image"></a><p>Bachmore Drawing Pad 9X12 Inch (110lb/180g), 60 Sheets, Top Spiral Bound Multi-Media for Artist Pro & Amateurs | Acrylic Art, Ink, Paint, Oil Pastels,Watercolor Mixed Media Sketch</p><p>$11.99</p><a href="https://www.amazon.com/dp/B0872VFHBH?tag=eloabder-20&linkCode=osi&th=1&psc=1">View Product</a></div><div class="product"><a href="https://www.amazon.com/dp/B0027A75A4?tag=eloabder-20&linkCode=osi&th=1&psc=1"><img src="https://m.media-amazon.com/images/I/51dyOxxcgYL._SL500_.jpg" alt="Product Image"></a><p>Strathmore 200 Series Sketch Pad, 9x12 inch, 100 Sheets, Tape Bound - Artist Sketchbook for Drawing, Illustration, Art Class Students</p><p>$6.99 ($0.07 / Count)</p><a href="https://www.amazon.com/dp/B0027A75A4?tag=eloabder-20&linkCode=osi&th=1&psc=1">View Product</a></div><div class="product"><a href="https://www.amazon.com/dp/B0BV13YQKX?tag=eloabder-20&linkCode=osi&th=1&psc=1"><img src="https://m.media-amazon.com/images/I/41VYfMpvXUL._SL500_.jpg" alt="Product Image"></a><p>Canson Graduate Watercolor Pad, Foldover, 9x12 inch, 20 Sheets | Artist Paper for Adults and Students - Painting, Gouache, Mixed Media and Ink</p><p>$4.97 ($0.41 / Count)</p><a href="https://www.amazon.com/dp/B0BV13YQKX?tag=eloabder-20&linkCode=osi&th=1&psc=1">View Product</a></div><div class="product"><a href="https://www.amazon.com/dp/B0024KMQ6K?tag=eloabder-20&linkCode=osi&th=1&psc=1"><img src="https://m.media-amazon.com/images/I/51sYdvPPUCL._SL500_.jpg" alt="Product Image"></a><p>Strathmore 400 Series Pastel Pad, Assorted Colors, 9"x12" Glue Bound, 24 Sheets</p><p>$9.11</p><a href="https://www.amazon.com/dp/B0024KMQ6K?tag=eloabder-20&linkCode=osi&th=1&psc=1">View Product</a></div><div class="product"><a href="https://www.amazon.com/dp/B00246O6PI?tag=eloabder-20&linkCode=osi&th=1&psc=1"><img src="https://m.media-amazon.com/images/I/517TUmckOIL._SL500_.jpg" alt="Product Image"></a><p>Strathmore 300 Series Drawing Paper Pad, Top Wire Bound, 11x14 inches, 50 Sheets (70lb/114g) - Artist Paper for Adults and Students - Charcoal, Colored Pencil, Ink, Pastel, Marker</p><p>$13.33</p><a href="https://www.amazon.com/dp/B00246O6PI?tag=eloabder-20&linkCode=osi&th=1&psc=1">View Product</a></div>
<div class="product"><a href="https://www.amazon.com/dp/B08ZMH7LJY?tag=eloabder-20&linkCode=osi&th=1&psc=1"><img src="https://m.media-amazon.com/images/I/51mJIsLJA-S._SL500_.jpg" alt="Product Image"></a><p>PANDAFLY Professional Drawing Sketching Pencil Set - 12 Pieces Graphite Pencils(14B - 2H), Ideal for Drawing Art, Sketching, Shading, Artist Pencils for Beginners & Pro Artists</p><p>$5.11</p><a href="https://www.amazon.com/dp/B08ZMH7LJY?tag=eloabder-20&linkCode=osi&th=1&psc=1">View Product</a></div><div class="product"><a href="https://www.amazon.com/dp/B088K1G5NL?tag=eloabder-20&linkCode=osi&th=1&psc=1"><img src="https://m.media-amazon.com/images/I/51F2bOMZWnL._SL500_.jpg" alt="Product Image"></a><p>MARKART Professional Drawing Sketching Pencil Set - 14 Pieces,Graphite,(12B - 4H), Ideal for Drawing Art, Sketching, Shading, Artist Pencils for Beginners & Pro Artists</p><p>$5.24</p><a href="https://www.amazon.com/dp/B088K1G5NL?tag=eloabder-20&linkCode=osi&th=1&psc=1">View Product</a></div><div class="product"><a href="https://www.amazon.com/dp/B08FHMRW4L?tag=eloabder-20&linkCode=osi&th=1&psc=1"><img src="https://m.media-amazon.com/images/I/51Pmn5gjyzL._SL500_.jpg" alt="Product Image"></a><p>Mr. Pen- Sketch Pencils for Drawing, 14 Pack, Drawing Pencils, Art Pencils, Graphite Pencils, Graphite Pencils for Drawing, Art Pencils for Drawing and Shading</p><p>$5.95</p><a href="https://www.amazon.com/dp/B08FHMRW4L?tag=eloabder-20&linkCode=osi&th=1&psc=1">View Product</a></div><div class="product"><a href="https://www.amazon.com/dp/B0BNQ58DC4?tag=eloabder-20&linkCode=osi&th=1&psc=1"><img src="https://m.media-amazon.com/images/I/51e-gQtCcCL._SL500_.jpg" alt="Product Image"></a><p>MARTCOLOR Drawing Sketching Pencils Set, 12 Pack Graphite Pencils(14B - 2H), Ideal for Drawing Art, Sketching, Shading, Artist Pencils for Beginners & Pro Artists</p><p>$5.99</p><a href="https://www.amazon.com/dp/B0BNQ58DC4?tag=eloabder-20&linkCode=osi&th=1&psc=1">View Product</a></div>

<div class="product"><a href="https://www.amazon.com/dp/B0851M3749?tag=eloabder-20&linkCode=osi&th=1&psc=1"><img src="https://m.media-amazon.com/images/I/41KKSGSDl5L._SL500_.jpg" alt="Product Image"></a><p>N NOROCME 12 PCS Blending Stumps and Tortillions Paper Art Blenders with Sandpaper Pencil Sharpener Pointer for Student Artist Charcoal Sketch Drawing Tools</p><p>$4.99</p><a href="https://www.amazon.com/dp/B0851M3749?tag=eloabder-20&linkCode=osi&th=1&psc=1">View Product</a></div><div class="product"><a href="https://www.amazon.com/dp/B09J3HKN8F?tag=eloabder-20&linkCode=osi&th=1&psc=1"><img src="https://m.media-amazon.com/images/I/51Qvx81eQLL._SL500_.jpg" alt="Product Image"></a><p>Eraser Pencils Set for Artists, Wooden Sketch Eraser Pen for Charcoal Drawings, Professional Highlight Painting Eraser for Sketching, Revise Erasing Details for Students Limner</p><p>$6.99</p><a href="https://www.amazon.com/dp/B09J3HKN8F?tag=eloabder-20&linkCode=osi&th=1&psc=1">View Product</a></div>
<div class="product"><a href="https://www.amazon.com/dp/B09WCQ89T8?tag=eloabder-20&linkCode=osi&th=1&psc=1"><img src="https://m.media-amazon.com/images/I/41gZz0qgBFL._SL500_.jpg" alt="Product Image"></a><p>Bernat BABY BLANKET BB Blue Dreams Yarn - 1 Pack of 10.5oz/300g - Polyester - #6 Super Bulky - 220 Yards - Knitting/Crochet</p><p>$6.97</p><a href="https://www.amazon.com/dp/B09WCQ89T8?tag=eloabder-20&linkCode=osi&th=1&psc=1">View Product</a></div><div class="product"><a href="https://www.amazon.com/dp/B07V5JVNFD?tag=eloabder-20&linkCode=osi&th=1&psc=1"><img src="https://m.media-amazon.com/images/I/41IS+HdtiOL._SL500_.jpg" alt="Product Image"></a><p>Lion Brand Yarn Basic Stitch Anti-Pilling Knitting Yarn, Yarn for Crocheting, 1-Pack, Baby Blue</p><p>$8.40 ($0.02 / Foot)</p><a href="https://www.amazon.com/dp/B07V5JVNFD?tag=eloabder-20&linkCode=osi&th=1&psc=1">View Product</a></div><div class="product"><a href="https://www.amazon.com/dp/B01M0AJID2?tag=eloabder-20&linkCode=osi&th=1&psc=1"><img src="https://m.media-amazon.com/images/I/41yVau0AUpL._SL500_.jpg" alt="Product Image"></a><p>Lion Brand Yarn (1 Skein) Lion Brand Yarn Babysoft Baby Yarn Yarn, Little Boy Blue Multicolor</p><p>$7.19 ($0.01 / Foot)</p><a href="https://www.amazon.com/dp/B01M0AJID2?tag=eloabder-20&linkCode=osi&th=1&psc=1">View Product</a></div><div class="product"><a href="https://www.amazon.com/dp/B09W1KHF42?tag=eloabder-20&linkCode=osi&th=1&psc=1"><img src="https://m.media-amazon.com/images/I/41maDlrio5L._SL500_.jpg" alt="Product Image"></a><p>Red Heart Super Saver Light Blue Yarn - 3 Pack of 198g/7oz - Acrylic - 4 Medium (Worsted) - 364 Yards - Knitting/Crochet</p><p>$13.29 ($4.43 / Count)</p><a href="https://www.amazon.com/dp/B09W1KHF42?tag=eloabder-20&linkCode=osi&th=1&psc=1">View Product</a></div><div class="product"><a href="https://www.amazon.com/dp/B08LKVZ3CX?tag=eloabder-20&linkCode=osi&th=1&psc=1"><img src="https://m.media-amazon.com/images/I/41GLizNx8UL._SL500_.jpg" alt="Product Image"></a><p>Bernat Baby Blanket Baby Blue Yarn - 3 Pack of 100g/3.5oz - Polyester - 6 Super Bulky - 72 Yards - Knitting/Crochet</p><p>$21.81</p><a href="https://www.amazon.com/dp/B08LKVZ3CX?tag=eloabder-20&linkCode=osi&th=1&psc=1">View Product</a></div><div class="product"><a href="https://www.amazon.com/dp/B0CHJ95WHJ?tag=eloabder-20&linkCode=osi&th=1&psc=1"><img src="https://m.media-amazon.com/images/I/314E1EQdihL._SL500_.jpg" alt="Product Image"></a><p>NORCIA Soft Velvet Yarn Chenille Yarn for Crocheting Baby Blanket Yarn for Knitting Amigurumi Yarn Fancy Yarn for Crochet Weaving Craft (Baby Blue, 1 Skein)</p><p>$9.99</p><a href="https://www.amazon.com/dp/B0CHJ95WHJ?tag=eloabder-20&linkCode=osi&th=1&psc=1">View Product</a></div>
<div class="product"><a href="https://www.amazon.com/dp/B0779F2TXJ?tag=eloabder-20&linkCode=osi&th=1&psc=1"><img src="https://m.media-amazon.com/images/I/31kqZr8DJzL._SL500_.jpg" alt="Product Image"></a><p>OPENDGO Feather Ballpoint Pen ，Black Ink Vintage Feather Quill Refined Plated Rod Quill Ballpoint Pen For School Writing ▏Wedding Gift Signature Pen (Black)</p><p>$6.97</p><a href="https://www.amazon.com/dp/B0779F2TXJ?tag=eloabder-20&linkCode=osi&th=1&psc=1">View Product</a></div><div class="product"><a href="https://www.amazon.com/dp/B0CQF3BJ3S?tag=eloabder-20&linkCode=osi&th=1&psc=1"><img src="https://m.media-amazon.com/images/I/41gs6AOiP6L._SL500_.jpg" alt="Product Image"></a><p>3 in 1 Retractable Ballpoint Pen with Light and Stylus, Nice Pens for Journaling Writing in The Dark - White/Red Light Tip- 0.7mm Black Ink</p><p>$12.99</p><a href="https://www.amazon.com/dp/B0CQF3BJ3S?tag=eloabder-20&linkCode=osi&th=1&psc=1">View Product</a></div><div class="product"><a href="https://www.amazon.com/dp/B08BBZ3B8G?tag=eloabder-20&linkCode=osi&th=1&psc=1"><img src="https://m.media-amazon.com/images/I/41cMHyw60wL._SL500_.jpg" alt="Product Image"></a><p>Mr. Pen- Pens, Black Pens, 12 Pack, Fast Dry, No Smear Pens, Bible Pens, Pens for Journaling, Pens No Bleed Through, Pens Fine Point, Journal Pens, Fine Tip, Planner Pens, Ball Point Journal Pens</p><p>$9.99</p><a href="https://www.amazon.com/dp/B08BBZ3B8G?tag=eloabder-20&linkCode=osi&th=1&psc=1">View Product</a></div><div class="product"><a href="https://www.amazon.com/dp/B0D4YWWGX6?tag=eloabder-20&linkCode=osi&th=1&psc=1"><img src="https://m.media-amazon.com/images/I/31xHBCCzJqL._SL500_.jpg" alt="Product Image"></a><p>PATIKIL 21cm/8" Feather Ballpoint Pen, 1Pcs Ink Vintage Quill Pen Refined Plated Dip Pen for Calligraphy Writing Signature Wedding Gift, Yellow</p><p>$7.49</p><a href="https://www.amazon.com/dp/B0D4YWWGX6?tag=eloabder-20&linkCode=osi&th=1&psc=1">View Product</a></div>

<div class="product"><a href="https://www.amazon.com/dp/B001TLDEVQ?tag=eloabder-20&linkCode=osi&th=1&psc=1"><img src="https://m.media-amazon.com/images/I/41jYF39F6lL._SL500_.jpg" alt="Product Image"></a><p>Beadalon SuppleMax Illusion Beading Cord, 0.40 mm / 0.016 in, Clear Monofilament, 50 m / 164 ft</p><p>$4.74</p><a href="https://www.amazon.com/dp/B001TLDEVQ?tag=eloabder-20&linkCode=osi&th=1&psc=1">View Product</a></div><div class="product"><a href="https://www.amazon.com/dp/B0D2HVFZ7Q?tag=eloabder-20&linkCode=osi&th=1&psc=1"><img src="https://m.media-amazon.com/images/I/41R66LMYz7L._SL500_.jpg" alt="Product Image"></a><p>Zxiixz 116Yards 0.5mm Bracelet String, Waxed String Cord for Bracelet Making, Beading Thread for Bracelet Beads, Friendship Bracelet String for Bracelet Making, Waxed Polyester Cord for Jewelry Making</p><p>$6.99</p><a href="https://www.amazon.com/dp/B0D2HVFZ7Q?tag=eloabder-20&linkCode=osi&th=1&psc=1">View Product</a></div><div class="product"><a href="https://www.amazon.com/dp/B07BNF8KH5?tag=eloabder-20&linkCode=osi&th=1&psc=1"><img src="https://m.media-amazon.com/images/I/51jVByheyVL._SL500_.jpg" alt="Product Image"></a><p>PH PandaHall 100 Yards 1mm Waxed Cotton Cord Thread Beading String for Bracelet Necklace Making Crafting Beading Macrame Vase Decor, Burlywood</p><p>$7.19 ($0.02 / Foot)</p><a href="https://www.amazon.com/dp/B07BNF8KH5?tag=eloabder-20&linkCode=osi&th=1&psc=1">View Product</a></div><div class="product"><a href="https://www.amazon.com/dp/B07HBPGXJG?tag=eloabder-20&linkCode=osi&th=1&psc=1"><img src="https://m.media-amazon.com/images/I/41xi8gO6kDL._SL500_.jpg" alt="Product Image"></a><p>Paxcoo 0.8mm Elastic String, Stretchy Bracelet String Crystal String Bead Cord for Bracelet, Beading and Jewelry Making (120m)</p><p>$6.99 ($0.02 / Foot)</p><a href="https://www.amazon.com/dp/B07HBPGXJG?tag=eloabder-20&linkCode=osi&th=1&psc=1">View Product</a></div><div class="product"><a href="https://www.amazon.com/dp/B0CNPST7D9?tag=eloabder-20&linkCode=osi&th=1&psc=1"><img src="https://m.media-amazon.com/images/I/41A9VISFC4L._SL500_.jpg" alt="Product Image"></a><p>Kblick Black Nylon String Cord - 1MM 100 Yards Black Twine, Bracelet String for Bracelet Making, Braided Ornament Lanyard Sting, Jewelry Thread Clay Bead String for Crafts, Macrame Satin Cord</p><p>$5.99 ($0.02 / Foot)</p><a href="https://www.amazon.com/dp/B0CNPST7D9?tag=eloabder-20&linkCode=osi&th=1&psc=1">View Product</a></div><div class="product"><a href="https://www.amazon.com/dp/B08GC3JF9X?tag=eloabder-20&linkCode=osi&th=1&psc=1"><img src="https://m.media-amazon.com/images/I/41FQZYhvQpL._SL500_.jpg" alt="Product Image"></a><p>Cheriswelry 100M 0.8mm Nylon Beading Cord Black Chinese Knotting Rattail Macrame Thread String Roll for Jewelry Making Kumihimo Wrapping Supplies DIY Crafts</p><p>$6.99 ($0.02 / Fl Oz)</p><a href="https://www.amazon.com/dp/B08GC3JF9X?tag=eloabder-20&linkCode=osi&th=1&psc=1">View Product</a></div><div class="product"><a href="https://www.amazon.com/dp/B0B3V9RWQC?tag=eloabder-20&linkCode=osi&th=1&psc=1"><img src="https://m.media-amazon.com/images/I/41F-OP+yCxL._SL500_.jpg" alt="Product Image"></a><p>Griffin Silk Bead Cord Perlseide – Black Color – Size 3 (0.50mm) – 2 Meters per Card – Stainless Steel Needle Attached – for Knotting Pearls, Gemstones, Crystals and Beads</p><p>$4.99 ($0.76 / Foot)</p><a href="https://www.amazon.com/dp/B0B3V9RWQC?tag=eloabder-20&linkCode=osi&th=1&psc=1">View Product</a></div><div class="product"><a href="https://www.amazon.com/dp/B08F49YVQP?tag=eloabder-20&linkCode=osi&th=1&psc=1"><img src="https://m.media-amazon.com/images/I/41yCMIpj0rS._SL500_.jpg" alt="Product Image"></a><p>1mm Stretchy Bracelet String, Sturdy Rainbow Elastic String Elastic Cord for Jewelry Making, Necklaces, Beading and Crafts</p><p>$6.99 ($0.04 / Foot)</p><a href="https://www.amazon.com/dp/B08F49YVQP?tag=eloabder-20&linkCode=osi&th=1&psc=1">View Product</a></div>

<div class="product"><a href="https://www.amazon.com/dp/B001GMUBJ6?tag=eloabder-20&linkCode=osi&th=1&psc=1"><img src="https://m.media-amazon.com/images/I/41V5qzn3H5L._SL500_.jpg" alt="Product Image"></a><p>The Beadsmith Fireline by Berkley – Micro-Fused Braided Thread – 6lb. Test, 006”/.15mm Diameter, 50 Yard Spool, Crystal Color – Super Strong Stringing Material for Jewelry Making and Bead Weaving</p><p>$12.59</p><a href="https://www.amazon.com/dp/B001GMUBJ6?tag=eloabder-20&linkCode=osi&th=1&psc=1">View Product</a></div><div class="product"><a href="https://www.amazon.com/dp/B001UAKK0Y?tag=eloabder-20&linkCode=osi&th=1&psc=1"><img src="https://m.media-amazon.com/images/I/41rY1D0wfuL._SL500_.jpg" alt="Product Image"></a><p>Beadalon Wildfire, 0.006 in, 0.15 mm, Break Strength 10 lb / 4.5 kg, Frost, 50 yd / 45 m</p><p>$8.85 ($0.06 / Foot)</p><a href="https://www.amazon.com/dp/B001UAKK0Y?tag=eloabder-20&linkCode=osi&th=1&psc=1">View Product</a></div><div class="product"><a href="https://www.amazon.com/dp/B095WY58F4?tag=eloabder-20&linkCode=osi&th=1&psc=1"><img src="https://m.media-amazon.com/images/I/41mXRfJqcjL._SL500_.jpg" alt="Product Image"></a><p>PH PandaHall 0.1mm Nylon Seed Bead Thread 100 Yards Black White Bracelet Cord Beading Thread Invisible Sewing Thread Nylon Braided Thread String for Leather Stitching Beading Jewelry Bracelets Making</p><p>$9.99 ($0.03 / Foot)</p><a href="https://www.amazon.com/dp/B095WY58F4?tag=eloabder-20&linkCode=osi&th=1&psc=1">View Product</a></div><div class="product"><a href="https://www.amazon.com/dp/B08RN2R2SZ?tag=eloabder-20&linkCode=osi&th=1&psc=1"><img src="https://m.media-amazon.com/images/I/41Tg2MMC++L._SL500_.jpg" alt="Product Image"></a><p>KO Nylon Beading Thread, White Color, Japanese Pre-Waxed 100% Nylon, 330TEX, Tangle Resistant Knotting Cords, 50m /55 yds Spool, Use for Seed Bead Projects, Loom Work & Bead Weaving</p><p>$7.06 ($0.04 / Foot)</p><a href="https://www.amazon.com/dp/B08RN2R2SZ?tag=eloabder-20&linkCode=osi&th=1&psc=1">View Product</a></div><div class="product"><a href="https://www.amazon.com/dp/B09J89ST79?tag=eloabder-20&linkCode=osi&th=1&psc=1"><img src="https://m.media-amazon.com/images/I/41hLuuOZeXL._SL500_.jpg" alt="Product Image"></a><p>2 Roll Polyester Thread, Heavy Duty Thread, 1500Yard/Reel 210D/3 nylon thread for sewing, Sewing Thread for Upholstery, Outdoor Market, Drapery, Leather, Beading, Crafts</p><p>$7.99 ($0.00 / Foot)</p><a href="https://www.amazon.com/dp/B09J89ST79?tag=eloabder-20&linkCode=osi&th=1&psc=1">View Product</a></div><div class="product"><a href="https://www.amazon.com/dp/B0C6MSY7QQ?tag=eloabder-20&linkCode=osi&th=1&psc=1"><img src="https://m.media-amazon.com/images/I/31Bn-MyA62L._SL500_.jpg" alt="Product Image"></a><p>PH PandaHall 0.1mm Nylon String 100 Yards Beading Thread White Nylon Seed Bead Thread Bracelet Beading Thread Sewing String for Leather Stitching Beading Jewelry Bracelets Making</p><p>$7.99 ($0.03 / Foot)</p><a href="https://www.amazon.com/dp/B0C6MSY7QQ?tag=eloabder-20&linkCode=osi&th=1&psc=1">View Product</a></div>

<div class="product"><a href="https://www.amazon.com/dp/B07NMNDT1W?tag=eloabder-20&linkCode=osi&th=1&psc=1"><img src="https://m.media-amazon.com/images/I/41-zwQIcVcL._SL500_.jpg" alt="Product Image"></a><p>Howemon White Beeswax Pellets 2LB 100% Pure and Natural Triple Filtered for Skin, Face, Body and Hair Care DIY Creams, Lotions, Lip Balm and Soap Making Supplies</p><p>$13.99 ($0.44 / Fl Oz)</p><a href="https://www.amazon.com/dp/B07NMNDT1W?tag=eloabder-20&linkCode=osi&th=1&psc=1">View Product</a></div><div class="product"><a href="https://www.amazon.com/dp/B00B3U0FW4?tag=eloabder-20&linkCode=osi&th=1&psc=1"><img src="https://m.media-amazon.com/images/I/51rWFCST+TL._SL500_.jpg" alt="Product Image"></a><p>Beesworks Yellow Beeswax Pellets (1 lb) | 100% Pure, Cosmetic Grade, Triple-Filtered Beeswax for DIY Skin care, Lip Balm, Lotion, and Candle Making</p><p>$13.99 ($0.87 / Ounce)</p><a href="https://www.amazon.com/dp/B00B3U0FW4?tag=eloabder-20&linkCode=osi&th=1&psc=1">View Product</a></div><div class="product"><a href="https://www.amazon.com/dp/B01LWX2IO1?tag=eloabder-20&linkCode=osi&th=1&psc=1"><img src="https://m.media-amazon.com/images/I/41MlNqhDyCL._SL500_.jpg" alt="Product Image"></a><p>Beesworks Yellow Beeswax Bars (6 oz) | 100% Pure, Cosmetic Grade, Triple-Filtered Beeswax for DIY Skin Care, Lip Balm, Lotion and Candle Making (1 oz Bars - Pack of 6)</p><p>$6.99</p><a href="https://www.amazon.com/dp/B01LWX2IO1?tag=eloabder-20&linkCode=osi&th=1&psc=1">View Product</a></div><div class="product"><a href="https://www.amazon.com/dp/B0BV77F19N?tag=eloabder-20&linkCode=osi&th=1&psc=1"><img src="https://m.media-amazon.com/images/I/41xzHaO1-EL._SL500_.jpg" alt="Product Image"></a><p>Beeswax Pellets 10LB Cosmetic Beeswax Triple Filtered Beeswax Pastilles for Candle Making Great for DIY Projects Creams Lotions Lip Balm and Soap Making Supplies(10LB)</p><p>$32.99</p><a href="https://www.amazon.com/dp/B0BV77F19N?tag=eloabder-20&linkCode=osi&th=1&psc=1">View Product</a></div><div class="product"><a href="https://www.amazon.com/dp/B0C9QSG3CY?tag=eloabder-20&linkCode=osi&th=1&psc=1"><img src="https://m.media-amazon.com/images/I/414XQcU6SRL._SL500_.jpg" alt="Product Image"></a><p>YASNAY White Beeswax Pellets 2LB, 100% Organic Beeswax, Beeswax for Candle Making, Body, Skin Care DIY, Lip Balm and Soap Making Supplies</p><p>$11.99</p><a href="https://www.amazon.com/dp/B0C9QSG3CY?tag=eloabder-20&linkCode=osi&th=1&psc=1">View Product</a></div><div class="product"><a href="https://www.amazon.com/dp/B097HTC4WN?tag=eloabder-20&linkCode=osi&th=1&psc=1"><img src="https://m.media-amazon.com/images/I/51pwMM7C6-L._SL500_.jpg" alt="Product Image"></a><p>Eco Lux 8 Yellow Beeswax Blocks 100% Pure Natural Organic Bees Wax 6.5oz</p><p>$8.49 ($1.35 / Ounce)</p><a href="https://www.amazon.com/dp/B097HTC4WN?tag=eloabder-20&linkCode=osi&th=1&psc=1">View Product</a></div><div class="product"><a href="https://www.amazon.com/dp/B00HDHQQCE?tag=eloabder-20&linkCode=osi&th=1&psc=1"><img src="https://m.media-amazon.com/images/I/41vF-7MwNhL._SL500_.jpg" alt="Product Image"></a><p>Murray's 100% Pure Beeswax 4 oz</p><p>$5.98 ($1.50 / Ounce)</p><a href="https://www.amazon.com/dp/B00HDHQQCE?tag=eloabder-20&linkCode=osi&th=1&psc=1">View Product</a></div><div class="product"><a href="https://www.amazon.com/dp/B09YM8JTLM?tag=eloabder-20&linkCode=osi&th=1&psc=1"><img src="https://m.media-amazon.com/images/I/41cjNuBnFEL._SL500_.jpg" alt="Product Image"></a><p>TRINIDa Beeswax Pellets 2LB(32 oz), 100% Organic Yellow Bees Wax for DIY Candles, Beeswax for Candle Making, Skin, Body, Face, and Hair Care, Lotions, DIY Creams, Lip Balm and Soap Making Supplies</p><p>$11.99</p><a href="https://www.amazon.com/dp/B09YM8JTLM?tag=eloabder-20&linkCode=osi&th=1&psc=1">View Product</a></div><div class="product"><a href="https://www.amazon.com/dp/B00F3CNMV4?tag=eloabder-20&linkCode=osi&th=1&psc=1"><img src="https://m.media-amazon.com/images/I/31pjrRAEa4L._SL500_.jpg" alt="Product Image"></a><p>Stakich Yellow Beeswax Block - Natural, Triple Filtered - 1 Pound, Honey Scent</p><p>$13.95 ($0.87 / Ounce)</p><a href="https://www.amazon.com/dp/B00F3CNMV4?tag=eloabder-20&linkCode=osi&th=1&psc=1">View Product</a></div><div class="product"><a href="https://www.amazon.com/dp/B0BXFZBZS9?tag=eloabder-20&linkCode=osi&th=1&psc=1"><img src="https://m.media-amazon.com/images/I/4178i9IB9KL._SL500_.jpg" alt="Product Image"></a><p>5LB Beeswax Pellets Beeswax for Candle Making Organic Beeswax Pellets for Skin Beeswax Beads Beeswax Bulk Beeswax for Lotion Making Organic for DIY and Craft Project</p><p>$22.99</p><a href="https://www.amazon.com/dp/B0BXFZBZS9?tag=eloabder-20&linkCode=osi&th=1&psc=1">View Product</a></div>
<div class="product"><a href="https://www.amazon.com/dp/B0052F1BVK?tag=eloabder-20&linkCode=osi&th=1&psc=1"><img src="https://m.media-amazon.com/images/I/41zE9eiGoLL._SL500_.jpg" alt="Product Image"></a><p>ACC Staples Large Binder Clips, 2" Width, 1" Capacity, Black, 12/Pk</p><p>$6.30</p><a href="https://www.amazon.com/dp/B0052F1BVK?tag=eloabder-20&linkCode=osi&th=1&psc=1">View Product</a></div><div class="product"><a href="https://www.amazon.com/dp/B07MLFR771?tag=eloabder-20&linkCode=osi&th=1&psc=1"><img src="https://m.media-amazon.com/images/I/51N2wxA7N0L._SL500_.jpg" alt="Product Image"></a><p>CooBigo 50 Pack Binder Ring, Metal Book Ring Paper Ring Holder 5/8-Inch Loose Leaf Binder Ring Clip for Index Card, Flash Card Ring, Card Calendar, Keychain Key Ring - Bronze</p><p>$6.99</p><a href="https://www.amazon.com/dp/B07MLFR771?tag=eloabder-20&linkCode=osi&th=1&psc=1">View Product</a></div><div class="product"><a href="https://www.amazon.com/dp/B01563NHGY?tag=eloabder-20&linkCode=osi&th=1&psc=1"><img src="https://m.media-amazon.com/images/I/41gj+0ZftqL._SL500_.jpg" alt="Product Image"></a><p>vanki Pack of 40 Cute Lovely Smiling Face Spring-Loaded File Organizer Paper Holder Metal Binder Clips, Assorted Color</p><p>$8.99</p><a href="https://www.amazon.com/dp/B01563NHGY?tag=eloabder-20&linkCode=osi&th=1&psc=1">View Product</a></div><div class="product"><a href="https://www.amazon.com/dp/B000GOUDSO?tag=eloabder-20&linkCode=osi&th=1&psc=1"><img src="https://m.media-amazon.com/images/I/41ZANISHgML._SL500_.jpg" alt="Product Image"></a><p>Small Binder Clips .75" 8/Pkg-Assorted Colors</p><p>$4.46</p><a href="https://www.amazon.com/dp/B000GOUDSO?tag=eloabder-20&linkCode=osi&th=1&psc=1">View Product</a></div>
<div class="product"><a href="https://www.amazon.com/dp/B07PRPX4VR?tag=eloabder-20&linkCode=osi&th=1&psc=1"><img src="https://m.media-amazon.com/images/I/41IMH12fdPL._SL500_.jpg" alt="Product Image"></a><p>Durable Sheet Lifters, Durable Easy Flow, 11" x 3", Lifts Sheets Over Rings and Protects Sheets from Tearing, Fit Standard 3-Ring Binders, Black (20 Pack)</p><p>$14.99</p><a href="https://www.amazon.com/dp/B07PRPX4VR?tag=eloabder-20&linkCode=osi&th=1&psc=1">View Product</a></div><div class="product"><a href="https://www.amazon.com/dp/B0CM8QJHFW?tag=eloabder-20&linkCode=osi&th=1&psc=1"><img src="https://m.media-amazon.com/images/I/31cJGS74oCL._SL500_.jpg" alt="Product Image"></a><p>Wantane D-Shaped Tape Storage Ring Tape Storage Ring 4" D-Shaped Washi Tape Storage Ring for DIY Decoration and Storage（Nickel）-2PCS</p><p>$7.99</p><a href="https://www.amazon.com/dp/B0CM8QJHFW?tag=eloabder-20&linkCode=osi&th=1&psc=1">View Product</a></div>
<div class="product"><a href="https://www.amazon.com/dp/B00006IAS3?tag=eloabder-20&linkCode=osi&th=1&psc=1"><img src="https://m.media-amazon.com/images/I/317DvSXhT1L._SL500_.jpg" alt="Product Image"></a><p>GBC Binding System, Manual, Desktop Binding Punch, 6 Sheet Punch Capacity, ProClick P50 (2515650)</p><p>$123.89</p><a href="https://www.amazon.com/dp/B00006IAS3?tag=eloabder-20&linkCode=osi&th=1&psc=1">View Product</a></div><div class="product"><a href="https://www.amazon.com/dp/B004BP81KQ?tag=eloabder-20&linkCode=osi&th=1&psc=1"><img src="https://m.media-amazon.com/images/I/51SqfeZ12KL._SL500_.jpg" alt="Product Image"></a><p>We R Memory Keepers Cinch Book Binding Wire (1-Inch, Silver (2 Pack))</p><p>$5.99</p><a href="https://www.amazon.com/dp/B004BP81KQ?tag=eloabder-20&linkCode=osi&th=1&psc=1">View Product</a></div>

<div class="product"><a href="https://www.amazon.com/dp/B0007ZJ8TM?tag=eloabder-20&linkCode=osi&th=1&psc=1"><img src="https://m.media-amazon.com/images/I/41i49sz3UAL._SL500_.jpg" alt="Product Image"></a><p>Speedball Super Black India Ink, 2-Ounce</p><p>$9.99 ($9.99 / Count)</p><a href="https://www.amazon.com/dp/B0007ZJ8TM?tag=eloabder-20&linkCode=osi&th=1&psc=1">View Product</a></div><div class="product"><a href="https://www.amazon.com/dp/B0026I10AI?tag=eloabder-20&linkCode=osi&th=1&psc=1"><img src="https://m.media-amazon.com/images/I/31vklP4uBsL._SL500_.jpg" alt="Product Image"></a><p>Dr. Ph. Martin's Bombay India (7BY) Ink Bottle, 1.0 oz, Black</p><p>$6.99</p><a href="https://www.amazon.com/dp/B0026I10AI?tag=eloabder-20&linkCode=osi&th=1&psc=1">View Product</a></div><div class="product"><a href="https://www.amazon.com/dp/B000KNP96C?tag=eloabder-20&linkCode=osi&th=1&psc=1"><img src="https://m.media-amazon.com/images/I/51e9srYtG0L._SL500_.jpg" alt="Product Image"></a><p>Winsor & Newton Drawing Ink, 14ml Bottle, Black Indian</p><p>$10.99</p><a href="https://www.amazon.com/dp/B000KNP96C?tag=eloabder-20&linkCode=osi&th=1&psc=1">View Product</a></div><div class="product"><a href="https://www.amazon.com/dp/B07BQG5QF4?tag=eloabder-20&linkCode=osi&th=1&psc=1"><img src="https://m.media-amazon.com/images/I/41nEMDYZaiL._SL500_.jpg" alt="Product Image"></a><p>Speedball Super Black India Ink, 16-Ounce</p><p>$19.99</p><a href="https://www.amazon.com/dp/B07BQG5QF4?tag=eloabder-20&linkCode=osi&th=1&psc=1">View Product</a></div><div class="product"><a href="https://www.amazon.com/dp/B001038NLY?tag=eloabder-20&linkCode=osi&th=1&psc=1"><img src="https://m.media-amazon.com/images/I/418i4sxJJ0L._SL500_.jpg" alt="Product Image"></a><p>Speedball Fabric Screen Printing Ink, 8-Ounce, Black for T-Shirt and Silkscreen Printmaking</p><p>$12.99 ($1.62 / Fl Oz)</p><a href="https://www.amazon.com/dp/B001038NLY?tag=eloabder-20&linkCode=osi&th=1&psc=1">View Product</a></div><div class="product"><a href="https://www.amazon.com/dp/B00161OPSA?tag=eloabder-20&linkCode=osi&th=1&psc=1"><img src="https://m.media-amazon.com/images/I/41C32y3CJAL._SL500_.jpg" alt="Product Image"></a><p>Tsukineko VersaFine inkpad, Full-Size, Onyx Black</p><p>$4.99 ($4.99 / Count)</p><a href="https://www.amazon.com/dp/B00161OPSA?tag=eloabder-20&linkCode=osi&th=1&psc=1">View Product</a></div>
<div class="product"><a href="https://www.amazon.com/dp/B07Q4TJCDJ?tag=eloabder-20&linkCode=osi&th=1&psc=1"><img src="https://m.media-amazon.com/images/I/315HYvYg-BL._SL500_.jpg" alt="Product Image"></a><p>Primbeeks 300pcs Blank Business Cards, Premium Blank White Cards, 3.5" x 2.2" Small Blank Cards, Blank Cardstock Cards, Small Note Cards, white blank cards, white business cards, kraft paper cards</p><p>$7.99</p><a href="https://www.amazon.com/dp/B07Q4TJCDJ?tag=eloabder-20&linkCode=osi&th=1&psc=1">View Product</a></div><div class="product"><a href="https://www.amazon.com/dp/B0CRGHFLT8?tag=eloabder-20&linkCode=osi&th=1&psc=1"><img src="https://m.media-amazon.com/images/I/41S1NLpb8hL._SL500_.jpg" alt="Product Image"></a><p>Watercolor Cards and Envelopes Set - 50 Folded 5x7 Inch Blank Heavyweight Paper Cards (140lb/300gsm) with Matching Envelopes for DIY Greeting Cards, Festivals, and Events</p><p>$17.99 ($0.36 / Count)</p><a href="https://www.amazon.com/dp/B0CRGHFLT8?tag=eloabder-20&linkCode=osi&th=1&psc=1">View Product</a></div><div class="product"><a href="https://www.amazon.com/dp/B08MX4TZ3H?tag=eloabder-20&linkCode=osi&th=1&psc=1"><img src="https://m.media-amazon.com/images/I/41D2u4vdLQL._SL500_.jpg" alt="Product Image"></a><p>50 Pack Blank Kraft Cards Cardstock Thick Paper Brown Greeting Cards for DIY Gift Card Menus, Baby Shower and Wedding Invitations (Multicolored, 5x7IN)</p><p>$8.99</p><a href="https://www.amazon.com/dp/B08MX4TZ3H?tag=eloabder-20&linkCode=osi&th=1&psc=1">View Product</a></div><div class="product"><a href="https://www.amazon.com/dp/B08BDGGVMK?tag=eloabder-20&linkCode=osi&th=1&psc=1"><img src="https://m.media-amazon.com/images/I/41W-dTUoBqL._SL500_.jpg" alt="Product Image"></a><p>100pcs 3.54"x2" Blank Kraft Paper Business Card, Words Message Notes paper Tags, Mini Craft Cardboard Festival gifts - 6 colors</p><p>$5.98</p><a href="https://www.amazon.com/dp/B08BDGGVMK?tag=eloabder-20&linkCode=osi&th=1&psc=1">View Product</a></div><div class="product"><a href="https://www.amazon.com/dp/B08BFDJJ78?tag=eloabder-20&linkCode=osi&th=1&psc=1"><img src="https://m.media-amazon.com/images/I/61LZ1Csb+dL._SL500_.jpg" alt="Product Image"></a><p>Nettbe 100pcs 3.54"x2" Blank Kraft Paper Business Card, Words Message Notes paper Tags, Mini Craft Cardboard Festival gifts</p><p>$5.99</p><a href="https://www.amazon.com/dp/B08BFDJJ78?tag=eloabder-20&linkCode=osi&th=1&psc=1">View Product</a></div><div class="product"><a href="https://www.amazon.com/dp/B07Q8YBJM3?tag=eloabder-20&linkCode=osi&th=1&psc=1"><img src="https://m.media-amazon.com/images/I/31w6U4cCqEL._SL500_.jpg" alt="Product Image"></a><p>Primbeeks 228pcs Blank Business Cards, Premium Blank White Cards, 3.5" x 2.2" Small Blank Cards, Blank Cardstock Cards, Small Note Cards, white blank cards, white business cards, kraft paper cards</p><p>$5.99</p><a href="https://www.amazon.com/dp/B07Q8YBJM3?tag=eloabder-20&linkCode=osi&th=1&psc=1">View Product</a></div><div class="product"><a href="https://www.amazon.com/dp/B08X4Z9TGN?tag=eloabder-20&linkCode=osi&th=1&psc=1"><img src="https://m.media-amazon.com/images/I/41Jqhe35tDL._SL500_.jpg" alt="Product Image"></a><p>321Done Blank Rustic Cards, Made in USA - 4x6 Thick, Heavy Cardstock - Make Invites, Greeting, Note, Thank You Cards - Plain Kraft for Writing, Stamping, Printing, Art - No Envelopes - Set of 50</p><p>$14.99</p><a href="https://www.amazon.com/dp/B08X4Z9TGN?tag=eloabder-20&linkCode=osi&th=1&psc=1">View Product</a></div><div class="product"><a href="https://www.amazon.com/dp/B0D2KDWBNM?tag=eloabder-20&linkCode=osi&th=1&psc=1"><img src="https://m.media-amazon.com/images/I/31dAhnBJ7aL._SL500_.jpg" alt="Product Image"></a><p>4x6 Blank White Cardstock (Set of 100) - Card Stock for Printer Postcards, Photo Paper Invitations, Greeting, Note, Thank You, DIY Making, Index Cards - Plain for Writing, Stamping, Printing, Art</p><p>$8.99</p><a href="https://www.amazon.com/dp/B0D2KDWBNM?tag=eloabder-20&linkCode=osi&th=1&psc=1">View Product</a></div><div class="product"><a href="https://www.amazon.com/dp/B0BB858RYN?tag=eloabder-20&linkCode=osi&th=1&psc=1"><img src="https://m.media-amazon.com/images/I/317zmriPKNL._SL500_.jpg" alt="Product Image"></a><p>WANDERINGS Handmade White Deckle Edge Blank Greeting Cards- Folded to 5x7” - Pack of 25 - Writers, Artists, Crafters - Thank Yous, Invitations, Menus, Greeting Cards, Notes - Thick 150 GSM</p><p>$21.99 ($0.88 / Count)</p><a href="https://www.amazon.com/dp/B0BB858RYN?tag=eloabder-20&linkCode=osi&th=1&psc=1">View Product</a></div><div class="product"><a href="https://www.amazon.com/dp/B0BZPPXRZW?tag=eloabder-20&linkCode=osi&th=1&psc=1"><img src="https://m.media-amazon.com/images/I/21Da-WQhrpL._SL500_.jpg" alt="Product Image"></a><p>100 Pack Thick Paper Cardstock Blank Heavy Cards Stock for Invitations, Greeting Cards Making, Postcards, Photos, 250GSM Thick Paper (White, 2x3.5 inches)</p><p>$5.99</p><a href="https://www.amazon.com/dp/B0BZPPXRZW?tag=eloabder-20&linkCode=osi&th=1&psc=1">View Product</a></div>
<div class="product"><a href="https://www.amazon.com/dp/B0BZRDQKH6?tag=eloabder-20&linkCode=osi&th=1&psc=1"><img src="https://m.media-amazon.com/images/I/41GYYRiusgL._SL500_.jpg" alt="Product Image"></a><p>feela 8 Pack Unlined Kraft Paper Notebooks, Blank Journal Note Pad for Drawing Writing, Small Sketchbook Travel Journal Bulk for Women Kids Students Office School Supplies, A5, 60 Pages, 8.3” X 5.5”</p><p>$9.99</p><a href="https://www.amazon.com/dp/B0BZRDQKH6?tag=eloabder-20&linkCode=osi&th=1&psc=1">View Product</a></div><div class="product"><a href="https://www.amazon.com/dp/B0BXLB74KK?tag=eloabder-20&linkCode=osi&th=1&psc=1"><img src="https://m.media-amazon.com/images/I/313vYzg7HpL._SL500_.jpg" alt="Product Image"></a><p>ZZTX 4 Pack Blank Kraft Notebooks, Blank Paper Sketchbooks for Drawing Doodling Writing,Travel Journal Set, A5, 36 Pages, 8.3” X 5.5”</p><p>$5.99</p><a href="https://www.amazon.com/dp/B0BXLB74KK?tag=eloabder-20&linkCode=osi&th=1&psc=1">View Product</a></div><div class="product"><a href="https://www.amazon.com/dp/B0BW5TNPXJ?tag=eloabder-20&linkCode=osi&th=1&psc=1"><img src="https://m.media-amazon.com/images/I/31Wu8UP78iL._SL500_.jpg" alt="Product Image"></a><p>EOOUT Kraft Notebooks, Blank Page Journals in Bulk, 16pcs A5, 8.3 X 5.5 Inches, 60 Pages, 80gsm, Travel Journal Set, for Art Camp, Travelers, Students and Office Supplies Sketchbooks Bulk for Kids</p><p>$15.99</p><a href="https://www.amazon.com/dp/B0BW5TNPXJ?tag=eloabder-20&linkCode=osi&th=1&psc=1">View Product</a></div><div class="product"><a href="https://www.amazon.com/dp/B08P3F46SD?tag=eloabder-20&linkCode=osi&th=1&psc=1"><img src="https://m.media-amazon.com/images/I/41jeBDcZJ1L._SL500_.jpg" alt="Product Image"></a><p>Krafty Soft Cover Blank Notebook Journal, Spiral Sketchbook Pad, Drawing Book, 60 Sheets/140gsm (A4)/120 Pages</p><p>$7.99</p><a href="https://www.amazon.com/dp/B08P3F46SD?tag=eloabder-20&linkCode=osi&th=1&psc=1">View Product</a></div><div class="product"><a href="https://www.amazon.com/dp/B0CWNPMC4T?tag=eloabder-20&linkCode=osi&th=1&psc=1"><img src="https://m.media-amazon.com/images/I/31BZeVGe6TL._SL500_.jpg" alt="Product Image"></a><p>zmybcpack 5 Pack Blank Journal Notebooks, Blank Paper Sketchbook for Drawing Writing, Travel Journal Notebook Kraft Paper Notebook for Travelers, Students, Office, A5, 8.26” x 5.5”, 60 Pages/30 Sheets</p><p>$8.99</p><a href="https://www.amazon.com/dp/B0CWNPMC4T?tag=eloabder-20&linkCode=osi&th=1&psc=1">View Product</a></div><div class="product"><a href="https://www.amazon.com/dp/B07WHYP9WN?tag=eloabder-20&linkCode=osi&th=1&psc=1"><img src="https://m.media-amazon.com/images/I/41ZhyCux1yL._SL500_.jpg" alt="Product Image"></a><p>Thick Blank Journal Notebook with Unlined / Unruled / Plain Pages | Deluxe 120gsm Ink Resistant Paper for Writing, Sketch Book, 160 Pages | Hardcover Sketchbook with Pen Holder, Pocket, Ribbon (Black)</p><p>$14.99</p><a href="https://www.amazon.com/dp/B07WHYP9WN?tag=eloabder-20&linkCode=osi&th=1&psc=1">View Product</a></div>
<div class="product"><a href="https://www.amazon.com/dp/B07MT7HKZW?tag=eloabder-20&linkCode=osi&th=1&psc=1"><img src="https://m.media-amazon.com/images/I/413JwH5JREL._SL500_.jpg" alt="Product Image"></a><p>Spiral Sketch Book Large Notebook（Built-in Drawing Board） Kraft Cover Blank Sketch Pad Wirebound Sketching for Drawing Painting 8.5x11-Inch (2 Pack) 200 Sheets, 100 Sheets, 200Pages Each</p><p>$17.99 ($9.00 / Count)</p><a href="https://www.amazon.com/dp/B07MT7HKZW?tag=eloabder-20&linkCode=osi&th=1&psc=1">View Product</a></div><div class="product"><a href="https://www.amazon.com/dp/B0BDQ82WB9?tag=eloabder-20&linkCode=osi&th=1&psc=1"><img src="https://m.media-amazon.com/images/I/51FoWr3GPwL._SL500_.jpg" alt="Product Image"></a><p>feela 170 Pack Blank Kraft Notebooks, Unlined Sketchbook Mini Cute Note Pad for Drawing Writing, Journal Bulk For Kids Students Office School Supplies, A6, 48 Pages, 4.25” X 5.5”, Black and Brown</p><p>$51.99</p><a href="https://www.amazon.com/dp/B0BDQ82WB9?tag=eloabder-20&linkCode=osi&th=1&psc=1">View Product</a></div><div class="product"><a href="https://www.amazon.com/dp/B0B3WWHWT2?tag=eloabder-20&linkCode=osi&th=1&psc=1"><img src="https://m.media-amazon.com/images/I/31m0FzXtPxL._SL500_.jpg" alt="Product Image"></a><p>Tamaki 6 Pack Colorful Blank Books for kids to Write, Drawing, Cute Sketchbook for Kid, 6 Colors (4.25 x 5.5 Inches)</p><p>$6.99</p><a href="https://www.amazon.com/dp/B0B3WWHWT2?tag=eloabder-20&linkCode=osi&th=1&psc=1">View Product</a></div>
<div class="product"><a href="https://www.amazon.com/dp/B0BGH2P9M6?tag=eloabder-20&linkCode=osi&th=1&psc=1"><img src="https://m.media-amazon.com/images/I/41ozOaYoHEL._SL500_.jpg" alt="Product Image"></a><p>EOOUT 100pcs A5 Kraft Notebooks, Blank Page Journals in Bulk, Sketchbooks Bulk for Kids, 60 Pages, 80GSM, 8.3 X 5.5 Inch, Travel Journal Set, for Art Camp, Travelers, Students and Office Supplies</p><p>$51.99</p><a href="https://www.amazon.com/dp/B0BGH2P9M6?tag=eloabder-20&linkCode=osi&th=1&psc=1">View Product</a></div><div class="product"><a href="https://www.amazon.com/dp/B07MT99F94?tag=eloabder-20&linkCode=osi&th=1&psc=1"><img src="https://m.media-amazon.com/images/I/41Ug7gpSWDL._SL500_.jpg" alt="Product Image"></a><p>Spiral Sketch Book Large Notebook（Built-in Drawing Board） Kraft Cover Blank Sketch Pad Wirebound Sketching for Drawing Painting 8.5x11-Inch (1 Pack) 200 Pages, 100 Sheets</p><p>$9.99</p><a href="https://www.amazon.com/dp/B07MT99F94?tag=eloabder-20&linkCode=osi&th=1&psc=1">View Product</a></div><div class="product"><a href="https://www.amazon.com/dp/B07CM32KLM?tag=eloabder-20&linkCode=osi&th=1&psc=1"><img src="https://m.media-amazon.com/images/I/41ENhBLE9DL._SL500_.jpg" alt="Product Image"></a><p>Kraft Cover Drawing Notebook & Sketchbook – Set of 2 Blank Plain Sketch Books – 125g Thick Paper A5 Size, 150x210mm Paper Ideal for Drawing & Sketching- 128 sheets/256 pages – 180 Degree Opening, 2pcs</p><p>$20.99 ($0.08 / Count)</p><a href="https://www.amazon.com/dp/B07CM32KLM?tag=eloabder-20&linkCode=osi&th=1&psc=1">View Product</a></div><div class="product"><a href="https://www.amazon.com/dp/B08ZLMLF7C?tag=eloabder-20&linkCode=osi&th=1&psc=1"><img src="https://m.media-amazon.com/images/I/41X-5yj83vL._SL500_.jpg" alt="Product Image"></a><p>BEECHMORE BOOKS Sketch Book, A4 8.5 x 11.5 inch Blank Sketchbook for Drawing, Paint and Draw, 156 Pages Thick Paper 160gsm, Hardcover Leather Art Notebook, Boxed for Gifts (Chestnut Brown)</p><p>$21.20</p><a href="https://www.amazon.com/dp/B08ZLMLF7C?tag=eloabder-20&linkCode=osi&th=1&psc=1">View Product</a></div>
<div class="product"><a href="https://www.amazon.com/dp/B075M9MSFH?tag=eloabder-20&linkCode=osi&th=1&psc=1"><img src="https://m.media-amazon.com/images/I/51x+szTX6TL._SL500_.jpg" alt="Product Image"></a><p>Bianyo Bleedproof Marker Paper Pad, A4(8.27"X11.69"), 50 Sheets, 18 LB / 70 GSM, Glue-Bound, 100% Cotton, White, Ideal for Use with Markers and Ink Mediums</p><p>$9.99</p><a href="https://www.amazon.com/dp/B075M9MSFH?tag=eloabder-20&linkCode=osi&th=1&psc=1">View Product</a></div><div class="product"><a href="https://www.amazon.com/dp/B08FX5S2NL?tag=eloabder-20&linkCode=osi&th=1&psc=1"><img src="https://m.media-amazon.com/images/I/41CA0ZfazKL._SL500_.jpg" alt="Product Image"></a><p>Marker Paper Sketchbook, Bleedproof Art Marker Pad, (8.27 X 11.69) Inch, White, 40 Sheets</p><p>$6.99</p><a href="https://www.amazon.com/dp/B08FX5S2NL?tag=eloabder-20&linkCode=osi&th=1&psc=1">View Product</a></div><div class="product"><a href="https://www.amazon.com/dp/B0CJRBFSJ8?tag=eloabder-20&linkCode=osi&th=1&psc=1"><img src="https://m.media-amazon.com/images/I/51DLA8TpwEL._SL500_.jpg" alt="Product Image"></a><p>Shuttle Art Marker Pad, 8.3”x8.9” Portable Square Sketchbook, 80 Sheets Marker Drawing Paper, 120LB/200GSM Bleedproof Art Paper, Spiral-Bound, Great for Professional Artist to Draw, Paint & Sketch</p><p>$16.99</p><a href="https://www.amazon.com/dp/B0CJRBFSJ8?tag=eloabder-20&linkCode=osi&th=1&psc=1">View Product</a></div><div class="product"><a href="https://www.amazon.com/dp/B09N7VX5Z5?tag=eloabder-20&linkCode=osi&th=1&psc=1"><img src="https://m.media-amazon.com/images/I/51xCPs9HZyL._SL500_.jpg" alt="Product Image"></a><p>Marker Paper Sketchbook - Marker Sketchbook with Bleedproof Smooth Coated Art Paper, 120 GSM 80 LBS - Marker Pad for Alcohol Markers, Sketching, Drawing - 8.11 x 8.5 Inch | 50 Sheets, 2 Pack</p><p>$15.99 ($8.00 / Count)</p><a href="https://www.amazon.com/dp/B09N7VX5Z5?tag=eloabder-20&linkCode=osi&th=1&psc=1">View Product</a></div><div class="product"><a href="https://www.amazon.com/dp/B07CK94W9T?tag=eloabder-20&linkCode=osi&th=1&psc=1"><img src="https://m.media-amazon.com/images/I/41ocoSNDjdL._SL500_.jpg" alt="Product Image"></a><p>BOXUN Premium 50 Sheets Sketch Marker Paper Pad, Bleedproof Artist Drawing Paper, 8.27 x 11.69 Inch</p><p>$8.29 ($0.17 / Count)</p><a href="https://www.amazon.com/dp/B07CK94W9T?tag=eloabder-20&linkCode=osi&th=1&psc=1">View Product</a></div><div class="product"><a href="https://www.amazon.com/dp/B0CPXWD11W?tag=eloabder-20&linkCode=osi&th=1&psc=1"><img src="https://m.media-amazon.com/images/I/51ApKzpDVNL._SL500_.jpg" alt="Product Image"></a><p>FEITAKE Marker Paper Pad Sketchbook Bleedproof for Alcohol Markers 120lb/200gsm Double Sided Thick Art Drawing Papers 60pages (30Sheets) / A4(8.3"x11.7") Gift for Artists Students Kids</p><p>$13.99 ($0.47 / Count)</p><a href="https://www.amazon.com/dp/B0CPXWD11W?tag=eloabder-20&linkCode=osi&th=1&psc=1">View Product</a></div><div class="product"><a href="https://www.amazon.com/dp/B0025TWYW6?tag=eloabder-20&linkCode=osi&th=1&psc=1"><img src="https://m.media-amazon.com/images/I/51t6UkUHCvL._SL500_.jpg" alt="Product Image"></a><p>Bee Paper Bleedproof Marker Pack, 8-1/2-Inch by 11-Inch, 50 Sheets per Pack</p><p>$17.09 ($0.34 / Count)</p><a href="https://www.amazon.com/dp/B0025TWYW6?tag=eloabder-20&linkCode=osi&th=1&psc=1">View Product</a></div><div class="product"><a href="https://www.amazon.com/dp/B0CJRBYYQB?tag=eloabder-20&linkCode=osi&th=1&psc=1"><img src="https://m.media-amazon.com/images/I/41knBnjZ25L._SL500_.jpg" alt="Product Image"></a><p>Shuttle Art Marker Pad, 8.3”x7.67” Portable Square Sketchbook, 50 Sheets Marker Drawing Paper, 60LB/90GSM Smooth Surface Bleedproof Art Paper, Glue-Bound, Great for Beginners to Draw, Paint & Sketch</p><p>$8.99 ($0.18 / Count)</p><a href="https://www.amazon.com/dp/B0CJRBYYQB?tag=eloabder-20&linkCode=osi&th=1&psc=1">View Product</a></div>
<div class="product"><a href="https://www.amazon.com/dp/B00881IU8M?tag=eloabder-20&linkCode=osi&th=1&psc=1"><img src="https://m.media-amazon.com/images/I/41hbSgdLBtL._SL500_.jpg" alt="Product Image"></a><p>Speedball Fabric & Paper Block Printing Ink 6-Color Set, 1.25-Ounce x 6</p><p>$28.99 ($28.99 / Count)</p><a href="https://www.amazon.com/dp/B00881IU8M?tag=eloabder-20&linkCode=osi&th=1&psc=1">View Product</a></div><div class="product"><a href="https://www.amazon.com/dp/B000J09PFM?tag=eloabder-20&linkCode=osi&th=1&psc=1"><img src="https://m.media-amazon.com/images/I/51yPRc4nvoL._SL500_.jpg" alt="Product Image"></a><p>Speedball Water-Soluble Block Printing Ink Starter Set, 6 Bold Colors with Satin Finish, 1.25-Ounce Tubes</p><p>$29.99 ($4.00 / Fl Oz)</p><a href="https://www.amazon.com/dp/B000J09PFM?tag=eloabder-20&linkCode=osi&th=1&psc=1">View Product</a></div><div class="product"><a href="https://www.amazon.com/dp/B000BYT24U?tag=eloabder-20&linkCode=osi&th=1&psc=1"><img src="https://m.media-amazon.com/images/I/51pDlo+LlKL._SL500_.jpg" alt="Product Image"></a><p>Speedball Water-Soluble Block Printing Ink, 8-Ounce Jar, Black</p><p>$14.49</p><a href="https://www.amazon.com/dp/B000BYT24U?tag=eloabder-20&linkCode=osi&th=1&psc=1">View Product</a></div><div class="product"><a href="https://www.amazon.com/dp/B00C1JUJWW?tag=eloabder-20&linkCode=osi&th=1&psc=1"><img src="https://m.media-amazon.com/images/I/41zDtJ6f5hL._SL500_.jpg" alt="Product Image"></a><p>Speedball Fabric Block Printing Ink, 2.5-Ounce, Black</p><p>$9.99 ($4.00 / Fl Oz)</p><a href="https://www.amazon.com/dp/B00C1JUJWW?tag=eloabder-20&linkCode=osi&th=1&psc=1">View Product</a></div><div class="product"><a href="https://www.amazon.com/dp/B004PZ1ZJG?tag=eloabder-20&linkCode=osi&th=1&psc=1"><img src="https://m.media-amazon.com/images/I/41+GkhhpR5L._SL500_.jpg" alt="Product Image"></a><p>Speedball Water-Soluble Block Printing Ink Starter Set, 4-Color Set, 1.25-Ounce Tubes</p><p>$20.99</p><a href="https://www.amazon.com/dp/B004PZ1ZJG?tag=eloabder-20&linkCode=osi&th=1&psc=1">View Product</a></div><div class="product"><a href="https://www.amazon.com/dp/B0017CZF3C?tag=eloabder-20&linkCode=osi&th=1&psc=1"><img src="https://m.media-amazon.com/images/I/41S17SYPAZL._SL500_.jpg" alt="Product Image"></a><p>Speedball Water Soluble Block Printing Ink, Black, 2-1/2 Ounces - 380663</p><p>$9.99</p><a href="https://www.amazon.com/dp/B0017CZF3C?tag=eloabder-20&linkCode=osi&th=1&psc=1">View Product</a></div><div class="product"><a href="https://www.amazon.com/dp/B0BXNX8FSH?tag=eloabder-20&linkCode=osi&th=1&psc=1"><img src="https://m.media-amazon.com/images/I/51JGm1VxVOL._SL500_.jpg" alt="Product Image"></a><p>Falling in Art Water-Soluble Block Printing Ink, 6-Color Printmaking Ink Set for Linoleum Block, 3.5 floz</p><p>$28.99</p><a href="https://www.amazon.com/dp/B0BXNX8FSH?tag=eloabder-20&linkCode=osi&th=1&psc=1">View Product</a></div><div class="product"><a href="https://www.amazon.com/dp/B0027ACJBO?tag=eloabder-20&linkCode=osi&th=1&psc=1"><img src="https://m.media-amazon.com/images/I/41OzayB9ojL._SL500_.jpg" alt="Product Image"></a><p>Speedball 3476 Oil-Based Block Printing Ink Starter Set for Professional, Permanent Prints AP Certified – 1.25 FL OZ Tubes</p><p>$33.99</p><a href="https://www.amazon.com/dp/B0027ACJBO?tag=eloabder-20&linkCode=osi&th=1&psc=1">View Product</a></div>
<div class="product"><a href="https://www.amazon.com/dp/B0027AGDWK?tag=eloabder-20&linkCode=osi&th=1&psc=1"><img src="https://m.media-amazon.com/images/I/515LDer6GPL._SL500_.jpg" alt="Product Image"></a><p>Speedball Deluxe Block Printing Kit - Includes Inks, Brayer, Bench Hook, Lino Handle and Cutters, Speedy-Carve Block, Mounted Linoleum Block</p><p>$59.99</p><a href="https://www.amazon.com/dp/B0027AGDWK?tag=eloabder-20&linkCode=osi&th=1&psc=1">View Product</a></div><div class="product"><a href="https://www.amazon.com/dp/B07ZJBZN5S?tag=eloabder-20&linkCode=osi&th=1&psc=1"><img src="https://m.media-amazon.com/images/I/41UbN58y9uS._SL500_.jpg" alt="Product Image"></a><p>SGHUO 12pcs 4"x6" Pink Rubber Carving Blocks Linoleum Block Stamp Making Kit</p><p>$22.99 ($1.92 / Count)</p><a href="https://www.amazon.com/dp/B07ZJBZN5S?tag=eloabder-20&linkCode=osi&th=1&psc=1">View Product</a></div>
<div class="product"><a href="https://www.amazon.com/dp/B00L2DYUM8?tag=eloabder-20&linkCode=osi&th=1&psc=1"><img src="https://m.media-amazon.com/images/I/51l5FZ0+5AL._SL500_.jpg" alt="Product Image"></a><p>Strathmore 300 Series Printmaking Paper Pad, Glue Bound, 5x7 inches, 40 Sheets (120g) - Artist Paper for Adults and Students - Block Printing, Linocut, Screen Printing, White</p><p>$7.26</p><a href="https://www.amazon.com/dp/B00L2DYUM8?tag=eloabder-20&linkCode=osi&th=1&psc=1">View Product</a></div><div class="product"><a href="https://www.amazon.com/dp/B07BSYS5XC?tag=eloabder-20&linkCode=osi&th=1&psc=1"><img src="https://m.media-amazon.com/images/I/51Uwfq0jv+L._SL500_.jpg" alt="Product Image"></a><p>Ucreate Printmaking Paper, 9"x12", White, 100 Sheet, P9001</p><p>$9.79</p><a href="https://www.amazon.com/dp/B07BSYS5XC?tag=eloabder-20&linkCode=osi&th=1&psc=1">View Product</a></div><div class="product"><a href="https://www.amazon.com/dp/B00K5562WA?tag=eloabder-20&linkCode=osi&th=1&psc=1"><img src="https://m.media-amazon.com/images/I/51Dm+TeJGdL._SL500_.jpg" alt="Product Image"></a><p>Strathmore Printmaking Paper Pad 8"X10"-20 Sheets -62433800, White</p><p>$10.19</p><a href="https://www.amazon.com/dp/B00K5562WA?tag=eloabder-20&linkCode=osi&th=1&psc=1">View Product</a></div><div class="product"><a href="https://www.amazon.com/dp/B001DNH8I0?tag=eloabder-20&linkCode=osi&th=1&psc=1"><img src="https://m.media-amazon.com/images/I/51UzoKdUojL._SL500_.jpg" alt="Product Image"></a><p>Black Ink 9-Inch by 12-Inch Bleached Mulberry Block Printing Paper, 25-Pack</p><p>$19.35 ($0.77 / Count)</p><a href="https://www.amazon.com/dp/B001DNH8I0?tag=eloabder-20&linkCode=osi&th=1&psc=1">View Product</a></div><div class="product"><a href="https://www.amazon.com/dp/B00C6G6L5Y?tag=eloabder-20&linkCode=osi&th=1&psc=1"><img src="https://m.media-amazon.com/images/I/5103h0Rm8sL._SL500_.jpg" alt="Product Image"></a><p>Black Ink Thai Mulberry Block Printing Paper Packs small assorted colors</p><p>$21.99</p><a href="https://www.amazon.com/dp/B00C6G6L5Y?tag=eloabder-20&linkCode=osi&th=1&psc=1">View Product</a></div>
<div class="product"><a href="https://www.amazon.com/dp/B003IG27OK?tag=eloabder-20&linkCode=osi&th=1&psc=1"><img src="https://m.media-amazon.com/images/I/416NUaYo1DL._SL500_.jpg" alt="Product Image"></a><p>Speedball Block Printing Baren - Comfortable Wooden Handle, Made in the USA - 4 Inches</p><p>$29.49</p><a href="https://www.amazon.com/dp/B003IG27OK?tag=eloabder-20&linkCode=osi&th=1&psc=1">View Product</a></div>
<div class="product"><a href="https://www.amazon.com/dp/B0CMZYY8CJ?tag=eloabder-20&linkCode=osi&th=1&psc=1"><img src="https://m.media-amazon.com/images/I/41TifSIP7SL._SL500_.jpg" alt="Product Image"></a><p>Ecoofor Blotting Paper for Flower Press, 20 Sheets Highly Absorbent and Reusable Blotter Paper for Flower Press Paper Craft 9 x 9 inch</p><p>$9.99</p><a href="https://www.amazon.com/dp/B0CMZYY8CJ?tag=eloabder-20&linkCode=osi&th=1&psc=1">View Product</a></div><div class="product"><a href="https://www.amazon.com/dp/B0CYRT3RM4?tag=eloabder-20&linkCode=osi&th=1&psc=1"><img src="https://m.media-amazon.com/images/I/31+qvVq3giL._SL500_.jpg" alt="Product Image"></a><p>Hygge & Sage Premium Natural Fiber Blotting Paper for Flower Press Art; 20 Large Sheets for a Press up to 8x11 Inches; Absorbent, Versatile, and Acid-Free Reusable Blotter Paper for Flower Pressing</p><p>$9.50 ($0.48 / Count)</p><a href="https://www.amazon.com/dp/B0CYRT3RM4?tag=eloabder-20&linkCode=osi&th=1&psc=1">View Product</a></div><div class="product"><a href="https://www.amazon.com/dp/B0D41GDLHM?tag=eloabder-20&linkCode=osi&th=1&psc=1"><img src="https://m.media-amazon.com/images/I/41LIF5dHXaL._SL500_.jpg" alt="Product Image"></a><p>Aboofx 20 Sheets Blotting Paper for Flower Press, 15" x 10" Extra Large Highly Absorbent Blotter Paper for Flower Press Reusable Herbarium Paper Craft Blotter Paper Sheets</p><p>$19.99</p><a href="https://www.amazon.com/dp/B0D41GDLHM?tag=eloabder-20&linkCode=osi&th=1&psc=1">View Product</a></div><div class="product"><a href="https://www.amazon.com/dp/B0CQMMYSBR?tag=eloabder-20&linkCode=osi&th=1&psc=1"><img src="https://m.media-amazon.com/images/I/413SlUi6IDL._SL500_.jpg" alt="Product Image"></a><p>Wisreach Blotting Paper for Flower Press, 20 Sheets Flower Press Paper Highly Absorbent and Reusable Blotter Paper for Flower Art A4 Size 8.26 x 11.4 inch</p><p>$9.99</p><a href="https://www.amazon.com/dp/B0CQMMYSBR?tag=eloabder-20&linkCode=osi&th=1&psc=1">View Product</a></div><div class="product"><a href="https://www.amazon.com/dp/B093FQ22PG?tag=eloabder-20&linkCode=osi&th=1&psc=1"><img src="https://m.media-amazon.com/images/I/41B2jXhe+QL._SL500_.jpg" alt="Product Image"></a><p>Blotting Paper for Flower Press by Berstuk® • Large A4 Flower Press Paper • Highly Absorbent and Reusable Herbarium Paper • Pack of 10 Blotter Paper Sheets</p><p>$6.99 ($69.90 / 100 Sheets)</p><a href="https://www.amazon.com/dp/B093FQ22PG?tag=eloabder-20&linkCode=osi&th=1&psc=1">View Product</a></div><div class="product"><a href="https://www.amazon.com/dp/B0C6PW4VGB?tag=eloabder-20&linkCode=osi&th=1&psc=1"><img src="https://m.media-amazon.com/images/I/21C64VB3iVL._SL500_.jpg" alt="Product Image"></a><p>PATIKIL 16"x12" Flower Press Paper, 1 Set/30 Sheet Refill Lining Blotter Paper Absorbent Reusable Blotting Paper for DIY Art Handicraft Scrapbook</p><p>$11.19</p><a href="https://www.amazon.com/dp/B0C6PW4VGB?tag=eloabder-20&linkCode=osi&th=1&psc=1">View Product</a></div><div class="product"><a href="https://www.amazon.com/dp/B0C6PTK915?tag=eloabder-20&linkCode=osi&th=1&psc=1"><img src="https://m.media-amazon.com/images/I/21UviFCGjtL._SL500_.jpg" alt="Product Image"></a><p>PATIKIL 12"x8" Flower Press Paper, 2 Set/60 Sheet Refill Lining Blotter Paper Absorbent Reusable Blotting Paper for DIY Art Handicraft Scrapbook</p><p>$13.69</p><a href="https://www.amazon.com/dp/B0C6PTK915?tag=eloabder-20&linkCode=osi&th=1&psc=1">View Product</a></div><div class="product"><a href="https://www.amazon.com/dp/B0CDJZ4MD7?tag=eloabder-20&linkCode=osi&th=1&psc=1"><img src="https://m.media-amazon.com/images/I/41iwkW+QQOL._SL500_.jpg" alt="Product Image"></a><p>30 PCS Blotting Paper for Flower Press Large A4 Flower Press Paper Highly Absorbent and Reusable Blotter Paper Refill Lining Paper for Flower Press Art Craft Scrapbook Making, 11.8 x 7.9 Inches Blue</p><p>$9.99</p><a href="https://www.amazon.com/dp/B0CDJZ4MD7?tag=eloabder-20&linkCode=osi&th=1&psc=1">View Product</a></div>

<div class="product"><a href="https://www.amazon.com/dp/B0D2T4F1DZ?tag=eloabder-20&linkCode=osi&th=1&psc=1"><img src="https://m.media-amazon.com/images/I/41KNcatyBWL._SL500_.jpg" alt="Product Image"></a><p>10pcs Book Cloth,14”x10”,Fabric Surface and Paper Backed, book cloth for book binding,book binding fabric,5 Colors Bookbinding Cloth for DIY fabric book cover,bookbinding paper (Style B)</p><p>$9.99</p><a href="https://www.amazon.com/dp/B0D2T4F1DZ?tag=eloabder-20&linkCode=osi&th=1&psc=1">View Product</a></div><div class="product"><a href="https://www.amazon.com/dp/B0CMD2LWR8?tag=eloabder-20&linkCode=osi&th=1&psc=1"><img src="https://m.media-amazon.com/images/I/31QVUZVSB+L._SL500_.jpg" alt="Product Image"></a><p>Mozeat Lens 33 ft Bookbinding Tape Book Tape Repair Book Binding Tape Cloth Book Repair Kit 2 Inch Wide Book Spine Tape Cloth Bookbinding Repair Tape White Book Tape for Reinforcing Book Spine Tape</p><p>$7.99</p><a href="https://www.amazon.com/dp/B0CMD2LWR8?tag=eloabder-20&linkCode=osi&th=1&psc=1">View Product</a></div><div class="product"><a href="https://www.amazon.com/dp/B0D1KC168C?tag=eloabder-20&linkCode=osi&th=1&psc=1"><img src="https://m.media-amazon.com/images/I/31wWgk-1V4L._SL500_.jpg" alt="Product Image"></a><p>AKONEGE Book Cloth for Book Binding 35 x 16 Inch Fabric Surface and Paper Backed, Strong, Easy to Use, Fabric Materials Bookbinding Supplies Bookcloth for Scrapbooking Album DIY Crafts, Black</p><p>$9.99</p><a href="https://www.amazon.com/dp/B0D1KC168C?tag=eloabder-20&linkCode=osi&th=1&psc=1">View Product</a></div><div class="product"><a href="https://www.amazon.com/dp/B0BC48CCWW?tag=eloabder-20&linkCode=osi&th=1&psc=1"><img src="https://m.media-amazon.com/images/I/41vTc+L-XyL._SL500_.jpg" alt="Product Image"></a><p>Wooqu Book Cloth, Fabric Surface and Paper Backed, Easy to Use, Strong, 17x29”, for Book Binding, Dark Green</p><p>$13.99</p><a href="https://www.amazon.com/dp/B0BC48CCWW?tag=eloabder-20&linkCode=osi&th=1&psc=1">View Product</a></div><div class="product"><a href="https://www.amazon.com/dp/B00W3S7LU4?tag=eloabder-20&linkCode=osi&th=1&psc=1"><img src="https://m.media-amazon.com/images/I/41mUL1LmSHS._SL500_.jpg" alt="Product Image"></a><p>BookGuard 2 inch Premium Bookbinding Repair Cloth Tape, 15 Yard Roll Burgundy</p><p>$14.95</p><a href="https://www.amazon.com/dp/B00W3S7LU4?tag=eloabder-20&linkCode=osi&th=1&psc=1">View Product</a></div>

<div class="product"><a href="https://www.amazon.com/dp/B08217DGL7?tag=eloabder-20&linkCode=osi&th=1&psc=1"><img src="https://m.media-amazon.com/images/I/51Gy-qfph7L._SL500_.jpg" alt="Product Image"></a><p>24 Colors Waxed Thread, Leather Sewing Thread,Hand Stitching Thread for Hand Sewing Leather and Bookbinding, 13Yards Per Color</p><p>$11.99 ($0.01 / Foot)</p><a href="https://www.amazon.com/dp/B08217DGL7?tag=eloabder-20&linkCode=osi&th=1&psc=1">View Product</a></div><div class="product"><a href="https://www.amazon.com/dp/B08GCHJ3FP?tag=eloabder-20&linkCode=osi&th=1&psc=1"><img src="https://m.media-amazon.com/images/I/41TK-XNxTFL._SL500_.jpg" alt="Product Image"></a><p>FANDOL 100% Natural Linen Thread Waxed thread for Bookbingding, Leather Sewing, Beading or Macrame (Natural)</p><p>$14.98</p><a href="https://www.amazon.com/dp/B08GCHJ3FP?tag=eloabder-20&linkCode=osi&th=1&psc=1">View Product</a></div><div class="product"><a href="https://www.amazon.com/dp/B0025U108E?tag=eloabder-20&linkCode=osi&th=1&psc=1"><img src="https://m.media-amazon.com/images/I/4172yrURiVL._SL500_.jpg" alt="Product Image"></a><p>Books by Hand Linen Thread, Archival Quality Natural Unbleached and Unwaxed, 50 Yards 35/3 Gauge, Ideal for Bookbinding and Sewing Signatures</p><p>$9.47</p><a href="https://www.amazon.com/dp/B0025U108E?tag=eloabder-20&linkCode=osi&th=1&psc=1">View Product</a></div><div class="product"><a href="https://www.amazon.com/dp/B08S78KLRN?tag=eloabder-20&linkCode=osi&th=1&psc=1"><img src="https://m.media-amazon.com/images/I/413NGMtJdrL._SL500_.jpg" alt="Product Image"></a><p>Jupean Waxed Thread, 150m /164Yards Beige Leather Waxed Thread, Leather Sewing Thread, Hand Stitching Thread for Hand Sewing Leather, Bookbinding, and Beginners Leather Craft DIY</p><p>$6.49 ($0.01 / Foot)</p><a href="https://www.amazon.com/dp/B08S78KLRN?tag=eloabder-20&linkCode=osi&th=1&psc=1">View Product</a></div><div class="product"><a href="https://www.amazon.com/dp/B015D9E6UM?tag=eloabder-20&linkCode=osi&th=1&psc=1"><img src="https://m.media-amazon.com/images/I/51VnWPI+Q5L._SL500_.jpg" alt="Product Image"></a><p>Lineco, Natural Waxed Linen Thread 20 Yards, Books by Hand Natural, Black, Brown Color for Sewing, Bookbinding (3/Pkg)</p><p>$13.77</p><a href="https://www.amazon.com/dp/B015D9E6UM?tag=eloabder-20&linkCode=osi&th=1&psc=1">View Product</a></div>
<div class="product"><a href="https://www.amazon.com/dp/B0CMD53C1C?tag=eloabder-20&linkCode=osi&th=1&psc=1"><img src="https://m.media-amazon.com/images/I/31dU4wqS0rL._SL500_.jpg" alt="Product Image"></a><p>5-in-1 Bookbinding Kit,Book Cover Guide, Bookbinding Cover Tool, Stainless Steel Book Binding Kit, Bookbinding Ruler, Scrapbooking Tools for Making Book Cover Chipboard Covers Album Planner</p><p>$7.88</p><a href="https://www.amazon.com/dp/B0CMD53C1C?tag=eloabder-20&linkCode=osi&th=1&psc=1">View Product</a></div>
<div class="product"><a href="https://www.amazon.com/dp/B007TIEG6U?tag=eloabder-20&linkCode=osi&th=1&psc=1"><img src="https://m.media-amazon.com/images/I/31d6r6R5lGL._SL500_.jpg" alt="Product Image"></a><p>Handy Art Empty 2 ounce Marker Bottle, Dauber Tip and Cap, 12-Each (900-003) , White</p><p>$23.12 ($1.93 / Count)</p><a href="https://www.amazon.com/dp/B007TIEG6U?tag=eloabder-20&linkCode=osi&th=1&psc=1">View Product</a></div>
<div class="product"><a href="https://www.amazon.com/dp/B07YDNKSH6?tag=eloabder-20&linkCode=osi&th=1&psc=1"><img src="https://m.media-amazon.com/images/I/41JGrHa7mSL._SL500_.jpg" alt="Product Image"></a><p>4-Inch Rubber Brayer Roller for Printmaking, Great for Gluing Application Also. (Original Version)</p><p>$6.99</p><a href="https://www.amazon.com/dp/B07YDNKSH6?tag=eloabder-20&linkCode=osi&th=1&psc=1">View Product</a></div>
<div class="product"><a href="https://www.amazon.com/dp/B005U7BNPE?tag=eloabder-20&linkCode=osi&th=1&psc=1"><img src="https://m.media-amazon.com/images/I/418YfTClSxL._SL500_.jpg" alt="Product Image"></a><p>Apple Barrel Acrylic Paint in Assorted Colors (2 oz), 20513, Bright Yellow</p><p>$0.58 ($0.29 / Fl Oz)</p><a href="https://www.amazon.com/dp/B005U7BNPE?tag=eloabder-20&linkCode=osi&th=1&psc=1">View Product</a></div><div class="product"><a href="https://www.amazon.com/dp/B099DWCRZ5?tag=eloabder-20&linkCode=osi&th=1&psc=1"><img src="https://m.media-amazon.com/images/I/41rr5hT-8TL._SL500_.jpg" alt="Product Image"></a><p>milo Fluorescent Acrylic Paint Set of 6 Colors | 4 oz Bottles | Student Neon Colors Acrylics Painting Pack | Made in the USA | Non-Toxic Art & Craft Paints for Artists, Kids, & Hobby Painters</p><p>$22.90 ($0.95 / Fl Oz)</p><a href="https://www.amazon.com/dp/B099DWCRZ5?tag=eloabder-20&linkCode=osi&th=1&psc=1">View Product</a></div><div class="product"><a href="https://www.amazon.com/dp/B07ZPPPWPL?tag=eloabder-20&linkCode=osi&th=1&psc=1"><img src="https://m.media-amazon.com/images/I/51Vqk2rrZwL._SL500_.jpg" alt="Product Image"></a><p>Apple Barrel, Pastel Dreams & Vivid Wonders Collection Acrylic Craft Paint, PROMOTCK, 2 fl oz each, 18 assorted matte colors, 18 count</p><p>$22.66 ($0.63 / Fl Oz)</p><a href="https://www.amazon.com/dp/B07ZPPPWPL?tag=eloabder-20&linkCode=osi&th=1&psc=1">View Product</a></div><div class="product"><a href="https://www.amazon.com/dp/B0CKQR52XC?tag=eloabder-20&linkCode=osi&th=1&psc=1"><img src="https://m.media-amazon.com/images/I/51WTPlhN2WL._SL500_.jpg" alt="Product Image"></a><p>ARTME Glow in The Dark Paint, 10 Bright Colors 60ml/2oz Blacklight Paint Set, Neon Craft Paint, Acrylic Glow Fluorescent Paint Perfect for Art Painting, DIY projects, Halloween and Christmas</p><p>$23.99 ($1.20 / Fl Oz)</p><a href="https://www.amazon.com/dp/B0CKQR52XC?tag=eloabder-20&linkCode=osi&th=1&psc=1">View Product</a></div><div class="product"><a href="https://www.amazon.com/dp/B09XXHBL3Y?tag=eloabder-20&linkCode=osi&th=1&psc=1"><img src="https://m.media-amazon.com/images/I/51taBeDdeIL._SL500_.jpg" alt="Product Image"></a><p>Fantastory Glow in the Dark Acrylic Paint, 10 Extra Bright Colors, 30ml/1oz Waterproof Glow in Dark Paint,Indoor Outdoor Blacklight Paint for Kids,Adults, Rocks,Walls,Halloween,Craft &Fabric</p><p>$9.99 ($1.00 / Fl Oz)</p><a href="https://www.amazon.com/dp/B09XXHBL3Y?tag=eloabder-20&linkCode=osi&th=1&psc=1">View Product</a></div><div class="product"><a href="https://www.amazon.com/dp/B0BS3JM8ZR?tag=eloabder-20&linkCode=osi&th=1&psc=1"><img src="https://m.media-amazon.com/images/I/51S8FteGgPL._SL500_.jpg" alt="Product Image"></a><p>Acrylic Paint, Shuttle Art 24 Colors Acrylic Paint Bottle Set, 250ml/8.45oz Each, Rich Pigments, High Viscosity, Bulk Paint for Artists, Beginners and Kids Painting on Rocks Crafts Canvas Wood Ceramic</p><p>$49.99 ($0.25 / Fl Oz)</p><a href="https://www.amazon.com/dp/B0BS3JM8ZR?tag=eloabder-20&linkCode=osi&th=1&psc=1">View Product</a></div><div class="product"><a href="https://www.amazon.com/dp/B00CIW3EDI?tag=eloabder-20&linkCode=osi&th=1&psc=1"><img src="https://m.media-amazon.com/images/I/41PMnxyBo5L._SL500_.jpg" alt="Product Image"></a><p>FolkArt Multi-Surface Acrylic Paint in Assorted Colors (2 oz), 2896, Bright Pink</p><p>$1.47 ($0.74 / Fl Oz)</p><a href="https://www.amazon.com/dp/B00CIW3EDI?tag=eloabder-20&linkCode=osi&th=1&psc=1">View Product</a></div><div class="product"><a href="https://www.amazon.com/dp/B085ZB5ZK9?tag=eloabder-20&linkCode=osi&th=1&psc=1"><img src="https://m.media-amazon.com/images/I/51nmRq1eicL._SL500_.jpg" alt="Product Image"></a><p>FolkArt 4 Bottle Multi-Surface Acrylic Paint Set, 2oz, Neon Blacklight Colors</p><p>$8.12 ($1.02 / Fl Oz)</p><a href="https://www.amazon.com/dp/B085ZB5ZK9?tag=eloabder-20&linkCode=osi&th=1&psc=1">View Product</a></div><div class="product"><a href="https://www.amazon.com/dp/B08N585VN5?tag=eloabder-20&linkCode=osi&th=1&psc=1"><img src="https://m.media-amazon.com/images/I/51nwFBdxwVL._SL500_.jpg" alt="Product Image"></a><p>Acrylic Paint Set Value Pack of 12 Colors | Craft Painting Kit with 2 oz Squeeze Bottles for Beginners, Artists, Professionals | Non-Toxic Water Based Paints for Canvas, Paper, Wood | Bright Hues</p><p>$11.99 ($0.50 / Fl Oz)</p><a href="https://www.amazon.com/dp/B08N585VN5?tag=eloabder-20&linkCode=osi&th=1&psc=1">View Product</a></div>
<div class="product"><a href="https://www.amazon.com/dp/B0009RRT9Y?tag=eloabder-20&linkCode=osi&th=1&psc=1"><img src="https://m.media-amazon.com/images/I/51ZhyYPOB5L._SL500_.jpg" alt="Product Image"></a><p>General Pencil Company The Masters Brush Cleaner & Preserver 2.5 0z.</p><p>$12.00</p><a href="https://www.amazon.com/dp/B0009RRT9Y?tag=eloabder-20&linkCode=osi&th=1&psc=1">View Product</a></div><div class="product"><a href="https://www.amazon.com/dp/B00F38YVQS?tag=eloabder-20&linkCode=osi&th=1&psc=1"><img src="https://m.media-amazon.com/images/I/51yjmSTzzML._SL500_.jpg" alt="Product Image"></a><p>B & J Original Brush Cleaner - 2.5 Oz/12ct Display</p><p>$12.77</p><a href="https://www.amazon.com/dp/B00F38YVQS?tag=eloabder-20&linkCode=osi&th=1&psc=1">View Product</a></div><div class="product"><a href="https://www.amazon.com/dp/B004BN7QQ8?tag=eloabder-20&linkCode=osi&th=1&psc=1"><img src="https://m.media-amazon.com/images/I/31fEWB-h4VL._SL500_.jpg" alt="Product Image"></a><p>Winsor & Newton Brush Cleaner & Restorer, 16.0-oz Bottle</p><p>$21.87 ($1.37 / Fl Oz)</p><a href="https://www.amazon.com/dp/B004BN7QQ8?tag=eloabder-20&linkCode=osi&th=1&psc=1">View Product</a></div><div class="product"><a href="https://www.amazon.com/dp/B09NCHL2LM?tag=eloabder-20&linkCode=osi&th=1&psc=1"><img src="https://m.media-amazon.com/images/I/31UzwasdL6L._SL500_.jpg" alt="Product Image"></a><p>U.S. Art Supply Brush Cleaner and Restorer, 4 Ounce Bottle - Quickly Cleans Paint Brushes, Airbrushes, Art Tools - Cleaning Solution to Remove Dried On Acrylic, Oil and Water-Based Paint Colors</p><p>$8.99 ($2.25 / Fl Oz)</p><a href="https://www.amazon.com/dp/B09NCHL2LM?tag=eloabder-20&linkCode=osi&th=1&psc=1">View Product</a></div><div class="product"><a href="https://www.amazon.com/dp/B09J8L55SK?tag=eloabder-20&linkCode=osi&th=1&psc=1"><img src="https://m.media-amazon.com/images/I/41qgWS2nSsL._SL500_.jpg" alt="Product Image"></a><p>Green Piece® Paint Brush Cleaner and Restorer for Art Paint Brushes - 100% Natural - Non-Toxic - Wet or Dry Paint - No Chemicals - Oil or Acrylic Paints, Wood and Metal - Amazing Power - 18 Oz</p><p>$19.88</p><a href="https://www.amazon.com/dp/B09J8L55SK?tag=eloabder-20&linkCode=osi&th=1&psc=1">View Product</a></div><div class="product"><a href="https://www.amazon.com/dp/B0027A79I2?tag=eloabder-20&linkCode=osi&th=1&psc=1"><img src="https://m.media-amazon.com/images/I/31J6S+mCjuL._SL500_.jpg" alt="Product Image"></a><p>Pink Soap 12-Ounce Paint Brush Cleaner and Conditioner, Solution Cleans and Restores, Removes Dried Paint on Airbrushes and Other Artist Tools & Supplies</p><p>$15.49 ($1.29 / Fl Oz)</p><a href="https://www.amazon.com/dp/B0027A79I2?tag=eloabder-20&linkCode=osi&th=1&psc=1">View Product</a></div><div class="product"><a href="https://www.amazon.com/dp/B0027AEANE?tag=eloabder-20&linkCode=osi&th=1&psc=1"><img src="https://m.media-amazon.com/images/I/51bHOLU1pVL._SL500_.jpg" alt="Product Image"></a><p>General Pencil General 105-BP Pencil Masters Brush Cleaner & Preserver, 1 Pack, Clear</p><p>$9.99 ($4.00 / Ounce)</p><a href="https://www.amazon.com/dp/B0027AEANE?tag=eloabder-20&linkCode=osi&th=1&psc=1">View Product</a></div>

<div class="product"><a href="https://www.amazon.com/dp/B00N9UUWLA?tag=eloabder-20&linkCode=osi&th=1&psc=1"><img src="https://m.media-amazon.com/images/I/41be4n09wZL._SL500_.jpg" alt="Product Image"></a><p>Pentel Arts Portable Pocket Brush Pen (Medium Point), 1Pen & 2Refills</p><p>$7.00</p><a href="https://www.amazon.com/dp/B00N9UUWLA?tag=eloabder-20&linkCode=osi&th=1&psc=1">View Product</a></div><div class="product"><a href="https://www.amazon.com/dp/B07DQ4292Y?tag=eloabder-20&linkCode=osi&th=1&psc=1"><img src="https://m.media-amazon.com/images/I/41-kgHpaPvL._SL500_.jpg" alt="Product Image"></a><p>Tombow 62039 Fudenosuke Brush Pens, 3-Pack. Soft, Hard, and Twin Tip Markers for Calligraphy and Art Drawings</p><p>$7.59 ($2.53 / Count)</p><a href="https://www.amazon.com/dp/B07DQ4292Y?tag=eloabder-20&linkCode=osi&th=1&psc=1">View Product</a></div><div class="product"><a href="https://www.amazon.com/dp/B0995FNMKW?tag=eloabder-20&linkCode=osi&th=1&psc=1"><img src="https://m.media-amazon.com/images/I/51kpGsTNvlL._SL500_.jpg" alt="Product Image"></a><p>WRITECH Arts Sign Brush Pen Brush Tip Marker Felt Tip Water Based Ink Color Pens 12 Assorted Vintage Colors Great for Lettering Journaling Calligraphy (Vintage)</p><p>$13.99 ($1.17 / Count)</p><a href="https://www.amazon.com/dp/B0995FNMKW?tag=eloabder-20&linkCode=osi&th=1&psc=1">View Product</a></div><div class="product"><a href="https://www.amazon.com/dp/B07H89R749?tag=eloabder-20&linkCode=osi&th=1&psc=1"><img src="https://m.media-amazon.com/images/I/51nTGZ-eAsL._SL500_.jpg" alt="Product Image"></a><p>Tombow Fudenosuke Brush Pen - Hard - 10 Colors Set (WS-BH10C)</p><p>$11.73</p><a href="https://www.amazon.com/dp/B07H89R749?tag=eloabder-20&linkCode=osi&th=1&psc=1">View Product</a></div><div class="product"><a href="https://www.amazon.com/dp/B002PIFTRE?tag=eloabder-20&linkCode=osi&th=1&psc=1"><img src="https://m.media-amazon.com/images/I/41IVnNPD1hL._SL500_.jpg" alt="Product Image"></a><p>Pentel Color Brush Pen, Black (GFLBP101)</p><p>$7.89</p><a href="https://www.amazon.com/dp/B002PIFTRE?tag=eloabder-20&linkCode=osi&th=1&psc=1">View Product</a></div>
<div class="product"><a href="https://www.amazon.com/dp/B0CLLSY2BT?tag=eloabder-20&linkCode=osi&th=1&psc=1"><img src="https://m.media-amazon.com/images/I/51sQM3lrN9L._SL500_.jpg" alt="Product Image"></a><p>CUGEBANNA Paint Brush Washer,Airtight Stainless Steel Brush Cleaner for Oil Painting Acrylic,Brush Washer with Cleaning Beads and Wringer</p><p>$22.99</p><a href="https://www.amazon.com/dp/B0CLLSY2BT?tag=eloabder-20&linkCode=osi&th=1&psc=1">View Product</a></div><div class="product"><a href="https://www.amazon.com/dp/B013PB35N4?tag=eloabder-20&linkCode=osi&th=1&psc=1"><img src="https://m.media-amazon.com/images/I/419miJHrhtL._SL500_.jpg" alt="Product Image"></a><p>US Art Supply Deluxe Brush Cleaner-Brush Washer with Wash Tank</p><p>$18.99</p><a href="https://www.amazon.com/dp/B013PB35N4?tag=eloabder-20&linkCode=osi&th=1&psc=1">View Product</a></div>
<div class="product"><a href="https://www.amazon.com/dp/B07GH7WGC3?tag=eloabder-20&linkCode=osi&th=1&psc=1"><img src="https://m.media-amazon.com/images/I/51vzX1OZI6L._SL500_.jpg" alt="Product Image"></a><p>BOSOBO Paint Brushes Set, 2 Pack 20 Pcs Round-Pointed Tip Paintbrushes Nylon Hair Artist Acrylic Paint Brushes for Acrylic Oil Watercolor, Face Nail Art, Miniature Detailing & Rock Painting, Blue</p><p>$7.49 ($0.37 / Count)</p><a href="https://www.amazon.com/dp/B07GH7WGC3?tag=eloabder-20&linkCode=osi&th=1&psc=1">View Product</a></div><div class="product"><a href="https://www.amazon.com/dp/B078XJ2DCJ?tag=eloabder-20&linkCode=osi&th=1&psc=1"><img src="https://m.media-amazon.com/images/I/616oHEXPN1S._SL500_.jpg" alt="Product Image"></a><p>Pro Grade - Chip Paint Brushes - 36-Pack - 2 Inch Chip Brush for Paints, Stains, Varnishes, Glues, & Gesso</p><p>$17.99</p><a href="https://www.amazon.com/dp/B078XJ2DCJ?tag=eloabder-20&linkCode=osi&th=1&psc=1">View Product</a></div>

<div class="product"><a href="https://www.amazon.com/dp/B000YQJVFA?tag=eloabder-20&linkCode=osi&th=1&psc=1"><img src="https://m.media-amazon.com/images/I/51so-OSRt+L._SL500_.jpg" alt="Product Image"></a><p>Winsor & Newton Calligraphy Ink, 30ml (1-oz) Bottle, Black</p><p>$10.07 ($10.07 / Count)</p><a href="https://www.amazon.com/dp/B000YQJVFA?tag=eloabder-20&linkCode=osi&th=1&psc=1">View Product</a></div><div class="product"><a href="https://www.amazon.com/dp/B0026SBYUE?tag=eloabder-20&linkCode=osi&th=1&psc=1"><img src="https://m.media-amazon.com/images/I/412Ga9k1q8L._SL500_.jpg" alt="Product Image"></a><p>Higgins Black Calligraphy Ink, 2.5 Ounce Bottle (44314)</p><p>$5.99</p><a href="https://www.amazon.com/dp/B0026SBYUE?tag=eloabder-20&linkCode=osi&th=1&psc=1">View Product</a></div><div class="product"><a href="https://www.amazon.com/dp/B0CXDBD77N?tag=eloabder-20&linkCode=osi&th=1&psc=1"><img src="https://m.media-amazon.com/images/I/41x1EZv3P3L._SL500_.jpg" alt="Product Image"></a><p>SEAMEW 250 ML/8.8 OZ Calligraphy and Sumi Liquid Ink - Versatile Elegance for Chinese Traditional Art Works and Japanese Brush Art</p><p>$11.49</p><a href="https://www.amazon.com/dp/B0CXDBD77N?tag=eloabder-20&linkCode=osi&th=1&psc=1">View Product</a></div><div class="product"><a href="https://www.amazon.com/dp/B0CR3ML8VS?tag=eloabder-20&linkCode=osi&th=1&psc=1"><img src="https://m.media-amazon.com/images/I/41fLIKySQZL._SL500_.jpg" alt="Product Image"></a><p>Hmayart Prepared Super Thick Liquid Black Ink for Japanese Brush Calligraphy & Chinese Traditional Artworks (MZ010 250g)</p><p>$11.99</p><a href="https://www.amazon.com/dp/B0CR3ML8VS?tag=eloabder-20&linkCode=osi&th=1&psc=1">View Product</a></div><div class="product"><a href="https://www.amazon.com/dp/B0039OQ0J4?tag=eloabder-20&linkCode=osi&th=1&psc=1"><img src="https://m.media-amazon.com/images/I/41RRlR55P9L._SL500_.jpg" alt="Product Image"></a><p>Daiso Sumi Calligraphy Liquid Ink in a 180ml Bottle (Japan Import)</p><p>$8.99</p><a href="https://www.amazon.com/dp/B0039OQ0J4?tag=eloabder-20&linkCode=osi&th=1&psc=1">View Product</a></div><div class="product"><a href="https://www.amazon.com/dp/B074KJ289G?tag=eloabder-20&linkCode=osi&th=1&psc=1"><img src="https://m.media-amazon.com/images/I/41FZT3aCChL._SL500_.jpg" alt="Product Image"></a><p>Easyou Redstar Liquid Ink for Professioanl Traditional Calligraphy and Brush Painting Chinese Ink Liquid (Black&1pcs*180ML)</p><p>$10.99</p><a href="https://www.amazon.com/dp/B074KJ289G?tag=eloabder-20&linkCode=osi&th=1&psc=1">View Product</a></div><div class="product"><a href="https://www.amazon.com/dp/B07JYJ6C1W?tag=eloabder-20&linkCode=osi&th=1&psc=1"><img src="https://m.media-amazon.com/images/I/51IAnrWkw6L._SL500_.jpg" alt="Product Image"></a><p>MZ001 HmayartBlack Sumi Liquid Ink for Japanese Brush Calligraphy & Chinese Traditional Artworks 250ml (black)</p><p>$13.99</p><a href="https://www.amazon.com/dp/B07JYJ6C1W?tag=eloabder-20&linkCode=osi&th=1&psc=1">View Product</a></div><div class="product"><a href="https://www.amazon.com/dp/B0894L9M2C?tag=eloabder-20&linkCode=osi&th=1&psc=1"><img src="https://m.media-amazon.com/images/I/51H5LBUAZcL._SL500_.jpg" alt="Product Image"></a><p>24 Colors Calligraphy Ink Set, Calligraphy Fountain Glass Dip Pen Color Ink Caligrapher Pen Ink Bottle Set, Gold Powder Drawing Writing Art Ink with Gift Box - 24 x 7ml</p><p>$21.98</p><a href="https://www.amazon.com/dp/B0894L9M2C?tag=eloabder-20&linkCode=osi&th=1&psc=1">View Product</a></div><div class="product"><a href="https://www.amazon.com/dp/B0C49WVM7L?tag=eloabder-20&linkCode=osi&th=1&psc=1"><img src="https://m.media-amazon.com/images/I/41zxtjGWS1L._SL500_.jpg" alt="Product Image"></a><p>AOKUY 24 Colors Calligraphy Ink Set,Calligraphy Inks,Colorful Dip Pen Ink Set,Gold Powder Drawing Writing Art Ink with Gift Box</p><p>$16.99</p><a href="https://www.amazon.com/dp/B0C49WVM7L?tag=eloabder-20&linkCode=osi&th=1&psc=1">View Product</a></div>
<div class="product"><a href="https://www.amazon.com/dp/B0007ZJ8QU?tag=eloabder-20&linkCode=osi&th=1&psc=1"><img src="https://m.media-amazon.com/images/I/41vTwN7L9NL._SL500_.jpg" alt="Product Image"></a><p>Speedball C-Series Lettering Pen Set - 1 Penholder w/ 6 Nibs</p><p>$11.99</p><a href="https://www.amazon.com/dp/B0007ZJ8QU?tag=eloabder-20&linkCode=osi&th=1&psc=1">View Product</a></div><div class="product"><a href="https://www.amazon.com/dp/B003IGNH30?tag=eloabder-20&linkCode=osi&th=1&psc=1"><img src="https://m.media-amazon.com/images/I/412WGB9WzGL._SL500_.jpg" alt="Product Image"></a><p>Speedball 30710 10 Pen Nib Assorted Set</p><p>$21.99</p><a href="https://www.amazon.com/dp/B003IGNH30?tag=eloabder-20&linkCode=osi&th=1&psc=1">View Product</a></div><div class="product"><a href="https://www.amazon.com/dp/B0CQTCZRYC?tag=eloabder-20&linkCode=osi&th=1&psc=1"><img src="https://m.media-amazon.com/images/I/41+d7oXaTvL._SL500_.jpg" alt="Product Image"></a><p>10PCS Oblique Calligraphy Dip Pen Set Comic Pen Nib Set Fluid Writer Pen, 2-in-1 Drawing Pen Holder with 8 Pieces Stainless Steel Pen Replacement Nibs Nib for Writing, Painting, Signing, Sketch</p><p>$6.49</p><a href="https://www.amazon.com/dp/B0CQTCZRYC?tag=eloabder-20&linkCode=osi&th=1&psc=1">View Product</a></div><div class="product"><a href="https://www.amazon.com/dp/B000BYQLT4?tag=eloabder-20&linkCode=osi&th=1&psc=1"><img src="https://m.media-amazon.com/images/I/41Tmn+y1-xL._SL500_.jpg" alt="Product Image"></a><p>Speedball Calligraphy Pen Set - 1 Penholder w/ 4 Nibs, 2 Pen Tips</p><p>$13.99</p><a href="https://www.amazon.com/dp/B000BYQLT4?tag=eloabder-20&linkCode=osi&th=1&psc=1">View Product</a></div><div class="product"><a href="https://www.amazon.com/dp/B0B3CVPWMF?tag=eloabder-20&linkCode=osi&th=1&psc=1"><img src="https://m.media-amazon.com/images/I/41Zw4tqW+HL._SL500_.jpg" alt="Product Image"></a><p>Mewutal 2Pcs/Set Comic Pen Nib Set Pen Nibs Replacements for Calligraphy Manga Writing Painting(Pumpkin Head Nib)</p><p>$7.99</p><a href="https://www.amazon.com/dp/B0B3CVPWMF?tag=eloabder-20&linkCode=osi&th=1&psc=1">View Product</a></div><div class="product"><a href="https://www.amazon.com/dp/B0BVR4M5X4?tag=eloabder-20&linkCode=osi&th=1&psc=1"><img src="https://m.media-amazon.com/images/I/515TyiGpQKL._SL500_.jpg" alt="Product Image"></a><p>Wonwood_direct Calligraphy set, 7 Calligraphy Pens with Different Nibs and 40 Ink Cartridges in 13 Colors for Beginner Writing Drawing for Greeting Card Signature Calligraphy (Type 1)</p><p>$15.99</p><a href="https://www.amazon.com/dp/B0BVR4M5X4?tag=eloabder-20&linkCode=osi&th=1&psc=1">View Product</a></div><div class="product"><a href="https://www.amazon.com/dp/B0BGRM97MF?tag=eloabder-20&linkCode=osi&th=1&psc=1"><img src="https://m.media-amazon.com/images/I/41vB7fs3VbL._SL500_.jpg" alt="Product Image"></a><p>Gullor A Bunch of Nibs for Comic Dip Pen, Assorted Calligraphy Dip Pen Nibs, Various Sizes and Shapes, 33 Nibs in Box</p><p>$9.99</p><a href="https://www.amazon.com/dp/B0BGRM97MF?tag=eloabder-20&linkCode=osi&th=1&psc=1">View Product</a></div>
<div class="product"><a href="https://www.amazon.com/dp/B000KNNVX0?tag=eloabder-20&linkCode=osi&th=1&psc=1"><img src="https://m.media-amazon.com/images/I/51RAGoN6UsL._SL500_.jpg" alt="Product Image"></a><p>Strathmore STR- 50 Sheet Tape Bound Calligraphy Pad, 8.5 by 11", White</p><p>$7.83</p><a href="https://www.amazon.com/dp/B000KNNVX0?tag=eloabder-20&linkCode=osi&th=1&psc=1">View Product</a></div><div class="product"><a href="https://www.amazon.com/dp/B00PGBVNM2?tag=eloabder-20&linkCode=osi&th=1&psc=1"><img src="https://m.media-amazon.com/images/I/51VvCXPD-QL._SL500_.jpg" alt="Product Image"></a><p>U.S. Art Supply (Pack of 2 Pads) - 9" x 12" Premium Calligraphic Practice Paper Pad, 19 Pound Bond (70gsm), Pad of 50-Sheets, Calligraphy Paper with Printed Practice Rule and Slanted Grid</p><p>$12.99</p><a href="https://www.amazon.com/dp/B00PGBVNM2?tag=eloabder-20&linkCode=osi&th=1&psc=1">View Product</a></div><div class="product"><a href="https://www.amazon.com/dp/B0CQ1VTM1R?tag=eloabder-20&linkCode=osi&th=1&psc=1"><img src="https://m.media-amazon.com/images/I/31pMzPI5pdL._SL500_.jpg" alt="Product Image"></a><p>50 Sheets Watercolor Paper 8 x 6inch Deckled Edge Paper 190 GSM Rough/Textured Handmade Paper Cotton Paper White Textured Paper for Watercolor, Writing Calligraphy, Invitations, Letters</p><p>$12.99 ($0.26 / Count)</p><a href="https://www.amazon.com/dp/B0CQ1VTM1R?tag=eloabder-20&linkCode=osi&th=1&psc=1">View Product</a></div><div class="product"><a href="https://www.amazon.com/dp/B0CGHVSX6W?tag=eloabder-20&linkCode=osi&th=1&psc=1"><img src="https://m.media-amazon.com/images/I/41pAexcoWlL._SL500_.jpg" alt="Product Image"></a><p>KYMY Chinese/Japanese Calligraphy Paper 100PCS, Sumi/Rice Paper for Writing Painting Drawing Practice, Chinese Brush Ink Xuan Paper, Half Sheng Shu (Half Raw Ripe) (34 x 34 cm (13.38 x 13.38 Inch))</p><p>$10.99 ($0.11 / Count)</p><a href="https://www.amazon.com/dp/B0CGHVSX6W?tag=eloabder-20&linkCode=osi&th=1&psc=1">View Product</a></div>
<div class="product"><a href="https://www.amazon.com/dp/B08FCZC2R3?tag=eloabder-20&linkCode=osi&th=1&psc=1"><img src="https://m.media-amazon.com/images/I/51TWqPlqpfL._SL500_.jpg" alt="Product Image"></a><p>Craft 'n' Beyond Calligraphy Brush Pens Pack of 3 Small, Medium and Large Markers for Hand Lettering, Art Drawing, Sketching, Scrapbooking, Journaling - Beginner Kit with Fadeproof Black Ink</p><p>$5.49</p><a href="https://www.amazon.com/dp/B08FCZC2R3?tag=eloabder-20&linkCode=osi&th=1&psc=1">View Product</a></div><div class="product"><a href="https://www.amazon.com/dp/B0B67TWWDG?tag=eloabder-20&linkCode=osi&th=1&psc=1"><img src="https://m.media-amazon.com/images/I/5188ARIL9sL._SL500_.jpg" alt="Product Image"></a><p>Brusarth Calligraphy Pens, 8 Size Calligraphy Pens for Writing, Brush Pens Calligraphy Set for Beginners, Hand Lettering Pens, Brush Markers Set, Black Ink Drawing Pens</p><p>$8.95</p><a href="https://www.amazon.com/dp/B0B67TWWDG?tag=eloabder-20&linkCode=osi&th=1&psc=1">View Product</a></div><div class="product"><a href="https://www.amazon.com/dp/B000SHQFEA?tag=eloabder-20&linkCode=osi&th=1&psc=1"><img src="https://m.media-amazon.com/images/I/41sx3qStImL._SL500_.jpg" alt="Product Image"></a><p>edding 1255 calligraphy pen - black - 3 pens - calligraphy nib 2 - 5 mm - fibre pens for paper, wood, terracotta, canvas - hand lettering, bullet journals, thank you cards, calligraphy books</p><p>$6.50</p><a href="https://www.amazon.com/dp/B000SHQFEA?tag=eloabder-20&linkCode=osi&th=1&psc=1">View Product</a></div><div class="product"><a href="https://www.amazon.com/dp/B001DKJLEC?tag=eloabder-20&linkCode=osi&th=1&psc=1"><img src="https://m.media-amazon.com/images/I/41x7A8wo7YL._SL500_.jpg" alt="Product Image"></a><p>Speedball Elegant Writer Calligraphy 4 Marker Set, Black, 2.0 mm, 2.5 mm & 3.0 mm Chisel Nib Tip Pens for Drawing, Journaling, and Scrapbooking</p><p>$9.99 ($2.50 / Count)</p><a href="https://www.amazon.com/dp/B001DKJLEC?tag=eloabder-20&linkCode=osi&th=1&psc=1">View Product</a></div><div class="product"><a href="https://www.amazon.com/dp/B08RYWH185?tag=eloabder-20&linkCode=osi&th=1&psc=1"><img src="https://m.media-amazon.com/images/I/51GFkyfC3iL._SL500_.jpg" alt="Product Image"></a><p>Piochoo Calligraphy Pens,8 Size Calligraphy Pens for Writing,Brush Pens Calligraphy Set for Beginners, Hand Lettering Pens</p><p>$12.99</p><a href="https://www.amazon.com/dp/B08RYWH185?tag=eloabder-20&linkCode=osi&th=1&psc=1">View Product</a></div>
<div class="product"><a href="https://www.amazon.com/dp/B0C66K9NHR?tag=eloabder-20&linkCode=osi&th=1&psc=1"><img src="https://m.media-amazon.com/images/I/51As2T+7gzL._SL500_.jpg" alt="Product Image"></a><p>Calligraphy Kit for Beginners - Calligraphy Pen Set with Calligraphy Workbook</p><p>$26.89</p><a href="https://www.amazon.com/dp/B0C66K9NHR?tag=eloabder-20&linkCode=osi&th=1&psc=1">View Product</a></div><div class="product"><a href="https://www.amazon.com/dp/B081J6QLZN?tag=eloabder-20&linkCode=osi&th=1&psc=1"><img src="https://m.media-amazon.com/images/I/41lK2Gw0JZL._SL500_.jpg" alt="Product Image"></a><p>Trustela Calligraphy Set for Beginners, Dip Pen Set with 19 Nibs, Oblique Pen Holder, Wooden Pen Set</p><p>$21.99</p><a href="https://www.amazon.com/dp/B081J6QLZN?tag=eloabder-20&linkCode=osi&th=1&psc=1">View Product</a></div><div class="product"><a href="https://www.amazon.com/dp/B0BCVDNPRJ?tag=eloabder-20&linkCode=osi&th=1&psc=1"><img src="https://m.media-amazon.com/images/I/51J-hFN4AeL._SL500_.jpg" alt="Product Image"></a><p>GC QUILL Calligraphy Pens Set 64pcs - Calligraphy Fountain Pen Set with 3 Fountain Pens, 7 Varied Nibs, 54 Ink Cartridges(10 Colors) - Writing, Drawing and Calligraphy Practice for beginner GC-F354</p><p>$23.99</p><a href="https://www.amazon.com/dp/B0BCVDNPRJ?tag=eloabder-20&linkCode=osi&th=1&psc=1">View Product</a></div>
<div class="product"><a href="https://www.amazon.com/dp/B092Q8BQC1?tag=eloabder-20&linkCode=osi&th=1&psc=1"><img src="https://m.media-amazon.com/images/I/51gdXkGIguS._SL500_.jpg" alt="Product Image"></a><p>AIYNC Feather Calligraphy Pen Ink Set, Includes Quill Pen and Wooden Dip Pen, Ink,17 Replacement Nib, Pen Base, 3 Wax Seal Sticks, Stamp, White Wax, Spoon, Envelope Letter Paper, Envelope Tool(Green)</p><p>$22.99</p><a href="https://www.amazon.com/dp/B092Q8BQC1?tag=eloabder-20&linkCode=osi&th=1&psc=1">View Product</a></div>

<div class="product"><a href="https://www.amazon.com/dp/B0D3HPD7WP?tag=eloabder-20&linkCode=osi&th=1&psc=1"><img src="https://m.media-amazon.com/images/I/31KSmmAWUWL._SL500_.jpg" alt="Product Image"></a><p>50 Sheets Grey Cardstock Paper, Colored Printer Paper 8.5 x 11, Thick Construction Paper for Cards Making, Scrapbook，Office Printing, Invitations, Certificates，DIY Crafting 92 lb/250gsm</p><p>$9.99</p><a href="https://www.amazon.com/dp/B0D3HPD7WP?tag=eloabder-20&linkCode=osi&th=1&psc=1">View Product</a></div>
<div class="product"><a href="https://www.amazon.com/dp/B076CP6F36?tag=eloabder-20&linkCode=osi&th=1&psc=1"><img src="https://m.media-amazon.com/images/I/51rfEIvgI+L._SL500_.jpg" alt="Product Image"></a><p>Apple Barrel, Vibrant Spectrum Collection Acrylic Craft Paint, PROMOABIII, 2 fl oz each, 16 assorted matte colors, 16 count</p><p>$15.97 ($0.50 / Fl Oz)</p><a href="https://www.amazon.com/dp/B076CP6F36?tag=eloabder-20&linkCode=osi&th=1&psc=1">View Product</a></div><div class="product"><a href="https://www.amazon.com/dp/B0BKFLSYQF?tag=eloabder-20&linkCode=osi&th=1&psc=1"><img src="https://m.media-amazon.com/images/I/51a0PmPRknL._SL500_.jpg" alt="Product Image"></a><p>72 Pack Acrylic Paint Set, Shuttle Art 60 Colors Acrylic Paint Including Extra White Black & 12 Brushes, 2oz/60ml, Rich Pigmented, Water Proof, Ideal for Artists, Beginners on Canvas Rock Wood Ceramic</p><p>$45.99 ($23.00 / Fl Oz)</p><a href="https://www.amazon.com/dp/B0BKFLSYQF?tag=eloabder-20&linkCode=osi&th=1&psc=1">View Product</a></div><div class="product"><a href="https://www.amazon.com/dp/B08CB3JH79?tag=eloabder-20&linkCode=osi&th=1&psc=1"><img src="https://m.media-amazon.com/images/I/51OUZsFdnTL._SL500_.jpg" alt="Product Image"></a><p>Acrylic Paint Set of 36 Colors 2fl oz 60ml Bottles,Non Toxic 36 Colors Acrylic Paint No Fading Rich Pigment for Kids Adults Artists Canvas Crafts Wood Painting</p><p>$32.99 ($0.46 / Fl Oz)</p><a href="https://www.amazon.com/dp/B08CB3JH79?tag=eloabder-20&linkCode=osi&th=1&psc=1">View Product</a></div><div class="product"><a href="https://www.amazon.com/dp/B0018NBVKQ?tag=eloabder-20&linkCode=osi&th=1&psc=1"><img src="https://m.media-amazon.com/images/I/31YlSvZMTCL._SL500_.jpg" alt="Product Image"></a><p>Apple Barrel Acrylic Paint in Assorted Colors (8 Ounce), 20403 White</p><p>$2.67 ($0.33 / Fl Oz)</p><a href="https://www.amazon.com/dp/B0018NBVKQ?tag=eloabder-20&linkCode=osi&th=1&psc=1">View Product</a></div><div class="product"><a href="https://www.amazon.com/dp/B077WSBLZ1?tag=eloabder-20&linkCode=osi&th=1&psc=1"><img src="https://m.media-amazon.com/images/I/51KPkXpLn1L._SL500_.jpg" alt="Product Image"></a><p>Shuttle Art Acrylic Paint Set, 30 x12ml Tubes Artist Quality Non Toxic Rich Pigments Colors Great for Kids Adults Professional Painting on Rocks Canvas Wood Clay Fabric Ceramic Crafts</p><p>$12.99 ($1.08 / Fl Oz)</p><a href="https://www.amazon.com/dp/B077WSBLZ1?tag=eloabder-20&linkCode=osi&th=1&psc=1">View Product</a></div><div class="product"><a href="https://www.amazon.com/dp/B00889Z5Y6?tag=eloabder-20&linkCode=osi&th=1&psc=1"><img src="https://m.media-amazon.com/images/I/41MQjsyDbSL._SL500_.jpg" alt="Product Image"></a><p>Apple Barrel Acrylic Paint in Assorted Colors (2 oz), 20764, Apricot</p><p>$0.58 ($0.29 / Fl Oz)</p><a href="https://www.amazon.com/dp/B00889Z5Y6?tag=eloabder-20&linkCode=osi&th=1&psc=1">View Product</a></div><div class="product"><a href="https://www.amazon.com/dp/B09TWQD5ZL?tag=eloabder-20&linkCode=osi&th=1&psc=1"><img src="https://m.media-amazon.com/images/I/41B0L003QXL._SL500_.jpg" alt="Product Image"></a><p>Artkey Acrylic Paint Set - 24 colors 2 oz/59 ml Acrylic Paints Professional Artists Painting Kit for Canvases Fabric Rock Leather Easter Egg Wood Ceramic Glass Art Craft Painting</p><p>$19.99 ($0.42 / Fl Oz)</p><a href="https://www.amazon.com/dp/B09TWQD5ZL?tag=eloabder-20&linkCode=osi&th=1&psc=1">View Product</a></div><div class="product"><a href="https://www.amazon.com/dp/B07Z93LQDB?tag=eloabder-20&linkCode=osi&th=1&psc=1"><img src="https://m.media-amazon.com/images/I/51veoN6zK0L._SL500_.jpg" alt="Product Image"></a><p>Shuttle Art Acrylic Paint Set, 36 Colors Acrylic Paint with Brushes & Palette, 2oz Bottles, Rich Pigments Non-toxic Paint for Artists Kids & Adults, Art Supplies for Canvas Rock Ceramic Wood Painting</p><p>$27.99</p><a href="https://www.amazon.com/dp/B07Z93LQDB?tag=eloabder-20&linkCode=osi&th=1&psc=1">View Product</a></div><div class="product"><a href="https://www.amazon.com/dp/B002665SYY?tag=eloabder-20&linkCode=osi&th=1&psc=1"><img src="https://m.media-amazon.com/images/I/31sJJeWK6OS._SL500_.jpg" alt="Product Image"></a><p>Liquitex BASICS Acrylic Paint, 250ml (8.5-oz) Tube, Titanium White</p><p>$9.99 ($1.18 / Fl Oz)</p><a href="https://www.amazon.com/dp/B002665SYY?tag=eloabder-20&linkCode=osi&th=1&psc=1">View Product</a></div>
<div class="product"><a href="https://www.amazon.com/dp/B0CC98XLGL?tag=eloabder-20&linkCode=osi&th=1&psc=1"><img src="https://m.media-amazon.com/images/I/51ZLw+nThiL._SL500_.jpg" alt="Product Image"></a><p>HUIRUSO 4 Pack Double Sided Tape Roller, Scrapbook Supplies, Glue Tape Roller for Crafts, Double-Sided Adhesive Tape Runner for Scrapbooking, School Office Journaling Supplies (0.31 in X 26.25 ft)</p><p>$6.99 ($1.75 / Count)</p><a href="https://www.amazon.com/dp/B0CC98XLGL?tag=eloabder-20&linkCode=osi&th=1&psc=1">View Product</a></div><div class="product"><a href="https://www.amazon.com/dp/B007XAAE6K?tag=eloabder-20&linkCode=osi&th=1&psc=1"><img src="https://m.media-amazon.com/images/I/414qxYVR0wL._SL500_.jpg" alt="Product Image"></a><p>Scotch Double Sided Tape Runner, 1-Pack, 0.27 in x 26 ft., Perfect for Holiday Crafts, Gifts, and More</p><p>$4.47</p><a href="https://www.amazon.com/dp/B007XAAE6K?tag=eloabder-20&linkCode=osi&th=1&psc=1">View Product</a></div><div class="product"><a href="https://www.amazon.com/dp/B0BZVGPFSK?tag=eloabder-20&linkCode=osi&th=1&psc=1"><img src="https://m.media-amazon.com/images/I/51-ue9+7JkL._SL500_.jpg" alt="Product Image"></a><p>Birllaid Double Sided Tape for Walls, Picture Hanging Strips Removable Mounting Dots Adhesive Heavy Duty, Removable for Art Craft, Decoration, Party Supplies, Multipurpose</p><p>$11.99</p><a href="https://www.amazon.com/dp/B0BZVGPFSK?tag=eloabder-20&linkCode=osi&th=1&psc=1">View Product</a></div><div class="product"><a href="https://www.amazon.com/dp/B0CGVN9SL1?tag=eloabder-20&linkCode=osi&th=1&psc=1"><img src="https://m.media-amazon.com/images/I/41Hy+i4CnoL._SL500_.jpg" alt="Product Image"></a><p>30Ft x 1 Inch Hook and Loop Strips with Adhesive,Double Rolls of Heavy Duty Self Adhesive Tape with Backing, Nylon Self Adhesive Tape for Home Office School and Crafting,White</p><p>$9.99</p><a href="https://www.amazon.com/dp/B0CGVN9SL1?tag=eloabder-20&linkCode=osi&th=1&psc=1">View Product</a></div><div class="product"><a href="https://www.amazon.com/dp/B07Y3VDPLF?tag=eloabder-20&linkCode=osi&th=1&psc=1"><img src="https://m.media-amazon.com/images/I/41cyKQ2OMuL._SL500_.jpg" alt="Product Image"></a><p>Melsan 1x4 inch Hook and Loop Strips with Adhesive - 15 Sets, Strong Back Adhesive Fasten Mounting Tape for Home or Office Use - Instead of Holes and Screws, Black</p><p>$7.82</p><a href="https://www.amazon.com/dp/B07Y3VDPLF?tag=eloabder-20&linkCode=osi&th=1&psc=1">View Product</a></div><div class="product"><a href="https://www.amazon.com/dp/B07V57VJT5?tag=eloabder-20&linkCode=osi&th=1&psc=1"><img src="https://m.media-amazon.com/images/I/514JO3bvl3L._SL500_.jpg" alt="Product Image"></a><p>XFasten Adhesive Roller for Scrapbooking, 8mm x 30ft 4-Pack Double Sided Glue Tape Roller, Scrapbook Supplies for Adults, Photo Tape for Scrapbooking</p><p>$9.99 ($2.50 / Count)</p><a href="https://www.amazon.com/dp/B07V57VJT5?tag=eloabder-20&linkCode=osi&th=1&psc=1">View Product</a></div><div class="product"><a href="https://www.amazon.com/dp/B07JLTGQHX?tag=eloabder-20&linkCode=osi&th=1&psc=1"><img src="https://m.media-amazon.com/images/I/51Eqfo7kUZL._SL500_.jpg" alt="Product Image"></a><p>UPINS 120 Pack Double Sided Foam Tape Square Self-Adhesive Foam Tape Black Strong Tape Pads for DIY Art Crafts Supplies</p><p>$9.99 ($0.08 / Count)</p><a href="https://www.amazon.com/dp/B07JLTGQHX?tag=eloabder-20&linkCode=osi&th=1&psc=1">View Product</a></div><div class="product"><a href="https://www.amazon.com/dp/B005FM6XF4?tag=eloabder-20&linkCode=osi&th=1&psc=1"><img src="https://m.media-amazon.com/images/I/51-vp1WJ89L._SL500_.jpg" alt="Product Image"></a><p>AdTech 5603 Permanent Crafter's Tape, 0.31" x 315", Pack of 4</p><p>$7.84 ($0.07 / Foot)</p><a href="https://www.amazon.com/dp/B005FM6XF4?tag=eloabder-20&linkCode=osi&th=1&psc=1">View Product</a></div><div class="product"><a href="https://www.amazon.com/dp/B0CJF1FLFJ?tag=eloabder-20&linkCode=osi&th=1&psc=1"><img src="https://m.media-amazon.com/images/I/51dig1RqzdL._SL500_.jpg" alt="Product Image"></a><p>UPINS 150Pack Double Sided Foam Tape Strong Sticky Double Sided Foam Pads for Crafts Self-Adhesive Mounting Foam Tape Heavy Duty for Home Wall Decor 40 * 40 * 2mm</p><p>$8.99 ($0.06 / Count)</p><a href="https://www.amazon.com/dp/B0CJF1FLFJ?tag=eloabder-20&linkCode=osi&th=1&psc=1">View Product</a></div><div class="product"><a href="https://www.amazon.com/dp/B0D4YWRGCL?tag=eloabder-20&linkCode=osi&th=1&psc=1"><img src="https://m.media-amazon.com/images/I/41EqJ553-KL._SL500_.jpg" alt="Product Image"></a><p>Amanbo Glue Tape for Scrapbooking, 6 Pack Scrapbook Tape, Double Sided Tape Roller for Crafts, Total 120 Ft x 0.24 in Tape Runner, Craft Supplies for Scrapbooking, Gift Wrapping and Photo Tape</p><p>$6.99</p><a href="https://www.amazon.com/dp/B0D4YWRGCL?tag=eloabder-20&linkCode=osi&th=1&psc=1">View Product</a></div>
<div class="product"><a href="https://www.amazon.com/dp/B0CC5HPPTN?tag=eloabder-20&linkCode=osi&th=1&psc=1"><img src="https://m.media-amazon.com/images/I/519M81S201L._SL500_.jpg" alt="Product Image"></a><p>Airbrush Paint - 30 Colors with 3 Thinner, Ready to Spray Airbrush Paint Set, Water-Based Acrylic Air brush Paints for Metal, Plastic Models, Canvas, Wood, 20ml/Bottle</p><p>$32.99 ($1.48 / Fl Oz)</p><a href="https://www.amazon.com/dp/B0CC5HPPTN?tag=eloabder-20&linkCode=osi&th=1&psc=1">View Product</a></div>
<div class="product"><a href="https://www.amazon.com/dp/B0CXPSGK36?tag=eloabder-20&linkCode=osi&th=1&psc=1"><img src="https://m.media-amazon.com/images/I/51dd2dYOtrL._SL500_.jpg" alt="Product Image"></a><p>Letter Stickers 30 Sheets 1500 PCS Large Alphabet Sticker 2 Inch Vinyl Self Adhesive Stick on Stickers for Water Bottles Cup Mailbox Number Address Craft Scrapbooking Bulletin Board Decor Multicolor</p><p>$9.99</p><a href="https://www.amazon.com/dp/B0CXPSGK36?tag=eloabder-20&linkCode=osi&th=1&psc=1">View Product</a></div><div class="product"><a href="https://www.amazon.com/dp/B07NNYFMGY?tag=eloabder-20&linkCode=osi&th=1&psc=1"><img src="https://m.media-amazon.com/images/I/51yDnU+gEXL._SL500_.jpg" alt="Product Image"></a><p>20 Sheets Alphabet Letter Stickers 10 Colors Self Adhesive Sticker Colorful PU Material Convex Feeling (Colored Letter Stickers 1)</p><p>$6.99 ($0.35 / Count)</p><a href="https://www.amazon.com/dp/B07NNYFMGY?tag=eloabder-20&linkCode=osi&th=1&psc=1">View Product</a></div>

<div class="product"><a href="https://www.amazon.com/dp/B01DDN8854?tag=eloabder-20&linkCode=osi&th=1&psc=1"><img src="https://m.media-amazon.com/images/I/61dPubDZBSL._SL500_.jpg" alt="Product Image"></a><p>Hugs 'n Kisses HNKHABY13 Applique Paper (20 Pack)</p><p>$19.72 ($0.99 / Count)</p><a href="https://www.amazon.com/dp/B01DDN8854?tag=eloabder-20&linkCode=osi&th=1&psc=1">View Product</a></div>
<div class="product"><a href="https://www.amazon.com/dp/B09KPNFJW1?tag=eloabder-20&linkCode=osi&th=1&psc=1"><img src="https://m.media-amazon.com/images/I/41abn5fELmL._SL500_.jpg" alt="Product Image"></a><p>UniPleased Disposable Aprons (50 Count), Plastic apron for Painting Party, Cooking, Housework, Picnic etc.</p><p>$5.69</p><a href="https://www.amazon.com/dp/B09KPNFJW1?tag=eloabder-20&linkCode=osi&th=1&psc=1">View Product</a></div>
<div class="product"><a href="https://www.amazon.com/dp/B087M21MM2?tag=eloabder-20&linkCode=osi&th=1&psc=1"><img src="https://m.media-amazon.com/images/I/41Xf-jehhLL._SL500_.jpg" alt="Product Image"></a><p>GOTIDEAL Stretched Canvas, Multi Pack 4x4, 5x7, 8x10,9x12, 11x14 Set of 10, Primed White - 100% Cotton Artist Canvas Boards for Painting, Acrylic Pouring, Oil Paint Dry & Wet Art Media</p><p>$24.99</p><a href="https://www.amazon.com/dp/B087M21MM2?tag=eloabder-20&linkCode=osi&th=1&psc=1">View Product</a></div><div class="product"><a href="https://www.amazon.com/dp/B00OQJYISG?tag=eloabder-20&linkCode=osi&th=1&psc=1"><img src="https://m.media-amazon.com/images/I/31fEDLPkkcL._SL500_.jpg" alt="Product Image"></a><p>6 Count 12” x 16” Super Value Canvas by Artist's Loft Necessities - Acid Free Cotton Canvas for Paint, Acrylic, & Oils - 1 Pack</p><p>$19.99</p><a href="https://www.amazon.com/dp/B00OQJYISG?tag=eloabder-20&linkCode=osi&th=1&psc=1">View Product</a></div><div class="product"><a href="https://www.amazon.com/dp/B09CDKB9HY?tag=eloabder-20&linkCode=osi&th=1&psc=1"><img src="https://m.media-amazon.com/images/I/51+p5xnClGL._SL500_.jpg" alt="Product Image"></a><p>DPDIAN Canvas Boards for Painting 40 Pack, 8 inch x 10 inch Super Value Pack, Artist Canvas Panels for Oil & Acrylic Painting</p><p>$29.99</p><a href="https://www.amazon.com/dp/B09CDKB9HY?tag=eloabder-20&linkCode=osi&th=1&psc=1">View Product</a></div><div class="product"><a href="https://www.amazon.com/dp/B0CFBGP29G?tag=eloabder-20&linkCode=osi&th=1&psc=1"><img src="https://m.media-amazon.com/images/I/3147Az5plbL._SL500_.jpg" alt="Product Image"></a><p>ArtSkills Stretched Canvases for Painting, 12x16 Canvas Painting Supplies for Artists, Blank Canvas Pack, 2-Pack</p><p>$16.99</p><a href="https://www.amazon.com/dp/B0CFBGP29G?tag=eloabder-20&linkCode=osi&th=1&psc=1">View Product</a></div><div class="product"><a href="https://www.amazon.com/dp/B07BNGQ1SS?tag=eloabder-20&linkCode=osi&th=1&psc=1"><img src="https://m.media-amazon.com/images/I/410ZVtygUwS._SL500_.jpg" alt="Product Image"></a><p>PHOENIX Stretched Canvas for Painting 8x10 Inch/10 Value Pack, 8 Oz Triple Primed 5/8 Inch Profile 100% Cotton White Blank Canvas, Artist Framed Canvas for Oil Acrylic & Pouring Art</p><p>$22.99</p><a href="https://www.amazon.com/dp/B07BNGQ1SS?tag=eloabder-20&linkCode=osi&th=1&psc=1">View Product</a></div><div class="product"><a href="https://www.amazon.com/dp/B0922JP1H4?tag=eloabder-20&linkCode=osi&th=1&psc=1"><img src="https://m.media-amazon.com/images/I/41BmiEND1KL._SL500_.jpg" alt="Product Image"></a><p>GOTIDEAL Canvases for Painting, 18 Pack Canvas Boards Multipack 4x4, 5x7, 8x10, 9x12,11x14,Primed White Blank Artist Canvas Variety Pack for Acrylic Paint, Oil Paint, Watercolor, Gouache</p><p>$19.99</p><a href="https://www.amazon.com/dp/B0922JP1H4?tag=eloabder-20&linkCode=osi&th=1&psc=1">View Product</a></div>


<div class="product"><a href="https://www.amazon.com/dp/B0872VFHBH?tag=eloabder-20&linkCode=osi&th=1&psc=1"><img src="https://m.media-amazon.com/images/I/51k3bekQheS._SL500_.jpg" alt="Product Image"></a><p>Bachmore Drawing Pad 9X12 Inch (110lb/180g), 60 Sheets, Top Spiral Bound Multi-Media for Artist Pro & Amateurs | Acrylic Art, Ink, Paint, Oil Pastels,Watercolor Mixed Media Sketch</p><p>$11.99</p><a href="https://www.amazon.com/dp/B0872VFHBH?tag=eloabder-20&linkCode=osi&th=1&psc=1">View Product</a></div><div class="product"><a href="https://www.amazon.com/dp/B0027A75A4?tag=eloabder-20&linkCode=osi&th=1&psc=1"><img src="https://m.media-amazon.com/images/I/51dyOxxcgYL._SL500_.jpg" alt="Product Image"></a><p>Strathmore 200 Series Sketch Pad, 9x12 inch, 100 Sheets, Tape Bound - Artist Sketchbook for Drawing, Illustration, Art Class Students</p><p>$6.99 ($0.07 / Count)</p><a href="https://www.amazon.com/dp/B0027A75A4?tag=eloabder-20&linkCode=osi&th=1&psc=1">View Product</a></div><div class="product"><a href="https://www.amazon.com/dp/B0BV13YQKX?tag=eloabder-20&linkCode=osi&th=1&psc=1"><img src="https://m.media-amazon.com/images/I/41VYfMpvXUL._SL500_.jpg" alt="Product Image"></a><p>Canson Graduate Watercolor Pad, Foldover, 9x12 inch, 20 Sheets | Artist Paper for Adults and Students - Painting, Gouache, Mixed Media and Ink</p><p>$4.97 ($0.41 / Count)</p><a href="https://www.amazon.com/dp/B0BV13YQKX?tag=eloabder-20&linkCode=osi&th=1&psc=1">View Product</a></div><div class="product"><a href="https://www.amazon.com/dp/B0024KMQ6K?tag=eloabder-20&linkCode=osi&th=1&psc=1"><img src="https://m.media-amazon.com/images/I/51sYdvPPUCL._SL500_.jpg" alt="Product Image"></a><p>Strathmore 400 Series Pastel Pad, Assorted Colors, 9"x12" Glue Bound, 24 Sheets</p><p>$9.11</p><a href="https://www.amazon.com/dp/B0024KMQ6K?tag=eloabder-20&linkCode=osi&th=1&psc=1">View Product</a></div><div class="product"><a href="https://www.amazon.com/dp/B00246O6PI?tag=eloabder-20&linkCode=osi&th=1&psc=1"><img src="https://m.media-amazon.com/images/I/517TUmckOIL._SL500_.jpg" alt="Product Image"></a><p>Strathmore 300 Series Drawing Paper Pad, Top Wire Bound, 11x14 inches, 50 Sheets (70lb/114g) - Artist Paper for Adults and Students - Charcoal, Colored Pencil, Ink, Pastel, Marker</p><p>$13.33</p><a href="https://www.amazon.com/dp/B00246O6PI?tag=eloabder-20&linkCode=osi&th=1&psc=1">View Product</a></div>
<div class="product"><a href="https://www.amazon.com/dp/B08ZMH7LJY?tag=eloabder-20&linkCode=osi&th=1&psc=1"><img src="https://m.media-amazon.com/images/I/51mJIsLJA-S._SL500_.jpg" alt="Product Image"></a><p>PANDAFLY Professional Drawing Sketching Pencil Set - 12 Pieces Graphite Pencils(14B - 2H), Ideal for Drawing Art, Sketching, Shading, Artist Pencils for Beginners & Pro Artists</p><p>$5.11</p><a href="https://www.amazon.com/dp/B08ZMH7LJY?tag=eloabder-20&linkCode=osi&th=1&psc=1">View Product</a></div><div class="product"><a href="https://www.amazon.com/dp/B088K1G5NL?tag=eloabder-20&linkCode=osi&th=1&psc=1"><img src="https://m.media-amazon.com/images/I/51F2bOMZWnL._SL500_.jpg" alt="Product Image"></a><p>MARKART Professional Drawing Sketching Pencil Set - 14 Pieces,Graphite,(12B - 4H), Ideal for Drawing Art, Sketching, Shading, Artist Pencils for Beginners & Pro Artists</p><p>$5.24</p><a href="https://www.amazon.com/dp/B088K1G5NL?tag=eloabder-20&linkCode=osi&th=1&psc=1">View Product</a></div><div class="product"><a href="https://www.amazon.com/dp/B08FHMRW4L?tag=eloabder-20&linkCode=osi&th=1&psc=1"><img src="https://m.media-amazon.com/images/I/51Pmn5gjyzL._SL500_.jpg" alt="Product Image"></a><p>Mr. Pen- Sketch Pencils for Drawing, 14 Pack, Drawing Pencils, Art Pencils, Graphite Pencils, Graphite Pencils for Drawing, Art Pencils for Drawing and Shading</p><p>$5.95</p><a href="https://www.amazon.com/dp/B08FHMRW4L?tag=eloabder-20&linkCode=osi&th=1&psc=1">View Product</a></div><div class="product"><a href="https://www.amazon.com/dp/B0BNQ58DC4?tag=eloabder-20&linkCode=osi&th=1&psc=1"><img src="https://m.media-amazon.com/images/I/51e-gQtCcCL._SL500_.jpg" alt="Product Image"></a><p>MARTCOLOR Drawing Sketching Pencils Set, 12 Pack Graphite Pencils(14B - 2H), Ideal for Drawing Art, Sketching, Shading, Artist Pencils for Beginners & Pro Artists</p><p>$5.99</p><a href="https://www.amazon.com/dp/B0BNQ58DC4?tag=eloabder-20&linkCode=osi&th=1&psc=1">View Product</a></div>

<div class="product"><a href="https://www.amazon.com/dp/B0851M3749?tag=eloabder-20&linkCode=osi&th=1&psc=1"><img src="https://m.media-amazon.com/images/I/41KKSGSDl5L._SL500_.jpg" alt="Product Image"></a><p>N NOROCME 12 PCS Blending Stumps and Tortillions Paper Art Blenders with Sandpaper Pencil Sharpener Pointer for Student Artist Charcoal Sketch Drawing Tools</p><p>$4.99</p><a href="https://www.amazon.com/dp/B0851M3749?tag=eloabder-20&linkCode=osi&th=1&psc=1">View Product</a></div><div class="product"><a href="https://www.amazon.com/dp/B09J3HKN8F?tag=eloabder-20&linkCode=osi&th=1&psc=1"><img src="https://m.media-amazon.com/images/I/51Qvx81eQLL._SL500_.jpg" alt="Product Image"></a><p>Eraser Pencils Set for Artists, Wooden Sketch Eraser Pen for Charcoal Drawings, Professional Highlight Painting Eraser for Sketching, Revise Erasing Details for Students Limner</p><p>$6.99</p><a href="https://www.amazon.com/dp/B09J3HKN8F?tag=eloabder-20&linkCode=osi&th=1&psc=1">View Product</a></div>
<div class="product"><a href="https://www.amazon.com/dp/B09WCQ89T8?tag=eloabder-20&linkCode=osi&th=1&psc=1"><img src="https://m.media-amazon.com/images/I/41gZz0qgBFL._SL500_.jpg" alt="Product Image"></a><p>Bernat BABY BLANKET BB Blue Dreams Yarn - 1 Pack of 10.5oz/300g - Polyester - #6 Super Bulky - 220 Yards - Knitting/Crochet</p><p>$6.97</p><a href="https://www.amazon.com/dp/B09WCQ89T8?tag=eloabder-20&linkCode=osi&th=1&psc=1">View Product</a></div><div class="product"><a href="https://www.amazon.com/dp/B07V5JVNFD?tag=eloabder-20&linkCode=osi&th=1&psc=1"><img src="https://m.media-amazon.com/images/I/41IS+HdtiOL._SL500_.jpg" alt="Product Image"></a><p>Lion Brand Yarn Basic Stitch Anti-Pilling Knitting Yarn, Yarn for Crocheting, 1-Pack, Baby Blue</p><p>$8.40 ($0.02 / Foot)</p><a href="https://www.amazon.com/dp/B07V5JVNFD?tag=eloabder-20&linkCode=osi&th=1&psc=1">View Product</a></div><div class="product"><a href="https://www.amazon.com/dp/B01M0AJID2?tag=eloabder-20&linkCode=osi&th=1&psc=1"><img src="https://m.media-amazon.com/images/I/41yVau0AUpL._SL500_.jpg" alt="Product Image"></a><p>Lion Brand Yarn (1 Skein) Lion Brand Yarn Babysoft Baby Yarn Yarn, Little Boy Blue Multicolor</p><p>$7.19 ($0.01 / Foot)</p><a href="https://www.amazon.com/dp/B01M0AJID2?tag=eloabder-20&linkCode=osi&th=1&psc=1">View Product</a></div><div class="product"><a href="https://www.amazon.com/dp/B09W1KHF42?tag=eloabder-20&linkCode=osi&th=1&psc=1"><img src="https://m.media-amazon.com/images/I/41maDlrio5L._SL500_.jpg" alt="Product Image"></a><p>Red Heart Super Saver Light Blue Yarn - 3 Pack of 198g/7oz - Acrylic - 4 Medium (Worsted) - 364 Yards - Knitting/Crochet</p><p>$13.29 ($4.43 / Count)</p><a href="https://www.amazon.com/dp/B09W1KHF42?tag=eloabder-20&linkCode=osi&th=1&psc=1">View Product</a></div><div class="product"><a href="https://www.amazon.com/dp/B08LKVZ3CX?tag=eloabder-20&linkCode=osi&th=1&psc=1"><img src="https://m.media-amazon.com/images/I/41GLizNx8UL._SL500_.jpg" alt="Product Image"></a><p>Bernat Baby Blanket Baby Blue Yarn - 3 Pack of 100g/3.5oz - Polyester - 6 Super Bulky - 72 Yards - Knitting/Crochet</p><p>$21.81</p><a href="https://www.amazon.com/dp/B08LKVZ3CX?tag=eloabder-20&linkCode=osi&th=1&psc=1">View Product</a></div><div class="product"><a href="https://www.amazon.com/dp/B0CHJ95WHJ?tag=eloabder-20&linkCode=osi&th=1&psc=1"><img src="https://m.media-amazon.com/images/I/314E1EQdihL._SL500_.jpg" alt="Product Image"></a><p>NORCIA Soft Velvet Yarn Chenille Yarn for Crocheting Baby Blanket Yarn for Knitting Amigurumi Yarn Fancy Yarn for Crochet Weaving Craft (Baby Blue, 1 Skein)</p><p>$9.99</p><a href="https://www.amazon.com/dp/B0CHJ95WHJ?tag=eloabder-20&linkCode=osi&th=1&psc=1">View Product</a></div>
<div class="product"><a href="https://www.amazon.com/dp/B0779F2TXJ?tag=eloabder-20&linkCode=osi&th=1&psc=1"><img src="https://m.media-amazon.com/images/I/31kqZr8DJzL._SL500_.jpg" alt="Product Image"></a><p>OPENDGO Feather Ballpoint Pen ，Black Ink Vintage Feather Quill Refined Plated Rod Quill Ballpoint Pen For School Writing ▏Wedding Gift Signature Pen (Black)</p><p>$6.97</p><a href="https://www.amazon.com/dp/B0779F2TXJ?tag=eloabder-20&linkCode=osi&th=1&psc=1">View Product</a></div><div class="product"><a href="https://www.amazon.com/dp/B0CQF3BJ3S?tag=eloabder-20&linkCode=osi&th=1&psc=1"><img src="https://m.media-amazon.com/images/I/41gs6AOiP6L._SL500_.jpg" alt="Product Image"></a><p>3 in 1 Retractable Ballpoint Pen with Light and Stylus, Nice Pens for Journaling Writing in The Dark - White/Red Light Tip- 0.7mm Black Ink</p><p>$12.99</p><a href="https://www.amazon.com/dp/B0CQF3BJ3S?tag=eloabder-20&linkCode=osi&th=1&psc=1">View Product</a></div><div class="product"><a href="https://www.amazon.com/dp/B08BBZ3B8G?tag=eloabder-20&linkCode=osi&th=1&psc=1"><img src="https://m.media-amazon.com/images/I/41cMHyw60wL._SL500_.jpg" alt="Product Image"></a><p>Mr. Pen- Pens, Black Pens, 12 Pack, Fast Dry, No Smear Pens, Bible Pens, Pens for Journaling, Pens No Bleed Through, Pens Fine Point, Journal Pens, Fine Tip, Planner Pens, Ball Point Journal Pens</p><p>$9.99</p><a href="https://www.amazon.com/dp/B08BBZ3B8G?tag=eloabder-20&linkCode=osi&th=1&psc=1">View Product</a></div><div class="product"><a href="https://www.amazon.com/dp/B0D4YWWGX6?tag=eloabder-20&linkCode=osi&th=1&psc=1"><img src="https://m.media-amazon.com/images/I/31xHBCCzJqL._SL500_.jpg" alt="Product Image"></a><p>PATIKIL 21cm/8" Feather Ballpoint Pen, 1Pcs Ink Vintage Quill Pen Refined Plated Dip Pen for Calligraphy Writing Signature Wedding Gift, Yellow</p><p>$7.49</p><a href="https://www.amazon.com/dp/B0D4YWWGX6?tag=eloabder-20&linkCode=osi&th=1&psc=1">View Product</a></div>

<div class="product"><a href="https://www.amazon.com/dp/B001TLDEVQ?tag=eloabder-20&linkCode=osi&th=1&psc=1"><img src="https://m.media-amazon.com/images/I/41jYF39F6lL._SL500_.jpg" alt="Product Image"></a><p>Beadalon SuppleMax Illusion Beading Cord, 0.40 mm / 0.016 in, Clear Monofilament, 50 m / 164 ft</p><p>$4.74</p><a href="https://www.amazon.com/dp/B001TLDEVQ?tag=eloabder-20&linkCode=osi&th=1&psc=1">View Product</a></div><div class="product"><a href="https://www.amazon.com/dp/B0D2HVFZ7Q?tag=eloabder-20&linkCode=osi&th=1&psc=1"><img src="https://m.media-amazon.com/images/I/41R66LMYz7L._SL500_.jpg" alt="Product Image"></a><p>Zxiixz 116Yards 0.5mm Bracelet String, Waxed String Cord for Bracelet Making, Beading Thread for Bracelet Beads, Friendship Bracelet String for Bracelet Making, Waxed Polyester Cord for Jewelry Making</p><p>$6.99</p><a href="https://www.amazon.com/dp/B0D2HVFZ7Q?tag=eloabder-20&linkCode=osi&th=1&psc=1">View Product</a></div><div class="product"><a href="https://www.amazon.com/dp/B07BNF8KH5?tag=eloabder-20&linkCode=osi&th=1&psc=1"><img src="https://m.media-amazon.com/images/I/51jVByheyVL._SL500_.jpg" alt="Product Image"></a><p>PH PandaHall 100 Yards 1mm Waxed Cotton Cord Thread Beading String for Bracelet Necklace Making Crafting Beading Macrame Vase Decor, Burlywood</p><p>$7.19 ($0.02 / Foot)</p><a href="https://www.amazon.com/dp/B07BNF8KH5?tag=eloabder-20&linkCode=osi&th=1&psc=1">View Product</a></div><div class="product"><a href="https://www.amazon.com/dp/B07HBPGXJG?tag=eloabder-20&linkCode=osi&th=1&psc=1"><img src="https://m.media-amazon.com/images/I/41xi8gO6kDL._SL500_.jpg" alt="Product Image"></a><p>Paxcoo 0.8mm Elastic String, Stretchy Bracelet String Crystal String Bead Cord for Bracelet, Beading and Jewelry Making (120m)</p><p>$6.99 ($0.02 / Foot)</p><a href="https://www.amazon.com/dp/B07HBPGXJG?tag=eloabder-20&linkCode=osi&th=1&psc=1">View Product</a></div><div class="product"><a href="https://www.amazon.com/dp/B0CNPST7D9?tag=eloabder-20&linkCode=osi&th=1&psc=1"><img src="https://m.media-amazon.com/images/I/41A9VISFC4L._SL500_.jpg" alt="Product Image"></a><p>Kblick Black Nylon String Cord - 1MM 100 Yards Black Twine, Bracelet String for Bracelet Making, Braided Ornament Lanyard Sting, Jewelry Thread Clay Bead String for Crafts, Macrame Satin Cord</p><p>$5.99 ($0.02 / Foot)</p><a href="https://www.amazon.com/dp/B0CNPST7D9?tag=eloabder-20&linkCode=osi&th=1&psc=1">View Product</a></div><div class="product"><a href="https://www.amazon.com/dp/B08GC3JF9X?tag=eloabder-20&linkCode=osi&th=1&psc=1"><img src="https://m.media-amazon.com/images/I/41FQZYhvQpL._SL500_.jpg" alt="Product Image"></a><p>Cheriswelry 100M 0.8mm Nylon Beading Cord Black Chinese Knotting Rattail Macrame Thread String Roll for Jewelry Making Kumihimo Wrapping Supplies DIY Crafts</p><p>$6.99 ($0.02 / Fl Oz)</p><a href="https://www.amazon.com/dp/B08GC3JF9X?tag=eloabder-20&linkCode=osi&th=1&psc=1">View Product</a></div><div class="product"><a href="https://www.amazon.com/dp/B0B3V9RWQC?tag=eloabder-20&linkCode=osi&th=1&psc=1"><img src="https://m.media-amazon.com/images/I/41F-OP+yCxL._SL500_.jpg" alt="Product Image"></a><p>Griffin Silk Bead Cord Perlseide – Black Color – Size 3 (0.50mm) – 2 Meters per Card – Stainless Steel Needle Attached – for Knotting Pearls, Gemstones, Crystals and Beads</p><p>$4.99 ($0.76 / Foot)</p><a href="https://www.amazon.com/dp/B0B3V9RWQC?tag=eloabder-20&linkCode=osi&th=1&psc=1">View Product</a></div><div class="product"><a href="https://www.amazon.com/dp/B08F49YVQP?tag=eloabder-20&linkCode=osi&th=1&psc=1"><img src="https://m.media-amazon.com/images/I/41yCMIpj0rS._SL500_.jpg" alt="Product Image"></a><p>1mm Stretchy Bracelet String, Sturdy Rainbow Elastic String Elastic Cord for Jewelry Making, Necklaces, Beading and Crafts</p><p>$6.99 ($0.04 / Foot)</p><a href="https://www.amazon.com/dp/B08F49YVQP?tag=eloabder-20&linkCode=osi&th=1&psc=1">View Product</a></div>

<div class="product"><a href="https://www.amazon.com/dp/B001GMUBJ6?tag=eloabder-20&linkCode=osi&th=1&psc=1"><img src="https://m.media-amazon.com/images/I/41V5qzn3H5L._SL500_.jpg" alt="Product Image"></a><p>The Beadsmith Fireline by Berkley – Micro-Fused Braided Thread – 6lb. Test, 006”/.15mm Diameter, 50 Yard Spool, Crystal Color – Super Strong Stringing Material for Jewelry Making and Bead Weaving</p><p>$12.59</p><a href="https://www.amazon.com/dp/B001GMUBJ6?tag=eloabder-20&linkCode=osi&th=1&psc=1">View Product</a></div><div class="product"><a href="https://www.amazon.com/dp/B001UAKK0Y?tag=eloabder-20&linkCode=osi&th=1&psc=1"><img src="https://m.media-amazon.com/images/I/41rY1D0wfuL._SL500_.jpg" alt="Product Image"></a><p>Beadalon Wildfire, 0.006 in, 0.15 mm, Break Strength 10 lb / 4.5 kg, Frost, 50 yd / 45 m</p><p>$8.85 ($0.06 / Foot)</p><a href="https://www.amazon.com/dp/B001UAKK0Y?tag=eloabder-20&linkCode=osi&th=1&psc=1">View Product</a></div><div class="product"><a href="https://www.amazon.com/dp/B095WY58F4?tag=eloabder-20&linkCode=osi&th=1&psc=1"><img src="https://m.media-amazon.com/images/I/41mXRfJqcjL._SL500_.jpg" alt="Product Image"></a><p>PH PandaHall 0.1mm Nylon Seed Bead Thread 100 Yards Black White Bracelet Cord Beading Thread Invisible Sewing Thread Nylon Braided Thread String for Leather Stitching Beading Jewelry Bracelets Making</p><p>$9.99 ($0.03 / Foot)</p><a href="https://www.amazon.com/dp/B095WY58F4?tag=eloabder-20&linkCode=osi&th=1&psc=1">View Product</a></div><div class="product"><a href="https://www.amazon.com/dp/B08RN2R2SZ?tag=eloabder-20&linkCode=osi&th=1&psc=1"><img src="https://m.media-amazon.com/images/I/41Tg2MMC++L._SL500_.jpg" alt="Product Image"></a><p>KO Nylon Beading Thread, White Color, Japanese Pre-Waxed 100% Nylon, 330TEX, Tangle Resistant Knotting Cords, 50m /55 yds Spool, Use for Seed Bead Projects, Loom Work & Bead Weaving</p><p>$7.06 ($0.04 / Foot)</p><a href="https://www.amazon.com/dp/B08RN2R2SZ?tag=eloabder-20&linkCode=osi&th=1&psc=1">View Product</a></div><div class="product"><a href="https://www.amazon.com/dp/B09J89ST79?tag=eloabder-20&linkCode=osi&th=1&psc=1"><img src="https://m.media-amazon.com/images/I/41hLuuOZeXL._SL500_.jpg" alt="Product Image"></a><p>2 Roll Polyester Thread, Heavy Duty Thread, 1500Yard/Reel 210D/3 nylon thread for sewing, Sewing Thread for Upholstery, Outdoor Market, Drapery, Leather, Beading, Crafts</p><p>$7.99 ($0.00 / Foot)</p><a href="https://www.amazon.com/dp/B09J89ST79?tag=eloabder-20&linkCode=osi&th=1&psc=1">View Product</a></div><div class="product"><a href="https://www.amazon.com/dp/B0C6MSY7QQ?tag=eloabder-20&linkCode=osi&th=1&psc=1"><img src="https://m.media-amazon.com/images/I/31Bn-MyA62L._SL500_.jpg" alt="Product Image"></a><p>PH PandaHall 0.1mm Nylon String 100 Yards Beading Thread White Nylon Seed Bead Thread Bracelet Beading Thread Sewing String for Leather Stitching Beading Jewelry Bracelets Making</p><p>$7.99 ($0.03 / Foot)</p><a href="https://www.amazon.com/dp/B0C6MSY7QQ?tag=eloabder-20&linkCode=osi&th=1&psc=1">View Product</a></div>

<div class="product"><a href="https://www.amazon.com/dp/B07NMNDT1W?tag=eloabder-20&linkCode=osi&th=1&psc=1"><img src="https://m.media-amazon.com/images/I/41-zwQIcVcL._SL500_.jpg" alt="Product Image"></a><p>Howemon White Beeswax Pellets 2LB 100% Pure and Natural Triple Filtered for Skin, Face, Body and Hair Care DIY Creams, Lotions, Lip Balm and Soap Making Supplies</p><p>$13.99 ($0.44 / Fl Oz)</p><a href="https://www.amazon.com/dp/B07NMNDT1W?tag=eloabder-20&linkCode=osi&th=1&psc=1">View Product</a></div><div class="product"><a href="https://www.amazon.com/dp/B00B3U0FW4?tag=eloabder-20&linkCode=osi&th=1&psc=1"><img src="https://m.media-amazon.com/images/I/51rWFCST+TL._SL500_.jpg" alt="Product Image"></a><p>Beesworks Yellow Beeswax Pellets (1 lb) | 100% Pure, Cosmetic Grade, Triple-Filtered Beeswax for DIY Skin care, Lip Balm, Lotion, and Candle Making</p><p>$13.99 ($0.87 / Ounce)</p><a href="https://www.amazon.com/dp/B00B3U0FW4?tag=eloabder-20&linkCode=osi&th=1&psc=1">View Product</a></div><div class="product"><a href="https://www.amazon.com/dp/B01LWX2IO1?tag=eloabder-20&linkCode=osi&th=1&psc=1"><img src="https://m.media-amazon.com/images/I/41MlNqhDyCL._SL500_.jpg" alt="Product Image"></a><p>Beesworks Yellow Beeswax Bars (6 oz) | 100% Pure, Cosmetic Grade, Triple-Filtered Beeswax for DIY Skin Care, Lip Balm, Lotion and Candle Making (1 oz Bars - Pack of 6)</p><p>$6.99</p><a href="https://www.amazon.com/dp/B01LWX2IO1?tag=eloabder-20&linkCode=osi&th=1&psc=1">View Product</a></div><div class="product"><a href="https://www.amazon.com/dp/B0BV77F19N?tag=eloabder-20&linkCode=osi&th=1&psc=1"><img src="https://m.media-amazon.com/images/I/41xzHaO1-EL._SL500_.jpg" alt="Product Image"></a><p>Beeswax Pellets 10LB Cosmetic Beeswax Triple Filtered Beeswax Pastilles for Candle Making Great for DIY Projects Creams Lotions Lip Balm and Soap Making Supplies(10LB)</p><p>$32.99</p><a href="https://www.amazon.com/dp/B0BV77F19N?tag=eloabder-20&linkCode=osi&th=1&psc=1">View Product</a></div><div class="product"><a href="https://www.amazon.com/dp/B0C9QSG3CY?tag=eloabder-20&linkCode=osi&th=1&psc=1"><img src="https://m.media-amazon.com/images/I/414XQcU6SRL._SL500_.jpg" alt="Product Image"></a><p>YASNAY White Beeswax Pellets 2LB, 100% Organic Beeswax, Beeswax for Candle Making, Body, Skin Care DIY, Lip Balm and Soap Making Supplies</p><p>$11.99</p><a href="https://www.amazon.com/dp/B0C9QSG3CY?tag=eloabder-20&linkCode=osi&th=1&psc=1">View Product</a></div><div class="product"><a href="https://www.amazon.com/dp/B097HTC4WN?tag=eloabder-20&linkCode=osi&th=1&psc=1"><img src="https://m.media-amazon.com/images/I/51pwMM7C6-L._SL500_.jpg" alt="Product Image"></a><p>Eco Lux 8 Yellow Beeswax Blocks 100% Pure Natural Organic Bees Wax 6.5oz</p><p>$8.49 ($1.35 / Ounce)</p><a href="https://www.amazon.com/dp/B097HTC4WN?tag=eloabder-20&linkCode=osi&th=1&psc=1">View Product</a></div><div class="product"><a href="https://www.amazon.com/dp/B00HDHQQCE?tag=eloabder-20&linkCode=osi&th=1&psc=1"><img src="https://m.media-amazon.com/images/I/41vF-7MwNhL._SL500_.jpg" alt="Product Image"></a><p>Murray's 100% Pure Beeswax 4 oz</p><p>$5.98 ($1.50 / Ounce)</p><a href="https://www.amazon.com/dp/B00HDHQQCE?tag=eloabder-20&linkCode=osi&th=1&psc=1">View Product</a></div><div class="product"><a href="https://www.amazon.com/dp/B09YM8JTLM?tag=eloabder-20&linkCode=osi&th=1&psc=1"><img src="https://m.media-amazon.com/images/I/41cjNuBnFEL._SL500_.jpg" alt="Product Image"></a><p>TRINIDa Beeswax Pellets 2LB(32 oz), 100% Organic Yellow Bees Wax for DIY Candles, Beeswax for Candle Making, Skin, Body, Face, and Hair Care, Lotions, DIY Creams, Lip Balm and Soap Making Supplies</p><p>$11.99</p><a href="https://www.amazon.com/dp/B09YM8JTLM?tag=eloabder-20&linkCode=osi&th=1&psc=1">View Product</a></div><div class="product"><a href="https://www.amazon.com/dp/B00F3CNMV4?tag=eloabder-20&linkCode=osi&th=1&psc=1"><img src="https://m.media-amazon.com/images/I/31pjrRAEa4L._SL500_.jpg" alt="Product Image"></a><p>Stakich Yellow Beeswax Block - Natural, Triple Filtered - 1 Pound, Honey Scent</p><p>$13.95 ($0.87 / Ounce)</p><a href="https://www.amazon.com/dp/B00F3CNMV4?tag=eloabder-20&linkCode=osi&th=1&psc=1">View Product</a></div><div class="product"><a href="https://www.amazon.com/dp/B0BXFZBZS9?tag=eloabder-20&linkCode=osi&th=1&psc=1"><img src="https://m.media-amazon.com/images/I/4178i9IB9KL._SL500_.jpg" alt="Product Image"></a><p>5LB Beeswax Pellets Beeswax for Candle Making Organic Beeswax Pellets for Skin Beeswax Beads Beeswax Bulk Beeswax for Lotion Making Organic for DIY and Craft Project</p><p>$22.99</p><a href="https://www.amazon.com/dp/B0BXFZBZS9?tag=eloabder-20&linkCode=osi&th=1&psc=1">View Product</a></div>
<div class="product"><a href="https://www.amazon.com/dp/B0052F1BVK?tag=eloabder-20&linkCode=osi&th=1&psc=1"><img src="https://m.media-amazon.com/images/I/41zE9eiGoLL._SL500_.jpg" alt="Product Image"></a><p>ACC Staples Large Binder Clips, 2" Width, 1" Capacity, Black, 12/Pk</p><p>$6.30</p><a href="https://www.amazon.com/dp/B0052F1BVK?tag=eloabder-20&linkCode=osi&th=1&psc=1">View Product</a></div><div class="product"><a href="https://www.amazon.com/dp/B07MLFR771?tag=eloabder-20&linkCode=osi&th=1&psc=1"><img src="https://m.media-amazon.com/images/I/51N2wxA7N0L._SL500_.jpg" alt="Product Image"></a><p>CooBigo 50 Pack Binder Ring, Metal Book Ring Paper Ring Holder 5/8-Inch Loose Leaf Binder Ring Clip for Index Card, Flash Card Ring, Card Calendar, Keychain Key Ring - Bronze</p><p>$6.99</p><a href="https://www.amazon.com/dp/B07MLFR771?tag=eloabder-20&linkCode=osi&th=1&psc=1">View Product</a></div><div class="product"><a href="https://www.amazon.com/dp/B01563NHGY?tag=eloabder-20&linkCode=osi&th=1&psc=1"><img src="https://m.media-amazon.com/images/I/41gj+0ZftqL._SL500_.jpg" alt="Product Image"></a><p>vanki Pack of 40 Cute Lovely Smiling Face Spring-Loaded File Organizer Paper Holder Metal Binder Clips, Assorted Color</p><p>$8.99</p><a href="https://www.amazon.com/dp/B01563NHGY?tag=eloabder-20&linkCode=osi&th=1&psc=1">View Product</a></div><div class="product"><a href="https://www.amazon.com/dp/B000GOUDSO?tag=eloabder-20&linkCode=osi&th=1&psc=1"><img src="https://m.media-amazon.com/images/I/41ZANISHgML._SL500_.jpg" alt="Product Image"></a><p>Small Binder Clips .75" 8/Pkg-Assorted Colors</p><p>$4.46</p><a href="https://www.amazon.com/dp/B000GOUDSO?tag=eloabder-20&linkCode=osi&th=1&psc=1">View Product</a></div>
<div class="product"><a href="https://www.amazon.com/dp/B07PRPX4VR?tag=eloabder-20&linkCode=osi&th=1&psc=1"><img src="https://m.media-amazon.com/images/I/41IMH12fdPL._SL500_.jpg" alt="Product Image"></a><p>Durable Sheet Lifters, Durable Easy Flow, 11" x 3", Lifts Sheets Over Rings and Protects Sheets from Tearing, Fit Standard 3-Ring Binders, Black (20 Pack)</p><p>$14.99</p><a href="https://www.amazon.com/dp/B07PRPX4VR?tag=eloabder-20&linkCode=osi&th=1&psc=1">View Product</a></div><div class="product"><a href="https://www.amazon.com/dp/B0CM8QJHFW?tag=eloabder-20&linkCode=osi&th=1&psc=1"><img src="https://m.media-amazon.com/images/I/31cJGS74oCL._SL500_.jpg" alt="Product Image"></a><p>Wantane D-Shaped Tape Storage Ring Tape Storage Ring 4" D-Shaped Washi Tape Storage Ring for DIY Decoration and Storage（Nickel）-2PCS</p><p>$7.99</p><a href="https://www.amazon.com/dp/B0CM8QJHFW?tag=eloabder-20&linkCode=osi&th=1&psc=1">View Product</a></div>
<div class="product"><a href="https://www.amazon.com/dp/B00006IAS3?tag=eloabder-20&linkCode=osi&th=1&psc=1"><img src="https://m.media-amazon.com/images/I/317DvSXhT1L._SL500_.jpg" alt="Product Image"></a><p>GBC Binding System, Manual, Desktop Binding Punch, 6 Sheet Punch Capacity, ProClick P50 (2515650)</p><p>$123.89</p><a href="https://www.amazon.com/dp/B00006IAS3?tag=eloabder-20&linkCode=osi&th=1&psc=1">View Product</a></div><div class="product"><a href="https://www.amazon.com/dp/B004BP81KQ?tag=eloabder-20&linkCode=osi&th=1&psc=1"><img src="https://m.media-amazon.com/images/I/51SqfeZ12KL._SL500_.jpg" alt="Product Image"></a><p>We R Memory Keepers Cinch Book Binding Wire (1-Inch, Silver (2 Pack))</p><p>$5.99</p><a href="https://www.amazon.com/dp/B004BP81KQ?tag=eloabder-20&linkCode=osi&th=1&psc=1">View Product</a></div>

<div class="product"><a href="https://www.amazon.com/dp/B0007ZJ8TM?tag=eloabder-20&linkCode=osi&th=1&psc=1"><img src="https://m.media-amazon.com/images/I/41i49sz3UAL._SL500_.jpg" alt="Product Image"></a><p>Speedball Super Black India Ink, 2-Ounce</p><p>$9.99 ($9.99 / Count)</p><a href="https://www.amazon.com/dp/B0007ZJ8TM?tag=eloabder-20&linkCode=osi&th=1&psc=1">View Product</a></div><div class="product"><a href="https://www.amazon.com/dp/B0026I10AI?tag=eloabder-20&linkCode=osi&th=1&psc=1"><img src="https://m.media-amazon.com/images/I/31vklP4uBsL._SL500_.jpg" alt="Product Image"></a><p>Dr. Ph. Martin's Bombay India (7BY) Ink Bottle, 1.0 oz, Black</p><p>$6.99</p><a href="https://www.amazon.com/dp/B0026I10AI?tag=eloabder-20&linkCode=osi&th=1&psc=1">View Product</a></div><div class="product"><a href="https://www.amazon.com/dp/B000KNP96C?tag=eloabder-20&linkCode=osi&th=1&psc=1"><img src="https://m.media-amazon.com/images/I/51e9srYtG0L._SL500_.jpg" alt="Product Image"></a><p>Winsor & Newton Drawing Ink, 14ml Bottle, Black Indian</p><p>$10.99</p><a href="https://www.amazon.com/dp/B000KNP96C?tag=eloabder-20&linkCode=osi&th=1&psc=1">View Product</a></div><div class="product"><a href="https://www.amazon.com/dp/B07BQG5QF4?tag=eloabder-20&linkCode=osi&th=1&psc=1"><img src="https://m.media-amazon.com/images/I/41nEMDYZaiL._SL500_.jpg" alt="Product Image"></a><p>Speedball Super Black India Ink, 16-Ounce</p><p>$19.99</p><a href="https://www.amazon.com/dp/B07BQG5QF4?tag=eloabder-20&linkCode=osi&th=1&psc=1">View Product</a></div><div class="product"><a href="https://www.amazon.com/dp/B001038NLY?tag=eloabder-20&linkCode=osi&th=1&psc=1"><img src="https://m.media-amazon.com/images/I/418i4sxJJ0L._SL500_.jpg" alt="Product Image"></a><p>Speedball Fabric Screen Printing Ink, 8-Ounce, Black for T-Shirt and Silkscreen Printmaking</p><p>$12.99 ($1.62 / Fl Oz)</p><a href="https://www.amazon.com/dp/B001038NLY?tag=eloabder-20&linkCode=osi&th=1&psc=1">View Product</a></div><div class="product"><a href="https://www.amazon.com/dp/B00161OPSA?tag=eloabder-20&linkCode=osi&th=1&psc=1"><img src="https://m.media-amazon.com/images/I/41C32y3CJAL._SL500_.jpg" alt="Product Image"></a><p>Tsukineko VersaFine inkpad, Full-Size, Onyx Black</p><p>$4.99 ($4.99 / Count)</p><a href="https://www.amazon.com/dp/B00161OPSA?tag=eloabder-20&linkCode=osi&th=1&psc=1">View Product</a></div>
<div class="product"><a href="https://www.amazon.com/dp/B07Q4TJCDJ?tag=eloabder-20&linkCode=osi&th=1&psc=1"><img src="https://m.media-amazon.com/images/I/315HYvYg-BL._SL500_.jpg" alt="Product Image"></a><p>Primbeeks 300pcs Blank Business Cards, Premium Blank White Cards, 3.5" x 2.2" Small Blank Cards, Blank Cardstock Cards, Small Note Cards, white blank cards, white business cards, kraft paper cards</p><p>$7.99</p><a href="https://www.amazon.com/dp/B07Q4TJCDJ?tag=eloabder-20&linkCode=osi&th=1&psc=1">View Product</a></div><div class="product"><a href="https://www.amazon.com/dp/B0CRGHFLT8?tag=eloabder-20&linkCode=osi&th=1&psc=1"><img src="https://m.media-amazon.com/images/I/41S1NLpb8hL._SL500_.jpg" alt="Product Image"></a><p>Watercolor Cards and Envelopes Set - 50 Folded 5x7 Inch Blank Heavyweight Paper Cards (140lb/300gsm) with Matching Envelopes for DIY Greeting Cards, Festivals, and Events</p><p>$17.99 ($0.36 / Count)</p><a href="https://www.amazon.com/dp/B0CRGHFLT8?tag=eloabder-20&linkCode=osi&th=1&psc=1">View Product</a></div><div class="product"><a href="https://www.amazon.com/dp/B08MX4TZ3H?tag=eloabder-20&linkCode=osi&th=1&psc=1"><img src="https://m.media-amazon.com/images/I/41D2u4vdLQL._SL500_.jpg" alt="Product Image"></a><p>50 Pack Blank Kraft Cards Cardstock Thick Paper Brown Greeting Cards for DIY Gift Card Menus, Baby Shower and Wedding Invitations (Multicolored, 5x7IN)</p><p>$8.99</p><a href="https://www.amazon.com/dp/B08MX4TZ3H?tag=eloabder-20&linkCode=osi&th=1&psc=1">View Product</a></div><div class="product"><a href="https://www.amazon.com/dp/B08BDGGVMK?tag=eloabder-20&linkCode=osi&th=1&psc=1"><img src="https://m.media-amazon.com/images/I/41W-dTUoBqL._SL500_.jpg" alt="Product Image"></a><p>100pcs 3.54"x2" Blank Kraft Paper Business Card, Words Message Notes paper Tags, Mini Craft Cardboard Festival gifts - 6 colors</p><p>$5.98</p><a href="https://www.amazon.com/dp/B08BDGGVMK?tag=eloabder-20&linkCode=osi&th=1&psc=1">View Product</a></div><div class="product"><a href="https://www.amazon.com/dp/B08BFDJJ78?tag=eloabder-20&linkCode=osi&th=1&psc=1"><img src="https://m.media-amazon.com/images/I/61LZ1Csb+dL._SL500_.jpg" alt="Product Image"></a><p>Nettbe 100pcs 3.54"x2" Blank Kraft Paper Business Card, Words Message Notes paper Tags, Mini Craft Cardboard Festival gifts</p><p>$5.99</p><a href="https://www.amazon.com/dp/B08BFDJJ78?tag=eloabder-20&linkCode=osi&th=1&psc=1">View Product</a></div><div class="product"><a href="https://www.amazon.com/dp/B07Q8YBJM3?tag=eloabder-20&linkCode=osi&th=1&psc=1"><img src="https://m.media-amazon.com/images/I/31w6U4cCqEL._SL500_.jpg" alt="Product Image"></a><p>Primbeeks 228pcs Blank Business Cards, Premium Blank White Cards, 3.5" x 2.2" Small Blank Cards, Blank Cardstock Cards, Small Note Cards, white blank cards, white business cards, kraft paper cards</p><p>$5.99</p><a href="https://www.amazon.com/dp/B07Q8YBJM3?tag=eloabder-20&linkCode=osi&th=1&psc=1">View Product</a></div><div class="product"><a href="https://www.amazon.com/dp/B08X4Z9TGN?tag=eloabder-20&linkCode=osi&th=1&psc=1"><img src="https://m.media-amazon.com/images/I/41Jqhe35tDL._SL500_.jpg" alt="Product Image"></a><p>321Done Blank Rustic Cards, Made in USA - 4x6 Thick, Heavy Cardstock - Make Invites, Greeting, Note, Thank You Cards - Plain Kraft for Writing, Stamping, Printing, Art - No Envelopes - Set of 50</p><p>$14.99</p><a href="https://www.amazon.com/dp/B08X4Z9TGN?tag=eloabder-20&linkCode=osi&th=1&psc=1">View Product</a></div><div class="product"><a href="https://www.amazon.com/dp/B0D2KDWBNM?tag=eloabder-20&linkCode=osi&th=1&psc=1"><img src="https://m.media-amazon.com/images/I/31dAhnBJ7aL._SL500_.jpg" alt="Product Image"></a><p>4x6 Blank White Cardstock (Set of 100) - Card Stock for Printer Postcards, Photo Paper Invitations, Greeting, Note, Thank You, DIY Making, Index Cards - Plain for Writing, Stamping, Printing, Art</p><p>$8.99</p><a href="https://www.amazon.com/dp/B0D2KDWBNM?tag=eloabder-20&linkCode=osi&th=1&psc=1">View Product</a></div><div class="product"><a href="https://www.amazon.com/dp/B0BB858RYN?tag=eloabder-20&linkCode=osi&th=1&psc=1"><img src="https://m.media-amazon.com/images/I/317zmriPKNL._SL500_.jpg" alt="Product Image"></a><p>WANDERINGS Handmade White Deckle Edge Blank Greeting Cards- Folded to 5x7” - Pack of 25 - Writers, Artists, Crafters - Thank Yous, Invitations, Menus, Greeting Cards, Notes - Thick 150 GSM</p><p>$21.99 ($0.88 / Count)</p><a href="https://www.amazon.com/dp/B0BB858RYN?tag=eloabder-20&linkCode=osi&th=1&psc=1">View Product</a></div><div class="product"><a href="https://www.amazon.com/dp/B0BZPPXRZW?tag=eloabder-20&linkCode=osi&th=1&psc=1"><img src="https://m.media-amazon.com/images/I/21Da-WQhrpL._SL500_.jpg" alt="Product Image"></a><p>100 Pack Thick Paper Cardstock Blank Heavy Cards Stock for Invitations, Greeting Cards Making, Postcards, Photos, 250GSM Thick Paper (White, 2x3.5 inches)</p><p>$5.99</p><a href="https://www.amazon.com/dp/B0BZPPXRZW?tag=eloabder-20&linkCode=osi&th=1&psc=1">View Product</a></div>
<div class="product"><a href="https://www.amazon.com/dp/B0BZRDQKH6?tag=eloabder-20&linkCode=osi&th=1&psc=1"><img src="https://m.media-amazon.com/images/I/41GYYRiusgL._SL500_.jpg" alt="Product Image"></a><p>feela 8 Pack Unlined Kraft Paper Notebooks, Blank Journal Note Pad for Drawing Writing, Small Sketchbook Travel Journal Bulk for Women Kids Students Office School Supplies, A5, 60 Pages, 8.3” X 5.5”</p><p>$9.99</p><a href="https://www.amazon.com/dp/B0BZRDQKH6?tag=eloabder-20&linkCode=osi&th=1&psc=1">View Product</a></div><div class="product"><a href="https://www.amazon.com/dp/B0BXLB74KK?tag=eloabder-20&linkCode=osi&th=1&psc=1"><img src="https://m.media-amazon.com/images/I/313vYzg7HpL._SL500_.jpg" alt="Product Image"></a><p>ZZTX 4 Pack Blank Kraft Notebooks, Blank Paper Sketchbooks for Drawing Doodling Writing,Travel Journal Set, A5, 36 Pages, 8.3” X 5.5”</p><p>$5.99</p><a href="https://www.amazon.com/dp/B0BXLB74KK?tag=eloabder-20&linkCode=osi&th=1&psc=1">View Product</a></div><div class="product"><a href="https://www.amazon.com/dp/B0BW5TNPXJ?tag=eloabder-20&linkCode=osi&th=1&psc=1"><img src="https://m.media-amazon.com/images/I/31Wu8UP78iL._SL500_.jpg" alt="Product Image"></a><p>EOOUT Kraft Notebooks, Blank Page Journals in Bulk, 16pcs A5, 8.3 X 5.5 Inches, 60 Pages, 80gsm, Travel Journal Set, for Art Camp, Travelers, Students and Office Supplies Sketchbooks Bulk for Kids</p><p>$15.99</p><a href="https://www.amazon.com/dp/B0BW5TNPXJ?tag=eloabder-20&linkCode=osi&th=1&psc=1">View Product</a></div><div class="product"><a href="https://www.amazon.com/dp/B08P3F46SD?tag=eloabder-20&linkCode=osi&th=1&psc=1"><img src="https://m.media-amazon.com/images/I/41jeBDcZJ1L._SL500_.jpg" alt="Product Image"></a><p>Krafty Soft Cover Blank Notebook Journal, Spiral Sketchbook Pad, Drawing Book, 60 Sheets/140gsm (A4)/120 Pages</p><p>$7.99</p><a href="https://www.amazon.com/dp/B08P3F46SD?tag=eloabder-20&linkCode=osi&th=1&psc=1">View Product</a></div><div class="product"><a href="https://www.amazon.com/dp/B0CWNPMC4T?tag=eloabder-20&linkCode=osi&th=1&psc=1"><img src="https://m.media-amazon.com/images/I/31BZeVGe6TL._SL500_.jpg" alt="Product Image"></a><p>zmybcpack 5 Pack Blank Journal Notebooks, Blank Paper Sketchbook for Drawing Writing, Travel Journal Notebook Kraft Paper Notebook for Travelers, Students, Office, A5, 8.26” x 5.5”, 60 Pages/30 Sheets</p><p>$8.99</p><a href="https://www.amazon.com/dp/B0CWNPMC4T?tag=eloabder-20&linkCode=osi&th=1&psc=1">View Product</a></div><div class="product"><a href="https://www.amazon.com/dp/B07WHYP9WN?tag=eloabder-20&linkCode=osi&th=1&psc=1"><img src="https://m.media-amazon.com/images/I/41ZhyCux1yL._SL500_.jpg" alt="Product Image"></a><p>Thick Blank Journal Notebook with Unlined / Unruled / Plain Pages | Deluxe 120gsm Ink Resistant Paper for Writing, Sketch Book, 160 Pages | Hardcover Sketchbook with Pen Holder, Pocket, Ribbon (Black)</p><p>$14.99</p><a href="https://www.amazon.com/dp/B07WHYP9WN?tag=eloabder-20&linkCode=osi&th=1&psc=1">View Product</a></div>
<div class="product"><a href="https://www.amazon.com/dp/B07MT7HKZW?tag=eloabder-20&linkCode=osi&th=1&psc=1"><img src="https://m.media-amazon.com/images/I/413JwH5JREL._SL500_.jpg" alt="Product Image"></a><p>Spiral Sketch Book Large Notebook（Built-in Drawing Board） Kraft Cover Blank Sketch Pad Wirebound Sketching for Drawing Painting 8.5x11-Inch (2 Pack) 200 Sheets, 100 Sheets, 200Pages Each</p><p>$17.99 ($9.00 / Count)</p><a href="https://www.amazon.com/dp/B07MT7HKZW?tag=eloabder-20&linkCode=osi&th=1&psc=1">View Product</a></div><div class="product"><a href="https://www.amazon.com/dp/B0BDQ82WB9?tag=eloabder-20&linkCode=osi&th=1&psc=1"><img src="https://m.media-amazon.com/images/I/51FoWr3GPwL._SL500_.jpg" alt="Product Image"></a><p>feela 170 Pack Blank Kraft Notebooks, Unlined Sketchbook Mini Cute Note Pad for Drawing Writing, Journal Bulk For Kids Students Office School Supplies, A6, 48 Pages, 4.25” X 5.5”, Black and Brown</p><p>$51.99</p><a href="https://www.amazon.com/dp/B0BDQ82WB9?tag=eloabder-20&linkCode=osi&th=1&psc=1">View Product</a></div><div class="product"><a href="https://www.amazon.com/dp/B0B3WWHWT2?tag=eloabder-20&linkCode=osi&th=1&psc=1"><img src="https://m.media-amazon.com/images/I/31m0FzXtPxL._SL500_.jpg" alt="Product Image"></a><p>Tamaki 6 Pack Colorful Blank Books for kids to Write, Drawing, Cute Sketchbook for Kid, 6 Colors (4.25 x 5.5 Inches)</p><p>$6.99</p><a href="https://www.amazon.com/dp/B0B3WWHWT2?tag=eloabder-20&linkCode=osi&th=1&psc=1">View Product</a></div>
<div class="product"><a href="https://www.amazon.com/dp/B0BGH2P9M6?tag=eloabder-20&linkCode=osi&th=1&psc=1"><img src="https://m.media-amazon.com/images/I/41ozOaYoHEL._SL500_.jpg" alt="Product Image"></a><p>EOOUT 100pcs A5 Kraft Notebooks, Blank Page Journals in Bulk, Sketchbooks Bulk for Kids, 60 Pages, 80GSM, 8.3 X 5.5 Inch, Travel Journal Set, for Art Camp, Travelers, Students and Office Supplies</p><p>$51.99</p><a href="https://www.amazon.com/dp/B0BGH2P9M6?tag=eloabder-20&linkCode=osi&th=1&psc=1">View Product</a></div><div class="product"><a href="https://www.amazon.com/dp/B07MT99F94?tag=eloabder-20&linkCode=osi&th=1&psc=1"><img src="https://m.media-amazon.com/images/I/41Ug7gpSWDL._SL500_.jpg" alt="Product Image"></a><p>Spiral Sketch Book Large Notebook（Built-in Drawing Board） Kraft Cover Blank Sketch Pad Wirebound Sketching for Drawing Painting 8.5x11-Inch (1 Pack) 200 Pages, 100 Sheets</p><p>$9.99</p><a href="https://www.amazon.com/dp/B07MT99F94?tag=eloabder-20&linkCode=osi&th=1&psc=1">View Product</a></div><div class="product"><a href="https://www.amazon.com/dp/B07CM32KLM?tag=eloabder-20&linkCode=osi&th=1&psc=1"><img src="https://m.media-amazon.com/images/I/41ENhBLE9DL._SL500_.jpg" alt="Product Image"></a><p>Kraft Cover Drawing Notebook & Sketchbook – Set of 2 Blank Plain Sketch Books – 125g Thick Paper A5 Size, 150x210mm Paper Ideal for Drawing & Sketching- 128 sheets/256 pages – 180 Degree Opening, 2pcs</p><p>$20.99 ($0.08 / Count)</p><a href="https://www.amazon.com/dp/B07CM32KLM?tag=eloabder-20&linkCode=osi&th=1&psc=1">View Product</a></div><div class="product"><a href="https://www.amazon.com/dp/B08ZLMLF7C?tag=eloabder-20&linkCode=osi&th=1&psc=1"><img src="https://m.media-amazon.com/images/I/41X-5yj83vL._SL500_.jpg" alt="Product Image"></a><p>BEECHMORE BOOKS Sketch Book, A4 8.5 x 11.5 inch Blank Sketchbook for Drawing, Paint and Draw, 156 Pages Thick Paper 160gsm, Hardcover Leather Art Notebook, Boxed for Gifts (Chestnut Brown)</p><p>$21.20</p><a href="https://www.amazon.com/dp/B08ZLMLF7C?tag=eloabder-20&linkCode=osi&th=1&psc=1">View Product</a></div>
<div class="product"><a href="https://www.amazon.com/dp/B075M9MSFH?tag=eloabder-20&linkCode=osi&th=1&psc=1"><img src="https://m.media-amazon.com/images/I/51x+szTX6TL._SL500_.jpg" alt="Product Image"></a><p>Bianyo Bleedproof Marker Paper Pad, A4(8.27"X11.69"), 50 Sheets, 18 LB / 70 GSM, Glue-Bound, 100% Cotton, White, Ideal for Use with Markers and Ink Mediums</p><p>$9.99</p><a href="https://www.amazon.com/dp/B075M9MSFH?tag=eloabder-20&linkCode=osi&th=1&psc=1">View Product</a></div><div class="product"><a href="https://www.amazon.com/dp/B08FX5S2NL?tag=eloabder-20&linkCode=osi&th=1&psc=1"><img src="https://m.media-amazon.com/images/I/41CA0ZfazKL._SL500_.jpg" alt="Product Image"></a><p>Marker Paper Sketchbook, Bleedproof Art Marker Pad, (8.27 X 11.69) Inch, White, 40 Sheets</p><p>$6.99</p><a href="https://www.amazon.com/dp/B08FX5S2NL?tag=eloabder-20&linkCode=osi&th=1&psc=1">View Product</a></div><div class="product"><a href="https://www.amazon.com/dp/B0CJRBFSJ8?tag=eloabder-20&linkCode=osi&th=1&psc=1"><img src="https://m.media-amazon.com/images/I/51DLA8TpwEL._SL500_.jpg" alt="Product Image"></a><p>Shuttle Art Marker Pad, 8.3”x8.9” Portable Square Sketchbook, 80 Sheets Marker Drawing Paper, 120LB/200GSM Bleedproof Art Paper, Spiral-Bound, Great for Professional Artist to Draw, Paint & Sketch</p><p>$16.99</p><a href="https://www.amazon.com/dp/B0CJRBFSJ8?tag=eloabder-20&linkCode=osi&th=1&psc=1">View Product</a></div><div class="product"><a href="https://www.amazon.com/dp/B09N7VX5Z5?tag=eloabder-20&linkCode=osi&th=1&psc=1"><img src="https://m.media-amazon.com/images/I/51xCPs9HZyL._SL500_.jpg" alt="Product Image"></a><p>Marker Paper Sketchbook - Marker Sketchbook with Bleedproof Smooth Coated Art Paper, 120 GSM 80 LBS - Marker Pad for Alcohol Markers, Sketching, Drawing - 8.11 x 8.5 Inch | 50 Sheets, 2 Pack</p><p>$15.99 ($8.00 / Count)</p><a href="https://www.amazon.com/dp/B09N7VX5Z5?tag=eloabder-20&linkCode=osi&th=1&psc=1">View Product</a></div><div class="product"><a href="https://www.amazon.com/dp/B07CK94W9T?tag=eloabder-20&linkCode=osi&th=1&psc=1"><img src="https://m.media-amazon.com/images/I/41ocoSNDjdL._SL500_.jpg" alt="Product Image"></a><p>BOXUN Premium 50 Sheets Sketch Marker Paper Pad, Bleedproof Artist Drawing Paper, 8.27 x 11.69 Inch</p><p>$8.29 ($0.17 / Count)</p><a href="https://www.amazon.com/dp/B07CK94W9T?tag=eloabder-20&linkCode=osi&th=1&psc=1">View Product</a></div><div class="product"><a href="https://www.amazon.com/dp/B0CPXWD11W?tag=eloabder-20&linkCode=osi&th=1&psc=1"><img src="https://m.media-amazon.com/images/I/51ApKzpDVNL._SL500_.jpg" alt="Product Image"></a><p>FEITAKE Marker Paper Pad Sketchbook Bleedproof for Alcohol Markers 120lb/200gsm Double Sided Thick Art Drawing Papers 60pages (30Sheets) / A4(8.3"x11.7") Gift for Artists Students Kids</p><p>$13.99 ($0.47 / Count)</p><a href="https://www.amazon.com/dp/B0CPXWD11W?tag=eloabder-20&linkCode=osi&th=1&psc=1">View Product</a></div><div class="product"><a href="https://www.amazon.com/dp/B0025TWYW6?tag=eloabder-20&linkCode=osi&th=1&psc=1"><img src="https://m.media-amazon.com/images/I/51t6UkUHCvL._SL500_.jpg" alt="Product Image"></a><p>Bee Paper Bleedproof Marker Pack, 8-1/2-Inch by 11-Inch, 50 Sheets per Pack</p><p>$17.09 ($0.34 / Count)</p><a href="https://www.amazon.com/dp/B0025TWYW6?tag=eloabder-20&linkCode=osi&th=1&psc=1">View Product</a></div><div class="product"><a href="https://www.amazon.com/dp/B0CJRBYYQB?tag=eloabder-20&linkCode=osi&th=1&psc=1"><img src="https://m.media-amazon.com/images/I/41knBnjZ25L._SL500_.jpg" alt="Product Image"></a><p>Shuttle Art Marker Pad, 8.3”x7.67” Portable Square Sketchbook, 50 Sheets Marker Drawing Paper, 60LB/90GSM Smooth Surface Bleedproof Art Paper, Glue-Bound, Great for Beginners to Draw, Paint & Sketch</p><p>$8.99 ($0.18 / Count)</p><a href="https://www.amazon.com/dp/B0CJRBYYQB?tag=eloabder-20&linkCode=osi&th=1&psc=1">View Product</a></div>
<div class="product"><a href="https://www.amazon.com/dp/B00881IU8M?tag=eloabder-20&linkCode=osi&th=1&psc=1"><img src="https://m.media-amazon.com/images/I/41hbSgdLBtL._SL500_.jpg" alt="Product Image"></a><p>Speedball Fabric & Paper Block Printing Ink 6-Color Set, 1.25-Ounce x 6</p><p>$28.99 ($28.99 / Count)</p><a href="https://www.amazon.com/dp/B00881IU8M?tag=eloabder-20&linkCode=osi&th=1&psc=1">View Product</a></div><div class="product"><a href="https://www.amazon.com/dp/B000J09PFM?tag=eloabder-20&linkCode=osi&th=1&psc=1"><img src="https://m.media-amazon.com/images/I/51yPRc4nvoL._SL500_.jpg" alt="Product Image"></a><p>Speedball Water-Soluble Block Printing Ink Starter Set, 6 Bold Colors with Satin Finish, 1.25-Ounce Tubes</p><p>$29.99 ($4.00 / Fl Oz)</p><a href="https://www.amazon.com/dp/B000J09PFM?tag=eloabder-20&linkCode=osi&th=1&psc=1">View Product</a></div><div class="product"><a href="https://www.amazon.com/dp/B000BYT24U?tag=eloabder-20&linkCode=osi&th=1&psc=1"><img src="https://m.media-amazon.com/images/I/51pDlo+LlKL._SL500_.jpg" alt="Product Image"></a><p>Speedball Water-Soluble Block Printing Ink, 8-Ounce Jar, Black</p><p>$14.49</p><a href="https://www.amazon.com/dp/B000BYT24U?tag=eloabder-20&linkCode=osi&th=1&psc=1">View Product</a></div><div class="product"><a href="https://www.amazon.com/dp/B00C1JUJWW?tag=eloabder-20&linkCode=osi&th=1&psc=1"><img src="https://m.media-amazon.com/images/I/41zDtJ6f5hL._SL500_.jpg" alt="Product Image"></a><p>Speedball Fabric Block Printing Ink, 2.5-Ounce, Black</p><p>$9.99 ($4.00 / Fl Oz)</p><a href="https://www.amazon.com/dp/B00C1JUJWW?tag=eloabder-20&linkCode=osi&th=1&psc=1">View Product</a></div><div class="product"><a href="https://www.amazon.com/dp/B004PZ1ZJG?tag=eloabder-20&linkCode=osi&th=1&psc=1"><img src="https://m.media-amazon.com/images/I/41+GkhhpR5L._SL500_.jpg" alt="Product Image"></a><p>Speedball Water-Soluble Block Printing Ink Starter Set, 4-Color Set, 1.25-Ounce Tubes</p><p>$20.99</p><a href="https://www.amazon.com/dp/B004PZ1ZJG?tag=eloabder-20&linkCode=osi&th=1&psc=1">View Product</a></div><div class="product"><a href="https://www.amazon.com/dp/B0017CZF3C?tag=eloabder-20&linkCode=osi&th=1&psc=1"><img src="https://m.media-amazon.com/images/I/41S17SYPAZL._SL500_.jpg" alt="Product Image"></a><p>Speedball Water Soluble Block Printing Ink, Black, 2-1/2 Ounces - 380663</p><p>$9.99</p><a href="https://www.amazon.com/dp/B0017CZF3C?tag=eloabder-20&linkCode=osi&th=1&psc=1">View Product</a></div><div class="product"><a href="https://www.amazon.com/dp/B0BXNX8FSH?tag=eloabder-20&linkCode=osi&th=1&psc=1"><img src="https://m.media-amazon.com/images/I/51JGm1VxVOL._SL500_.jpg" alt="Product Image"></a><p>Falling in Art Water-Soluble Block Printing Ink, 6-Color Printmaking Ink Set for Linoleum Block, 3.5 floz</p><p>$28.99</p><a href="https://www.amazon.com/dp/B0BXNX8FSH?tag=eloabder-20&linkCode=osi&th=1&psc=1">View Product</a></div><div class="product"><a href="https://www.amazon.com/dp/B0027ACJBO?tag=eloabder-20&linkCode=osi&th=1&psc=1"><img src="https://m.media-amazon.com/images/I/41OzayB9ojL._SL500_.jpg" alt="Product Image"></a><p>Speedball 3476 Oil-Based Block Printing Ink Starter Set for Professional, Permanent Prints AP Certified – 1.25 FL OZ Tubes</p><p>$33.99</p><a href="https://www.amazon.com/dp/B0027ACJBO?tag=eloabder-20&linkCode=osi&th=1&psc=1">View Product</a></div>
<div class="product"><a href="https://www.amazon.com/dp/B0027AGDWK?tag=eloabder-20&linkCode=osi&th=1&psc=1"><img src="https://m.media-amazon.com/images/I/515LDer6GPL._SL500_.jpg" alt="Product Image"></a><p>Speedball Deluxe Block Printing Kit - Includes Inks, Brayer, Bench Hook, Lino Handle and Cutters, Speedy-Carve Block, Mounted Linoleum Block</p><p>$59.99</p><a href="https://www.amazon.com/dp/B0027AGDWK?tag=eloabder-20&linkCode=osi&th=1&psc=1">View Product</a></div><div class="product"><a href="https://www.amazon.com/dp/B07ZJBZN5S?tag=eloabder-20&linkCode=osi&th=1&psc=1"><img src="https://m.media-amazon.com/images/I/41UbN58y9uS._SL500_.jpg" alt="Product Image"></a><p>SGHUO 12pcs 4"x6" Pink Rubber Carving Blocks Linoleum Block Stamp Making Kit</p><p>$22.99 ($1.92 / Count)</p><a href="https://www.amazon.com/dp/B07ZJBZN5S?tag=eloabder-20&linkCode=osi&th=1&psc=1">View Product</a></div>
<div class="product"><a href="https://www.amazon.com/dp/B00L2DYUM8?tag=eloabder-20&linkCode=osi&th=1&psc=1"><img src="https://m.media-amazon.com/images/I/51l5FZ0+5AL._SL500_.jpg" alt="Product Image"></a><p>Strathmore 300 Series Printmaking Paper Pad, Glue Bound, 5x7 inches, 40 Sheets (120g) - Artist Paper for Adults and Students - Block Printing, Linocut, Screen Printing, White</p><p>$7.26</p><a href="https://www.amazon.com/dp/B00L2DYUM8?tag=eloabder-20&linkCode=osi&th=1&psc=1">View Product</a></div><div class="product"><a href="https://www.amazon.com/dp/B07BSYS5XC?tag=eloabder-20&linkCode=osi&th=1&psc=1"><img src="https://m.media-amazon.com/images/I/51Uwfq0jv+L._SL500_.jpg" alt="Product Image"></a><p>Ucreate Printmaking Paper, 9"x12", White, 100 Sheet, P9001</p><p>$9.79</p><a href="https://www.amazon.com/dp/B07BSYS5XC?tag=eloabder-20&linkCode=osi&th=1&psc=1">View Product</a></div><div class="product"><a href="https://www.amazon.com/dp/B00K5562WA?tag=eloabder-20&linkCode=osi&th=1&psc=1"><img src="https://m.media-amazon.com/images/I/51Dm+TeJGdL._SL500_.jpg" alt="Product Image"></a><p>Strathmore Printmaking Paper Pad 8"X10"-20 Sheets -62433800, White</p><p>$10.19</p><a href="https://www.amazon.com/dp/B00K5562WA?tag=eloabder-20&linkCode=osi&th=1&psc=1">View Product</a></div><div class="product"><a href="https://www.amazon.com/dp/B001DNH8I0?tag=eloabder-20&linkCode=osi&th=1&psc=1"><img src="https://m.media-amazon.com/images/I/51UzoKdUojL._SL500_.jpg" alt="Product Image"></a><p>Black Ink 9-Inch by 12-Inch Bleached Mulberry Block Printing Paper, 25-Pack</p><p>$19.35 ($0.77 / Count)</p><a href="https://www.amazon.com/dp/B001DNH8I0?tag=eloabder-20&linkCode=osi&th=1&psc=1">View Product</a></div><div class="product"><a href="https://www.amazon.com/dp/B00C6G6L5Y?tag=eloabder-20&linkCode=osi&th=1&psc=1"><img src="https://m.media-amazon.com/images/I/5103h0Rm8sL._SL500_.jpg" alt="Product Image"></a><p>Black Ink Thai Mulberry Block Printing Paper Packs small assorted colors</p><p>$21.99</p><a href="https://www.amazon.com/dp/B00C6G6L5Y?tag=eloabder-20&linkCode=osi&th=1&psc=1">View Product</a></div>
<div class="product"><a href="https://www.amazon.com/dp/B003IG27OK?tag=eloabder-20&linkCode=osi&th=1&psc=1"><img src="https://m.media-amazon.com/images/I/416NUaYo1DL._SL500_.jpg" alt="Product Image"></a><p>Speedball Block Printing Baren - Comfortable Wooden Handle, Made in the USA - 4 Inches</p><p>$29.49</p><a href="https://www.amazon.com/dp/B003IG27OK?tag=eloabder-20&linkCode=osi&th=1&psc=1">View Product</a></div>
<div class="product"><a href="https://www.amazon.com/dp/B0CMZYY8CJ?tag=eloabder-20&linkCode=osi&th=1&psc=1"><img src="https://m.media-amazon.com/images/I/41TifSIP7SL._SL500_.jpg" alt="Product Image"></a><p>Ecoofor Blotting Paper for Flower Press, 20 Sheets Highly Absorbent and Reusable Blotter Paper for Flower Press Paper Craft 9 x 9 inch</p><p>$9.99</p><a href="https://www.amazon.com/dp/B0CMZYY8CJ?tag=eloabder-20&linkCode=osi&th=1&psc=1">View Product</a></div><div class="product"><a href="https://www.amazon.com/dp/B0CYRT3RM4?tag=eloabder-20&linkCode=osi&th=1&psc=1"><img src="https://m.media-amazon.com/images/I/31+qvVq3giL._SL500_.jpg" alt="Product Image"></a><p>Hygge & Sage Premium Natural Fiber Blotting Paper for Flower Press Art; 20 Large Sheets for a Press up to 8x11 Inches; Absorbent, Versatile, and Acid-Free Reusable Blotter Paper for Flower Pressing</p><p>$9.50 ($0.48 / Count)</p><a href="https://www.amazon.com/dp/B0CYRT3RM4?tag=eloabder-20&linkCode=osi&th=1&psc=1">View Product</a></div><div class="product"><a href="https://www.amazon.com/dp/B0D41GDLHM?tag=eloabder-20&linkCode=osi&th=1&psc=1"><img src="https://m.media-amazon.com/images/I/41LIF5dHXaL._SL500_.jpg" alt="Product Image"></a><p>Aboofx 20 Sheets Blotting Paper for Flower Press, 15" x 10" Extra Large Highly Absorbent Blotter Paper for Flower Press Reusable Herbarium Paper Craft Blotter Paper Sheets</p><p>$19.99</p><a href="https://www.amazon.com/dp/B0D41GDLHM?tag=eloabder-20&linkCode=osi&th=1&psc=1">View Product</a></div><div class="product"><a href="https://www.amazon.com/dp/B0CQMMYSBR?tag=eloabder-20&linkCode=osi&th=1&psc=1"><img src="https://m.media-amazon.com/images/I/413SlUi6IDL._SL500_.jpg" alt="Product Image"></a><p>Wisreach Blotting Paper for Flower Press, 20 Sheets Flower Press Paper Highly Absorbent and Reusable Blotter Paper for Flower Art A4 Size 8.26 x 11.4 inch</p><p>$9.99</p><a href="https://www.amazon.com/dp/B0CQMMYSBR?tag=eloabder-20&linkCode=osi&th=1&psc=1">View Product</a></div><div class="product"><a href="https://www.amazon.com/dp/B093FQ22PG?tag=eloabder-20&linkCode=osi&th=1&psc=1"><img src="https://m.media-amazon.com/images/I/41B2jXhe+QL._SL500_.jpg" alt="Product Image"></a><p>Blotting Paper for Flower Press by Berstuk® • Large A4 Flower Press Paper • Highly Absorbent and Reusable Herbarium Paper • Pack of 10 Blotter Paper Sheets</p><p>$6.99 ($69.90 / 100 Sheets)</p><a href="https://www.amazon.com/dp/B093FQ22PG?tag=eloabder-20&linkCode=osi&th=1&psc=1">View Product</a></div><div class="product"><a href="https://www.amazon.com/dp/B0C6PW4VGB?tag=eloabder-20&linkCode=osi&th=1&psc=1"><img src="https://m.media-amazon.com/images/I/21C64VB3iVL._SL500_.jpg" alt="Product Image"></a><p>PATIKIL 16"x12" Flower Press Paper, 1 Set/30 Sheet Refill Lining Blotter Paper Absorbent Reusable Blotting Paper for DIY Art Handicraft Scrapbook</p><p>$11.19</p><a href="https://www.amazon.com/dp/B0C6PW4VGB?tag=eloabder-20&linkCode=osi&th=1&psc=1">View Product</a></div><div class="product"><a href="https://www.amazon.com/dp/B0C6PTK915?tag=eloabder-20&linkCode=osi&th=1&psc=1"><img src="https://m.media-amazon.com/images/I/21UviFCGjtL._SL500_.jpg" alt="Product Image"></a><p>PATIKIL 12"x8" Flower Press Paper, 2 Set/60 Sheet Refill Lining Blotter Paper Absorbent Reusable Blotting Paper for DIY Art Handicraft Scrapbook</p><p>$13.69</p><a href="https://www.amazon.com/dp/B0C6PTK915?tag=eloabder-20&linkCode=osi&th=1&psc=1">View Product</a></div><div class="product"><a href="https://www.amazon.com/dp/B0CDJZ4MD7?tag=eloabder-20&linkCode=osi&th=1&psc=1"><img src="https://m.media-amazon.com/images/I/41iwkW+QQOL._SL500_.jpg" alt="Product Image"></a><p>30 PCS Blotting Paper for Flower Press Large A4 Flower Press Paper Highly Absorbent and Reusable Blotter Paper Refill Lining Paper for Flower Press Art Craft Scrapbook Making, 11.8 x 7.9 Inches Blue</p><p>$9.99</p><a href="https://www.amazon.com/dp/B0CDJZ4MD7?tag=eloabder-20&linkCode=osi&th=1&psc=1">View Product</a></div>

<div class="product"><a href="https://www.amazon.com/dp/B0D2T4F1DZ?tag=eloabder-20&linkCode=osi&th=1&psc=1"><img src="https://m.media-amazon.com/images/I/41KNcatyBWL._SL500_.jpg" alt="Product Image"></a><p>10pcs Book Cloth,14”x10”,Fabric Surface and Paper Backed, book cloth for book binding,book binding fabric,5 Colors Bookbinding Cloth for DIY fabric book cover,bookbinding paper (Style B)</p><p>$9.99</p><a href="https://www.amazon.com/dp/B0D2T4F1DZ?tag=eloabder-20&linkCode=osi&th=1&psc=1">View Product</a></div><div class="product"><a href="https://www.amazon.com/dp/B0CMD2LWR8?tag=eloabder-20&linkCode=osi&th=1&psc=1"><img src="https://m.media-amazon.com/images/I/31QVUZVSB+L._SL500_.jpg" alt="Product Image"></a><p>Mozeat Lens 33 ft Bookbinding Tape Book Tape Repair Book Binding Tape Cloth Book Repair Kit 2 Inch Wide Book Spine Tape Cloth Bookbinding Repair Tape White Book Tape for Reinforcing Book Spine Tape</p><p>$7.99</p><a href="https://www.amazon.com/dp/B0CMD2LWR8?tag=eloabder-20&linkCode=osi&th=1&psc=1">View Product</a></div><div class="product"><a href="https://www.amazon.com/dp/B0D1KC168C?tag=eloabder-20&linkCode=osi&th=1&psc=1"><img src="https://m.media-amazon.com/images/I/31wWgk-1V4L._SL500_.jpg" alt="Product Image"></a><p>AKONEGE Book Cloth for Book Binding 35 x 16 Inch Fabric Surface and Paper Backed, Strong, Easy to Use, Fabric Materials Bookbinding Supplies Bookcloth for Scrapbooking Album DIY Crafts, Black</p><p>$9.99</p><a href="https://www.amazon.com/dp/B0D1KC168C?tag=eloabder-20&linkCode=osi&th=1&psc=1">View Product</a></div><div class="product"><a href="https://www.amazon.com/dp/B0BC48CCWW?tag=eloabder-20&linkCode=osi&th=1&psc=1"><img src="https://m.media-amazon.com/images/I/41vTc+L-XyL._SL500_.jpg" alt="Product Image"></a><p>Wooqu Book Cloth, Fabric Surface and Paper Backed, Easy to Use, Strong, 17x29”, for Book Binding, Dark Green</p><p>$13.99</p><a href="https://www.amazon.com/dp/B0BC48CCWW?tag=eloabder-20&linkCode=osi&th=1&psc=1">View Product</a></div><div class="product"><a href="https://www.amazon.com/dp/B00W3S7LU4?tag=eloabder-20&linkCode=osi&th=1&psc=1"><img src="https://m.media-amazon.com/images/I/41mUL1LmSHS._SL500_.jpg" alt="Product Image"></a><p>BookGuard 2 inch Premium Bookbinding Repair Cloth Tape, 15 Yard Roll Burgundy</p><p>$14.95</p><a href="https://www.amazon.com/dp/B00W3S7LU4?tag=eloabder-20&linkCode=osi&th=1&psc=1">View Product</a></div>

<div class="product"><a href="https://www.amazon.com/dp/B08217DGL7?tag=eloabder-20&linkCode=osi&th=1&psc=1"><img src="https://m.media-amazon.com/images/I/51Gy-qfph7L._SL500_.jpg" alt="Product Image"></a><p>24 Colors Waxed Thread, Leather Sewing Thread,Hand Stitching Thread for Hand Sewing Leather and Bookbinding, 13Yards Per Color</p><p>$11.99 ($0.01 / Foot)</p><a href="https://www.amazon.com/dp/B08217DGL7?tag=eloabder-20&linkCode=osi&th=1&psc=1">View Product</a></div><div class="product"><a href="https://www.amazon.com/dp/B08GCHJ3FP?tag=eloabder-20&linkCode=osi&th=1&psc=1"><img src="https://m.media-amazon.com/images/I/41TK-XNxTFL._SL500_.jpg" alt="Product Image"></a><p>FANDOL 100% Natural Linen Thread Waxed thread for Bookbingding, Leather Sewing, Beading or Macrame (Natural)</p><p>$14.98</p><a href="https://www.amazon.com/dp/B08GCHJ3FP?tag=eloabder-20&linkCode=osi&th=1&psc=1">View Product</a></div><div class="product"><a href="https://www.amazon.com/dp/B0025U108E?tag=eloabder-20&linkCode=osi&th=1&psc=1"><img src="https://m.media-amazon.com/images/I/4172yrURiVL._SL500_.jpg" alt="Product Image"></a><p>Books by Hand Linen Thread, Archival Quality Natural Unbleached and Unwaxed, 50 Yards 35/3 Gauge, Ideal for Bookbinding and Sewing Signatures</p><p>$9.47</p><a href="https://www.amazon.com/dp/B0025U108E?tag=eloabder-20&linkCode=osi&th=1&psc=1">View Product</a></div><div class="product"><a href="https://www.amazon.com/dp/B08S78KLRN?tag=eloabder-20&linkCode=osi&th=1&psc=1"><img src="https://m.media-amazon.com/images/I/413NGMtJdrL._SL500_.jpg" alt="Product Image"></a><p>Jupean Waxed Thread, 150m /164Yards Beige Leather Waxed Thread, Leather Sewing Thread, Hand Stitching Thread for Hand Sewing Leather, Bookbinding, and Beginners Leather Craft DIY</p><p>$6.49 ($0.01 / Foot)</p><a href="https://www.amazon.com/dp/B08S78KLRN?tag=eloabder-20&linkCode=osi&th=1&psc=1">View Product</a></div><div class="product"><a href="https://www.amazon.com/dp/B015D9E6UM?tag=eloabder-20&linkCode=osi&th=1&psc=1"><img src="https://m.media-amazon.com/images/I/51VnWPI+Q5L._SL500_.jpg" alt="Product Image"></a><p>Lineco, Natural Waxed Linen Thread 20 Yards, Books by Hand Natural, Black, Brown Color for Sewing, Bookbinding (3/Pkg)</p><p>$13.77</p><a href="https://www.amazon.com/dp/B015D9E6UM?tag=eloabder-20&linkCode=osi&th=1&psc=1">View Product</a></div>
<div class="product"><a href="https://www.amazon.com/dp/B0CMD53C1C?tag=eloabder-20&linkCode=osi&th=1&psc=1"><img src="https://m.media-amazon.com/images/I/31dU4wqS0rL._SL500_.jpg" alt="Product Image"></a><p>5-in-1 Bookbinding Kit,Book Cover Guide, Bookbinding Cover Tool, Stainless Steel Book Binding Kit, Bookbinding Ruler, Scrapbooking Tools for Making Book Cover Chipboard Covers Album Planner</p><p>$7.88</p><a href="https://www.amazon.com/dp/B0CMD53C1C?tag=eloabder-20&linkCode=osi&th=1&psc=1">View Product</a></div>
<div class="product"><a href="https://www.amazon.com/dp/B007TIEG6U?tag=eloabder-20&linkCode=osi&th=1&psc=1"><img src="https://m.media-amazon.com/images/I/31d6r6R5lGL._SL500_.jpg" alt="Product Image"></a><p>Handy Art Empty 2 ounce Marker Bottle, Dauber Tip and Cap, 12-Each (900-003) , White</p><p>$23.12 ($1.93 / Count)</p><a href="https://www.amazon.com/dp/B007TIEG6U?tag=eloabder-20&linkCode=osi&th=1&psc=1">View Product</a></div>
<div class="product"><a href="https://www.amazon.com/dp/B07YDNKSH6?tag=eloabder-20&linkCode=osi&th=1&psc=1"><img src="https://m.media-amazon.com/images/I/41JGrHa7mSL._SL500_.jpg" alt="Product Image"></a><p>4-Inch Rubber Brayer Roller for Printmaking, Great for Gluing Application Also. (Original Version)</p><p>$6.99</p><a href="https://www.amazon.com/dp/B07YDNKSH6?tag=eloabder-20&linkCode=osi&th=1&psc=1">View Product</a></div>
<div class="product"><a href="https://www.amazon.com/dp/B005U7BNPE?tag=eloabder-20&linkCode=osi&th=1&psc=1"><img src="https://m.media-amazon.com/images/I/418YfTClSxL._SL500_.jpg" alt="Product Image"></a><p>Apple Barrel Acrylic Paint in Assorted Colors (2 oz), 20513, Bright Yellow</p><p>$0.58 ($0.29 / Fl Oz)</p><a href="https://www.amazon.com/dp/B005U7BNPE?tag=eloabder-20&linkCode=osi&th=1&psc=1">View Product</a></div><div class="product"><a href="https://www.amazon.com/dp/B099DWCRZ5?tag=eloabder-20&linkCode=osi&th=1&psc=1"><img src="https://m.media-amazon.com/images/I/41rr5hT-8TL._SL500_.jpg" alt="Product Image"></a><p>milo Fluorescent Acrylic Paint Set of 6 Colors | 4 oz Bottles | Student Neon Colors Acrylics Painting Pack | Made in the USA | Non-Toxic Art & Craft Paints for Artists, Kids, & Hobby Painters</p><p>$22.90 ($0.95 / Fl Oz)</p><a href="https://www.amazon.com/dp/B099DWCRZ5?tag=eloabder-20&linkCode=osi&th=1&psc=1">View Product</a></div><div class="product"><a href="https://www.amazon.com/dp/B07ZPPPWPL?tag=eloabder-20&linkCode=osi&th=1&psc=1"><img src="https://m.media-amazon.com/images/I/51Vqk2rrZwL._SL500_.jpg" alt="Product Image"></a><p>Apple Barrel, Pastel Dreams & Vivid Wonders Collection Acrylic Craft Paint, PROMOTCK, 2 fl oz each, 18 assorted matte colors, 18 count</p><p>$22.66 ($0.63 / Fl Oz)</p><a href="https://www.amazon.com/dp/B07ZPPPWPL?tag=eloabder-20&linkCode=osi&th=1&psc=1">View Product</a></div><div class="product"><a href="https://www.amazon.com/dp/B0CKQR52XC?tag=eloabder-20&linkCode=osi&th=1&psc=1"><img src="https://m.media-amazon.com/images/I/51WTPlhN2WL._SL500_.jpg" alt="Product Image"></a><p>ARTME Glow in The Dark Paint, 10 Bright Colors 60ml/2oz Blacklight Paint Set, Neon Craft Paint, Acrylic Glow Fluorescent Paint Perfect for Art Painting, DIY projects, Halloween and Christmas</p><p>$23.99 ($1.20 / Fl Oz)</p><a href="https://www.amazon.com/dp/B0CKQR52XC?tag=eloabder-20&linkCode=osi&th=1&psc=1">View Product</a></div><div class="product"><a href="https://www.amazon.com/dp/B09XXHBL3Y?tag=eloabder-20&linkCode=osi&th=1&psc=1"><img src="https://m.media-amazon.com/images/I/51taBeDdeIL._SL500_.jpg" alt="Product Image"></a><p>Fantastory Glow in the Dark Acrylic Paint, 10 Extra Bright Colors, 30ml/1oz Waterproof Glow in Dark Paint,Indoor Outdoor Blacklight Paint for Kids,Adults, Rocks,Walls,Halloween,Craft &Fabric</p><p>$9.99 ($1.00 / Fl Oz)</p><a href="https://www.amazon.com/dp/B09XXHBL3Y?tag=eloabder-20&linkCode=osi&th=1&psc=1">View Product</a></div><div class="product"><a href="https://www.amazon.com/dp/B0BS3JM8ZR?tag=eloabder-20&linkCode=osi&th=1&psc=1"><img src="https://m.media-amazon.com/images/I/51S8FteGgPL._SL500_.jpg" alt="Product Image"></a><p>Acrylic Paint, Shuttle Art 24 Colors Acrylic Paint Bottle Set, 250ml/8.45oz Each, Rich Pigments, High Viscosity, Bulk Paint for Artists, Beginners and Kids Painting on Rocks Crafts Canvas Wood Ceramic</p><p>$49.99 ($0.25 / Fl Oz)</p><a href="https://www.amazon.com/dp/B0BS3JM8ZR?tag=eloabder-20&linkCode=osi&th=1&psc=1">View Product</a></div><div class="product"><a href="https://www.amazon.com/dp/B00CIW3EDI?tag=eloabder-20&linkCode=osi&th=1&psc=1"><img src="https://m.media-amazon.com/images/I/41PMnxyBo5L._SL500_.jpg" alt="Product Image"></a><p>FolkArt Multi-Surface Acrylic Paint in Assorted Colors (2 oz), 2896, Bright Pink</p><p>$1.47 ($0.74 / Fl Oz)</p><a href="https://www.amazon.com/dp/B00CIW3EDI?tag=eloabder-20&linkCode=osi&th=1&psc=1">View Product</a></div><div class="product"><a href="https://www.amazon.com/dp/B085ZB5ZK9?tag=eloabder-20&linkCode=osi&th=1&psc=1"><img src="https://m.media-amazon.com/images/I/51nmRq1eicL._SL500_.jpg" alt="Product Image"></a><p>FolkArt 4 Bottle Multi-Surface Acrylic Paint Set, 2oz, Neon Blacklight Colors</p><p>$8.12 ($1.02 / Fl Oz)</p><a href="https://www.amazon.com/dp/B085ZB5ZK9?tag=eloabder-20&linkCode=osi&th=1&psc=1">View Product</a></div><div class="product"><a href="https://www.amazon.com/dp/B08N585VN5?tag=eloabder-20&linkCode=osi&th=1&psc=1"><img src="https://m.media-amazon.com/images/I/51nwFBdxwVL._SL500_.jpg" alt="Product Image"></a><p>Acrylic Paint Set Value Pack of 12 Colors | Craft Painting Kit with 2 oz Squeeze Bottles for Beginners, Artists, Professionals | Non-Toxic Water Based Paints for Canvas, Paper, Wood | Bright Hues</p><p>$11.99 ($0.50 / Fl Oz)</p><a href="https://www.amazon.com/dp/B08N585VN5?tag=eloabder-20&linkCode=osi&th=1&psc=1">View Product</a></div>
<div class="product"><a href="https://www.amazon.com/dp/B0009RRT9Y?tag=eloabder-20&linkCode=osi&th=1&psc=1"><img src="https://m.media-amazon.com/images/I/51ZhyYPOB5L._SL500_.jpg" alt="Product Image"></a><p>General Pencil Company The Masters Brush Cleaner & Preserver 2.5 0z.</p><p>$12.00</p><a href="https://www.amazon.com/dp/B0009RRT9Y?tag=eloabder-20&linkCode=osi&th=1&psc=1">View Product</a></div><div class="product"><a href="https://www.amazon.com/dp/B00F38YVQS?tag=eloabder-20&linkCode=osi&th=1&psc=1"><img src="https://m.media-amazon.com/images/I/51yjmSTzzML._SL500_.jpg" alt="Product Image"></a><p>B & J Original Brush Cleaner - 2.5 Oz/12ct Display</p><p>$12.77</p><a href="https://www.amazon.com/dp/B00F38YVQS?tag=eloabder-20&linkCode=osi&th=1&psc=1">View Product</a></div><div class="product"><a href="https://www.amazon.com/dp/B004BN7QQ8?tag=eloabder-20&linkCode=osi&th=1&psc=1"><img src="https://m.media-amazon.com/images/I/31fEWB-h4VL._SL500_.jpg" alt="Product Image"></a><p>Winsor & Newton Brush Cleaner & Restorer, 16.0-oz Bottle</p><p>$21.87 ($1.37 / Fl Oz)</p><a href="https://www.amazon.com/dp/B004BN7QQ8?tag=eloabder-20&linkCode=osi&th=1&psc=1">View Product</a></div><div class="product"><a href="https://www.amazon.com/dp/B09NCHL2LM?tag=eloabder-20&linkCode=osi&th=1&psc=1"><img src="https://m.media-amazon.com/images/I/31UzwasdL6L._SL500_.jpg" alt="Product Image"></a><p>U.S. Art Supply Brush Cleaner and Restorer, 4 Ounce Bottle - Quickly Cleans Paint Brushes, Airbrushes, Art Tools - Cleaning Solution to Remove Dried On Acrylic, Oil and Water-Based Paint Colors</p><p>$8.99 ($2.25 / Fl Oz)</p><a href="https://www.amazon.com/dp/B09NCHL2LM?tag=eloabder-20&linkCode=osi&th=1&psc=1">View Product</a></div><div class="product"><a href="https://www.amazon.com/dp/B09J8L55SK?tag=eloabder-20&linkCode=osi&th=1&psc=1"><img src="https://m.media-amazon.com/images/I/41qgWS2nSsL._SL500_.jpg" alt="Product Image"></a><p>Green Piece® Paint Brush Cleaner and Restorer for Art Paint Brushes - 100% Natural - Non-Toxic - Wet or Dry Paint - No Chemicals - Oil or Acrylic Paints, Wood and Metal - Amazing Power - 18 Oz</p><p>$19.88</p><a href="https://www.amazon.com/dp/B09J8L55SK?tag=eloabder-20&linkCode=osi&th=1&psc=1">View Product</a></div><div class="product"><a href="https://www.amazon.com/dp/B0027A79I2?tag=eloabder-20&linkCode=osi&th=1&psc=1"><img src="https://m.media-amazon.com/images/I/31J6S+mCjuL._SL500_.jpg" alt="Product Image"></a><p>Pink Soap 12-Ounce Paint Brush Cleaner and Conditioner, Solution Cleans and Restores, Removes Dried Paint on Airbrushes and Other Artist Tools & Supplies</p><p>$15.49 ($1.29 / Fl Oz)</p><a href="https://www.amazon.com/dp/B0027A79I2?tag=eloabder-20&linkCode=osi&th=1&psc=1">View Product</a></div><div class="product"><a href="https://www.amazon.com/dp/B0027AEANE?tag=eloabder-20&linkCode=osi&th=1&psc=1"><img src="https://m.media-amazon.com/images/I/51bHOLU1pVL._SL500_.jpg" alt="Product Image"></a><p>General Pencil General 105-BP Pencil Masters Brush Cleaner & Preserver, 1 Pack, Clear</p><p>$9.99 ($4.00 / Ounce)</p><a href="https://www.amazon.com/dp/B0027AEANE?tag=eloabder-20&linkCode=osi&th=1&psc=1">View Product</a></div>

<div class="product"><a href="https://www.amazon.com/dp/B00N9UUWLA?tag=eloabder-20&linkCode=osi&th=1&psc=1"><img src="https://m.media-amazon.com/images/I/41be4n09wZL._SL500_.jpg" alt="Product Image"></a><p>Pentel Arts Portable Pocket Brush Pen (Medium Point), 1Pen & 2Refills</p><p>$7.00</p><a href="https://www.amazon.com/dp/B00N9UUWLA?tag=eloabder-20&linkCode=osi&th=1&psc=1">View Product</a></div><div class="product"><a href="https://www.amazon.com/dp/B07DQ4292Y?tag=eloabder-20&linkCode=osi&th=1&psc=1"><img src="https://m.media-amazon.com/images/I/41-kgHpaPvL._SL500_.jpg" alt="Product Image"></a><p>Tombow 62039 Fudenosuke Brush Pens, 3-Pack. Soft, Hard, and Twin Tip Markers for Calligraphy and Art Drawings</p><p>$7.59 ($2.53 / Count)</p><a href="https://www.amazon.com/dp/B07DQ4292Y?tag=eloabder-20&linkCode=osi&th=1&psc=1">View Product</a></div><div class="product"><a href="https://www.amazon.com/dp/B0995FNMKW?tag=eloabder-20&linkCode=osi&th=1&psc=1"><img src="https://m.media-amazon.com/images/I/51kpGsTNvlL._SL500_.jpg" alt="Product Image"></a><p>WRITECH Arts Sign Brush Pen Brush Tip Marker Felt Tip Water Based Ink Color Pens 12 Assorted Vintage Colors Great for Lettering Journaling Calligraphy (Vintage)</p><p>$13.99 ($1.17 / Count)</p><a href="https://www.amazon.com/dp/B0995FNMKW?tag=eloabder-20&linkCode=osi&th=1&psc=1">View Product</a></div><div class="product"><a href="https://www.amazon.com/dp/B07H89R749?tag=eloabder-20&linkCode=osi&th=1&psc=1"><img src="https://m.media-amazon.com/images/I/51nTGZ-eAsL._SL500_.jpg" alt="Product Image"></a><p>Tombow Fudenosuke Brush Pen - Hard - 10 Colors Set (WS-BH10C)</p><p>$11.73</p><a href="https://www.amazon.com/dp/B07H89R749?tag=eloabder-20&linkCode=osi&th=1&psc=1">View Product</a></div><div class="product"><a href="https://www.amazon.com/dp/B002PIFTRE?tag=eloabder-20&linkCode=osi&th=1&psc=1"><img src="https://m.media-amazon.com/images/I/41IVnNPD1hL._SL500_.jpg" alt="Product Image"></a><p>Pentel Color Brush Pen, Black (GFLBP101)</p><p>$7.89</p><a href="https://www.amazon.com/dp/B002PIFTRE?tag=eloabder-20&linkCode=osi&th=1&psc=1">View Product</a></div>
<div class="product"><a href="https://www.amazon.com/dp/B0CLLSY2BT?tag=eloabder-20&linkCode=osi&th=1&psc=1"><img src="https://m.media-amazon.com/images/I/51sQM3lrN9L._SL500_.jpg" alt="Product Image"></a><p>CUGEBANNA Paint Brush Washer,Airtight Stainless Steel Brush Cleaner for Oil Painting Acrylic,Brush Washer with Cleaning Beads and Wringer</p><p>$22.99</p><a href="https://www.amazon.com/dp/B0CLLSY2BT?tag=eloabder-20&linkCode=osi&th=1&psc=1">View Product</a></div><div class="product"><a href="https://www.amazon.com/dp/B013PB35N4?tag=eloabder-20&linkCode=osi&th=1&psc=1"><img src="https://m.media-amazon.com/images/I/419miJHrhtL._SL500_.jpg" alt="Product Image"></a><p>US Art Supply Deluxe Brush Cleaner-Brush Washer with Wash Tank</p><p>$18.99</p><a href="https://www.amazon.com/dp/B013PB35N4?tag=eloabder-20&linkCode=osi&th=1&psc=1">View Product</a></div>
<div class="product"><a href="https://www.amazon.com/dp/B07GH7WGC3?tag=eloabder-20&linkCode=osi&th=1&psc=1"><img src="https://m.media-amazon.com/images/I/51vzX1OZI6L._SL500_.jpg" alt="Product Image"></a><p>BOSOBO Paint Brushes Set, 2 Pack 20 Pcs Round-Pointed Tip Paintbrushes Nylon Hair Artist Acrylic Paint Brushes for Acrylic Oil Watercolor, Face Nail Art, Miniature Detailing & Rock Painting, Blue</p><p>$7.49 ($0.37 / Count)</p><a href="https://www.amazon.com/dp/B07GH7WGC3?tag=eloabder-20&linkCode=osi&th=1&psc=1">View Product</a></div><div class="product"><a href="https://www.amazon.com/dp/B078XJ2DCJ?tag=eloabder-20&linkCode=osi&th=1&psc=1"><img src="https://m.media-amazon.com/images/I/616oHEXPN1S._SL500_.jpg" alt="Product Image"></a><p>Pro Grade - Chip Paint Brushes - 36-Pack - 2 Inch Chip Brush for Paints, Stains, Varnishes, Glues, & Gesso</p><p>$17.99</p><a href="https://www.amazon.com/dp/B078XJ2DCJ?tag=eloabder-20&linkCode=osi&th=1&psc=1">View Product</a></div>

<div class="product"><a href="https://www.amazon.com/dp/B000YQJVFA?tag=eloabder-20&linkCode=osi&th=1&psc=1"><img src="https://m.media-amazon.com/images/I/51so-OSRt+L._SL500_.jpg" alt="Product Image"></a><p>Winsor & Newton Calligraphy Ink, 30ml (1-oz) Bottle, Black</p><p>$10.07 ($10.07 / Count)</p><a href="https://www.amazon.com/dp/B000YQJVFA?tag=eloabder-20&linkCode=osi&th=1&psc=1">View Product</a></div><div class="product"><a href="https://www.amazon.com/dp/B0026SBYUE?tag=eloabder-20&linkCode=osi&th=1&psc=1"><img src="https://m.media-amazon.com/images/I/412Ga9k1q8L._SL500_.jpg" alt="Product Image"></a><p>Higgins Black Calligraphy Ink, 2.5 Ounce Bottle (44314)</p><p>$5.99</p><a href="https://www.amazon.com/dp/B0026SBYUE?tag=eloabder-20&linkCode=osi&th=1&psc=1">View Product</a></div><div class="product"><a href="https://www.amazon.com/dp/B0CXDBD77N?tag=eloabder-20&linkCode=osi&th=1&psc=1"><img src="https://m.media-amazon.com/images/I/41x1EZv3P3L._SL500_.jpg" alt="Product Image"></a><p>SEAMEW 250 ML/8.8 OZ Calligraphy and Sumi Liquid Ink - Versatile Elegance for Chinese Traditional Art Works and Japanese Brush Art</p><p>$11.49</p><a href="https://www.amazon.com/dp/B0CXDBD77N?tag=eloabder-20&linkCode=osi&th=1&psc=1">View Product</a></div><div class="product"><a href="https://www.amazon.com/dp/B0CR3ML8VS?tag=eloabder-20&linkCode=osi&th=1&psc=1"><img src="https://m.media-amazon.com/images/I/41fLIKySQZL._SL500_.jpg" alt="Product Image"></a><p>Hmayart Prepared Super Thick Liquid Black Ink for Japanese Brush Calligraphy & Chinese Traditional Artworks (MZ010 250g)</p><p>$11.99</p><a href="https://www.amazon.com/dp/B0CR3ML8VS?tag=eloabder-20&linkCode=osi&th=1&psc=1">View Product</a></div><div class="product"><a href="https://www.amazon.com/dp/B0039OQ0J4?tag=eloabder-20&linkCode=osi&th=1&psc=1"><img src="https://m.media-amazon.com/images/I/41RRlR55P9L._SL500_.jpg" alt="Product Image"></a><p>Daiso Sumi Calligraphy Liquid Ink in a 180ml Bottle (Japan Import)</p><p>$8.99</p><a href="https://www.amazon.com/dp/B0039OQ0J4?tag=eloabder-20&linkCode=osi&th=1&psc=1">View Product</a></div><div class="product"><a href="https://www.amazon.com/dp/B074KJ289G?tag=eloabder-20&linkCode=osi&th=1&psc=1"><img src="https://m.media-amazon.com/images/I/41FZT3aCChL._SL500_.jpg" alt="Product Image"></a><p>Easyou Redstar Liquid Ink for Professioanl Traditional Calligraphy and Brush Painting Chinese Ink Liquid (Black&1pcs*180ML)</p><p>$10.99</p><a href="https://www.amazon.com/dp/B074KJ289G?tag=eloabder-20&linkCode=osi&th=1&psc=1">View Product</a></div><div class="product"><a href="https://www.amazon.com/dp/B07JYJ6C1W?tag=eloabder-20&linkCode=osi&th=1&psc=1"><img src="https://m.media-amazon.com/images/I/51IAnrWkw6L._SL500_.jpg" alt="Product Image"></a><p>MZ001 HmayartBlack Sumi Liquid Ink for Japanese Brush Calligraphy & Chinese Traditional Artworks 250ml (black)</p><p>$13.99</p><a href="https://www.amazon.com/dp/B07JYJ6C1W?tag=eloabder-20&linkCode=osi&th=1&psc=1">View Product</a></div><div class="product"><a href="https://www.amazon.com/dp/B0894L9M2C?tag=eloabder-20&linkCode=osi&th=1&psc=1"><img src="https://m.media-amazon.com/images/I/51H5LBUAZcL._SL500_.jpg" alt="Product Image"></a><p>24 Colors Calligraphy Ink Set, Calligraphy Fountain Glass Dip Pen Color Ink Caligrapher Pen Ink Bottle Set, Gold Powder Drawing Writing Art Ink with Gift Box - 24 x 7ml</p><p>$21.98</p><a href="https://www.amazon.com/dp/B0894L9M2C?tag=eloabder-20&linkCode=osi&th=1&psc=1">View Product</a></div><div class="product"><a href="https://www.amazon.com/dp/B0C49WVM7L?tag=eloabder-20&linkCode=osi&th=1&psc=1"><img src="https://m.media-amazon.com/images/I/41zxtjGWS1L._SL500_.jpg" alt="Product Image"></a><p>AOKUY 24 Colors Calligraphy Ink Set,Calligraphy Inks,Colorful Dip Pen Ink Set,Gold Powder Drawing Writing Art Ink with Gift Box</p><p>$16.99</p><a href="https://www.amazon.com/dp/B0C49WVM7L?tag=eloabder-20&linkCode=osi&th=1&psc=1">View Product</a></div>
<div class="product"><a href="https://www.amazon.com/dp/B0007ZJ8QU?tag=eloabder-20&linkCode=osi&th=1&psc=1"><img src="https://m.media-amazon.com/images/I/41vTwN7L9NL._SL500_.jpg" alt="Product Image"></a><p>Speedball C-Series Lettering Pen Set - 1 Penholder w/ 6 Nibs</p><p>$11.99</p><a href="https://www.amazon.com/dp/B0007ZJ8QU?tag=eloabder-20&linkCode=osi&th=1&psc=1">View Product</a></div><div class="product"><a href="https://www.amazon.com/dp/B003IGNH30?tag=eloabder-20&linkCode=osi&th=1&psc=1"><img src="https://m.media-amazon.com/images/I/412WGB9WzGL._SL500_.jpg" alt="Product Image"></a><p>Speedball 30710 10 Pen Nib Assorted Set</p><p>$21.99</p><a href="https://www.amazon.com/dp/B003IGNH30?tag=eloabder-20&linkCode=osi&th=1&psc=1">View Product</a></div><div class="product"><a href="https://www.amazon.com/dp/B0CQTCZRYC?tag=eloabder-20&linkCode=osi&th=1&psc=1"><img src="https://m.media-amazon.com/images/I/41+d7oXaTvL._SL500_.jpg" alt="Product Image"></a><p>10PCS Oblique Calligraphy Dip Pen Set Comic Pen Nib Set Fluid Writer Pen, 2-in-1 Drawing Pen Holder with 8 Pieces Stainless Steel Pen Replacement Nibs Nib for Writing, Painting, Signing, Sketch</p><p>$6.49</p><a href="https://www.amazon.com/dp/B0CQTCZRYC?tag=eloabder-20&linkCode=osi&th=1&psc=1">View Product</a></div><div class="product"><a href="https://www.amazon.com/dp/B000BYQLT4?tag=eloabder-20&linkCode=osi&th=1&psc=1"><img src="https://m.media-amazon.com/images/I/41Tmn+y1-xL._SL500_.jpg" alt="Product Image"></a><p>Speedball Calligraphy Pen Set - 1 Penholder w/ 4 Nibs, 2 Pen Tips</p><p>$13.99</p><a href="https://www.amazon.com/dp/B000BYQLT4?tag=eloabder-20&linkCode=osi&th=1&psc=1">View Product</a></div><div class="product"><a href="https://www.amazon.com/dp/B0B3CVPWMF?tag=eloabder-20&linkCode=osi&th=1&psc=1"><img src="https://m.media-amazon.com/images/I/41Zw4tqW+HL._SL500_.jpg" alt="Product Image"></a><p>Mewutal 2Pcs/Set Comic Pen Nib Set Pen Nibs Replacements for Calligraphy Manga Writing Painting(Pumpkin Head Nib)</p><p>$7.99</p><a href="https://www.amazon.com/dp/B0B3CVPWMF?tag=eloabder-20&linkCode=osi&th=1&psc=1">View Product</a></div><div class="product"><a href="https://www.amazon.com/dp/B0BVR4M5X4?tag=eloabder-20&linkCode=osi&th=1&psc=1"><img src="https://m.media-amazon.com/images/I/515TyiGpQKL._SL500_.jpg" alt="Product Image"></a><p>Wonwood_direct Calligraphy set, 7 Calligraphy Pens with Different Nibs and 40 Ink Cartridges in 13 Colors for Beginner Writing Drawing for Greeting Card Signature Calligraphy (Type 1)</p><p>$15.99</p><a href="https://www.amazon.com/dp/B0BVR4M5X4?tag=eloabder-20&linkCode=osi&th=1&psc=1">View Product</a></div><div class="product"><a href="https://www.amazon.com/dp/B0BGRM97MF?tag=eloabder-20&linkCode=osi&th=1&psc=1"><img src="https://m.media-amazon.com/images/I/41vB7fs3VbL._SL500_.jpg" alt="Product Image"></a><p>Gullor A Bunch of Nibs for Comic Dip Pen, Assorted Calligraphy Dip Pen Nibs, Various Sizes and Shapes, 33 Nibs in Box</p><p>$9.99</p><a href="https://www.amazon.com/dp/B0BGRM97MF?tag=eloabder-20&linkCode=osi&th=1&psc=1">View Product</a></div>
<div class="product"><a href="https://www.amazon.com/dp/B000KNNVX0?tag=eloabder-20&linkCode=osi&th=1&psc=1"><img src="https://m.media-amazon.com/images/I/51RAGoN6UsL._SL500_.jpg" alt="Product Image"></a><p>Strathmore STR- 50 Sheet Tape Bound Calligraphy Pad, 8.5 by 11", White</p><p>$7.83</p><a href="https://www.amazon.com/dp/B000KNNVX0?tag=eloabder-20&linkCode=osi&th=1&psc=1">View Product</a></div><div class="product"><a href="https://www.amazon.com/dp/B00PGBVNM2?tag=eloabder-20&linkCode=osi&th=1&psc=1"><img src="https://m.media-amazon.com/images/I/51VvCXPD-QL._SL500_.jpg" alt="Product Image"></a><p>U.S. Art Supply (Pack of 2 Pads) - 9" x 12" Premium Calligraphic Practice Paper Pad, 19 Pound Bond (70gsm), Pad of 50-Sheets, Calligraphy Paper with Printed Practice Rule and Slanted Grid</p><p>$12.99</p><a href="https://www.amazon.com/dp/B00PGBVNM2?tag=eloabder-20&linkCode=osi&th=1&psc=1">View Product</a></div><div class="product"><a href="https://www.amazon.com/dp/B0CQ1VTM1R?tag=eloabder-20&linkCode=osi&th=1&psc=1"><img src="https://m.media-amazon.com/images/I/31pMzPI5pdL._SL500_.jpg" alt="Product Image"></a><p>50 Sheets Watercolor Paper 8 x 6inch Deckled Edge Paper 190 GSM Rough/Textured Handmade Paper Cotton Paper White Textured Paper for Watercolor, Writing Calligraphy, Invitations, Letters</p><p>$12.99 ($0.26 / Count)</p><a href="https://www.amazon.com/dp/B0CQ1VTM1R?tag=eloabder-20&linkCode=osi&th=1&psc=1">View Product</a></div><div class="product"><a href="https://www.amazon.com/dp/B0CGHVSX6W?tag=eloabder-20&linkCode=osi&th=1&psc=1"><img src="https://m.media-amazon.com/images/I/41pAexcoWlL._SL500_.jpg" alt="Product Image"></a><p>KYMY Chinese/Japanese Calligraphy Paper 100PCS, Sumi/Rice Paper for Writing Painting Drawing Practice, Chinese Brush Ink Xuan Paper, Half Sheng Shu (Half Raw Ripe) (34 x 34 cm (13.38 x 13.38 Inch))</p><p>$10.99 ($0.11 / Count)</p><a href="https://www.amazon.com/dp/B0CGHVSX6W?tag=eloabder-20&linkCode=osi&th=1&psc=1">View Product</a></div>
<div class="product"><a href="https://www.amazon.com/dp/B08FCZC2R3?tag=eloabder-20&linkCode=osi&th=1&psc=1"><img src="https://m.media-amazon.com/images/I/51TWqPlqpfL._SL500_.jpg" alt="Product Image"></a><p>Craft 'n' Beyond Calligraphy Brush Pens Pack of 3 Small, Medium and Large Markers for Hand Lettering, Art Drawing, Sketching, Scrapbooking, Journaling - Beginner Kit with Fadeproof Black Ink</p><p>$5.49</p><a href="https://www.amazon.com/dp/B08FCZC2R3?tag=eloabder-20&linkCode=osi&th=1&psc=1">View Product</a></div><div class="product"><a href="https://www.amazon.com/dp/B0B67TWWDG?tag=eloabder-20&linkCode=osi&th=1&psc=1"><img src="https://m.media-amazon.com/images/I/5188ARIL9sL._SL500_.jpg" alt="Product Image"></a><p>Brusarth Calligraphy Pens, 8 Size Calligraphy Pens for Writing, Brush Pens Calligraphy Set for Beginners, Hand Lettering Pens, Brush Markers Set, Black Ink Drawing Pens</p><p>$8.95</p><a href="https://www.amazon.com/dp/B0B67TWWDG?tag=eloabder-20&linkCode=osi&th=1&psc=1">View Product</a></div><div class="product"><a href="https://www.amazon.com/dp/B000SHQFEA?tag=eloabder-20&linkCode=osi&th=1&psc=1"><img src="https://m.media-amazon.com/images/I/41sx3qStImL._SL500_.jpg" alt="Product Image"></a><p>edding 1255 calligraphy pen - black - 3 pens - calligraphy nib 2 - 5 mm - fibre pens for paper, wood, terracotta, canvas - hand lettering, bullet journals, thank you cards, calligraphy books</p><p>$6.50</p><a href="https://www.amazon.com/dp/B000SHQFEA?tag=eloabder-20&linkCode=osi&th=1&psc=1">View Product</a></div><div class="product"><a href="https://www.amazon.com/dp/B001DKJLEC?tag=eloabder-20&linkCode=osi&th=1&psc=1"><img src="https://m.media-amazon.com/images/I/41x7A8wo7YL._SL500_.jpg" alt="Product Image"></a><p>Speedball Elegant Writer Calligraphy 4 Marker Set, Black, 2.0 mm, 2.5 mm & 3.0 mm Chisel Nib Tip Pens for Drawing, Journaling, and Scrapbooking</p><p>$9.99 ($2.50 / Count)</p><a href="https://www.amazon.com/dp/B001DKJLEC?tag=eloabder-20&linkCode=osi&th=1&psc=1">View Product</a></div><div class="product"><a href="https://www.amazon.com/dp/B08RYWH185?tag=eloabder-20&linkCode=osi&th=1&psc=1"><img src="https://m.media-amazon.com/images/I/51GFkyfC3iL._SL500_.jpg" alt="Product Image"></a><p>Piochoo Calligraphy Pens,8 Size Calligraphy Pens for Writing,Brush Pens Calligraphy Set for Beginners, Hand Lettering Pens</p><p>$12.99</p><a href="https://www.amazon.com/dp/B08RYWH185?tag=eloabder-20&linkCode=osi&th=1&psc=1">View Product</a></div>
<div class="product"><a href="https://www.amazon.com/dp/B0C66K9NHR?tag=eloabder-20&linkCode=osi&th=1&psc=1"><img src="https://m.media-amazon.com/images/I/51As2T+7gzL._SL500_.jpg" alt="Product Image"></a><p>Calligraphy Kit for Beginners - Calligraphy Pen Set with Calligraphy Workbook</p><p>$26.89</p><a href="https://www.amazon.com/dp/B0C66K9NHR?tag=eloabder-20&linkCode=osi&th=1&psc=1">View Product</a></div><div class="product"><a href="https://www.amazon.com/dp/B081J6QLZN?tag=eloabder-20&linkCode=osi&th=1&psc=1"><img src="https://m.media-amazon.com/images/I/41lK2Gw0JZL._SL500_.jpg" alt="Product Image"></a><p>Trustela Calligraphy Set for Beginners, Dip Pen Set with 19 Nibs, Oblique Pen Holder, Wooden Pen Set</p><p>$21.99</p><a href="https://www.amazon.com/dp/B081J6QLZN?tag=eloabder-20&linkCode=osi&th=1&psc=1">View Product</a></div><div class="product"><a href="https://www.amazon.com/dp/B0BCVDNPRJ?tag=eloabder-20&linkCode=osi&th=1&psc=1"><img src="https://m.media-amazon.com/images/I/51J-hFN4AeL._SL500_.jpg" alt="Product Image"></a><p>GC QUILL Calligraphy Pens Set 64pcs - Calligraphy Fountain Pen Set with 3 Fountain Pens, 7 Varied Nibs, 54 Ink Cartridges(10 Colors) - Writing, Drawing and Calligraphy Practice for beginner GC-F354</p><p>$23.99</p><a href="https://www.amazon.com/dp/B0BCVDNPRJ?tag=eloabder-20&linkCode=osi&th=1&psc=1">View Product</a></div>
<div class="product"><a href="https://www.amazon.com/dp/B092Q8BQC1?tag=eloabder-20&linkCode=osi&th=1&psc=1"><img src="https://m.media-amazon.com/images/I/51gdXkGIguS._SL500_.jpg" alt="Product Image"></a><p>AIYNC Feather Calligraphy Pen Ink Set, Includes Quill Pen and Wooden Dip Pen, Ink,17 Replacement Nib, Pen Base, 3 Wax Seal Sticks, Stamp, White Wax, Spoon, Envelope Letter Paper, Envelope Tool(Green)</p><p>$22.99</p><a href="https://www.amazon.com/dp/B092Q8BQC1?tag=eloabder-20&linkCode=osi&th=1&psc=1">View Product</a></div>
<div class="product"><a href="https://www.amazon.com/dp/B09J228BSF?tag=eloabder-20&linkCode=osi&th=1&psc=1"><img src="https://m.media-amazon.com/images/I/61MByvIyHGL._SL500_.jpg" alt="Product Image"></a><p>Candle dye - 18 Colors Liquid Oil-Based dye for Candle Wax, Vivid Candle Color for DIY Candle Making, Highly Concentrate Natural Candle Color</p><p>$15.59 ($2.47 / Fl Oz)</p><a href="https://www.amazon.com/dp/B09J228BSF?tag=eloabder-20&linkCode=osi&th=1&psc=1">View Product</a></div><div class="product"><a href="https://www.amazon.com/dp/B06Y3T5RV4?tag=eloabder-20&linkCode=osi&th=1&psc=1"><img src="https://m.media-amazon.com/images/I/61yZyP8eZTL._SL500_.jpg" alt="Product Image"></a><p>Candle Dyes for Soy Candle Making - Wax Сolor Dye Color Chips for Soy Wax - 16 Popular Colors Wax Dye Flakes</p><p>$16.99 ($10.62 / Ounce)</p><a href="https://www.amazon.com/dp/B06Y3T5RV4?tag=eloabder-20&linkCode=osi&th=1&psc=1">View Product</a></div><div class="product"><a href="https://www.amazon.com/dp/B0CMCPGLQZ?tag=eloabder-20&linkCode=osi&th=1&psc=1"><img src="https://m.media-amazon.com/images/I/51G9e-Epa0L._SL500_.jpg" alt="Product Image"></a><p>Candle Dye - 12 Colors Wax Melt Dye for Candle Making, Oil-Based Dye for Wax, Highly Concentrate Liquid Candle Color Dye</p><p>$8.99</p><a href="https://www.amazon.com/dp/B0CMCPGLQZ?tag=eloabder-20&linkCode=osi&th=1&psc=1">View Product</a></div><div class="product"><a href="https://www.amazon.com/dp/B09GLMZ5PS?tag=eloabder-20&linkCode=osi&th=1&psc=1"><img src="https://m.media-amazon.com/images/I/51SCG6n6Y4L._SL500_.jpg" alt="Product Image"></a><p>OSBANG Oil-Based Candle Color Dye Non-Toxic Non-Irritating 20 Colors for DIY Candle Making Supplies - Vibrant Concentrated Candle Coloring for Soy Wax Dyes, Beeswax, Gel Wax, Candle Making Kit</p><p>$14.99 ($2.22 / Fl Oz)</p><a href="https://www.amazon.com/dp/B09GLMZ5PS?tag=eloabder-20&linkCode=osi&th=1&psc=1">View Product</a></div><div class="product"><a href="https://www.amazon.com/dp/B0C8D2X4F1?tag=eloabder-20&linkCode=osi&th=1&psc=1"><img src="https://m.media-amazon.com/images/I/51e0mqPDEJL._SL500_.jpg" alt="Product Image"></a><p>Candle Dye - 14 Colors Highly Concentrate Oil-Based Liquid Candle Dye Kit, Candle Dyes for Candle Making, Beeswax, Gel Wax, Paraffin Wax - Each 0.35 fl oz</p><p>$9.99</p><a href="https://www.amazon.com/dp/B0C8D2X4F1?tag=eloabder-20&linkCode=osi&th=1&psc=1">View Product</a></div>

<div class="product"><a href="https://www.amazon.com/dp/B0D3HPD7WP?tag=eloabder-20&linkCode=osi&th=1&psc=1"><img src="https://m.media-amazon.com/images/I/31KSmmAWUWL._SL500_.jpg" alt="Product Image"></a><p>50 Sheets Grey Cardstock Paper, Colored Printer Paper 8.5 x 11, Thick Construction Paper for Cards Making, Scrapbook，Office Printing, Invitations, Certificates，DIY Crafting 92 lb/250gsm</p><p>$9.99</p><a href="https://www.amazon.com/dp/B0D3HPD7WP?tag=eloabder-20&linkCode=osi&th=1&psc=1">View Product</a></div>
<div class="product"><a href="https://www.amazon.com/dp/B076CP6F36?tag=eloabder-20&linkCode=osi&th=1&psc=1"><img src="https://m.media-amazon.com/images/I/51rfEIvgI+L._SL500_.jpg" alt="Product Image"></a><p>Apple Barrel, Vibrant Spectrum Collection Acrylic Craft Paint, PROMOABIII, 2 fl oz each, 16 assorted matte colors, 16 count</p><p>$15.97 ($0.50 / Fl Oz)</p><a href="https://www.amazon.com/dp/B076CP6F36?tag=eloabder-20&linkCode=osi&th=1&psc=1">View Product</a></div><div class="product"><a href="https://www.amazon.com/dp/B0BKFLSYQF?tag=eloabder-20&linkCode=osi&th=1&psc=1"><img src="https://m.media-amazon.com/images/I/51a0PmPRknL._SL500_.jpg" alt="Product Image"></a><p>72 Pack Acrylic Paint Set, Shuttle Art 60 Colors Acrylic Paint Including Extra White Black & 12 Brushes, 2oz/60ml, Rich Pigmented, Water Proof, Ideal for Artists, Beginners on Canvas Rock Wood Ceramic</p><p>$45.99 ($23.00 / Fl Oz)</p><a href="https://www.amazon.com/dp/B0BKFLSYQF?tag=eloabder-20&linkCode=osi&th=1&psc=1">View Product</a></div><div class="product"><a href="https://www.amazon.com/dp/B08CB3JH79?tag=eloabder-20&linkCode=osi&th=1&psc=1"><img src="https://m.media-amazon.com/images/I/51OUZsFdnTL._SL500_.jpg" alt="Product Image"></a><p>Acrylic Paint Set of 36 Colors 2fl oz 60ml Bottles,Non Toxic 36 Colors Acrylic Paint No Fading Rich Pigment for Kids Adults Artists Canvas Crafts Wood Painting</p><p>$32.99 ($0.46 / Fl Oz)</p><a href="https://www.amazon.com/dp/B08CB3JH79?tag=eloabder-20&linkCode=osi&th=1&psc=1">View Product</a></div><div class="product"><a href="https://www.amazon.com/dp/B0018NBVKQ?tag=eloabder-20&linkCode=osi&th=1&psc=1"><img src="https://m.media-amazon.com/images/I/31YlSvZMTCL._SL500_.jpg" alt="Product Image"></a><p>Apple Barrel Acrylic Paint in Assorted Colors (8 Ounce), 20403 White</p><p>$2.67 ($0.33 / Fl Oz)</p><a href="https://www.amazon.com/dp/B0018NBVKQ?tag=eloabder-20&linkCode=osi&th=1&psc=1">View Product</a></div><div class="product"><a href="https://www.amazon.com/dp/B077WSBLZ1?tag=eloabder-20&linkCode=osi&th=1&psc=1"><img src="https://m.media-amazon.com/images/I/51KPkXpLn1L._SL500_.jpg" alt="Product Image"></a><p>Shuttle Art Acrylic Paint Set, 30 x12ml Tubes Artist Quality Non Toxic Rich Pigments Colors Great for Kids Adults Professional Painting on Rocks Canvas Wood Clay Fabric Ceramic Crafts</p><p>$12.99 ($1.08 / Fl Oz)</p><a href="https://www.amazon.com/dp/B077WSBLZ1?tag=eloabder-20&linkCode=osi&th=1&psc=1">View Product</a></div><div class="product"><a href="https://www.amazon.com/dp/B00889Z5Y6?tag=eloabder-20&linkCode=osi&th=1&psc=1"><img src="https://m.media-amazon.com/images/I/41MQjsyDbSL._SL500_.jpg" alt="Product Image"></a><p>Apple Barrel Acrylic Paint in Assorted Colors (2 oz), 20764, Apricot</p><p>$0.58 ($0.29 / Fl Oz)</p><a href="https://www.amazon.com/dp/B00889Z5Y6?tag=eloabder-20&linkCode=osi&th=1&psc=1">View Product</a></div><div class="product"><a href="https://www.amazon.com/dp/B09TWQD5ZL?tag=eloabder-20&linkCode=osi&th=1&psc=1"><img src="https://m.media-amazon.com/images/I/41B0L003QXL._SL500_.jpg" alt="Product Image"></a><p>Artkey Acrylic Paint Set - 24 colors 2 oz/59 ml Acrylic Paints Professional Artists Painting Kit for Canvases Fabric Rock Leather Easter Egg Wood Ceramic Glass Art Craft Painting</p><p>$19.99 ($0.42 / Fl Oz)</p><a href="https://www.amazon.com/dp/B09TWQD5ZL?tag=eloabder-20&linkCode=osi&th=1&psc=1">View Product</a></div><div class="product"><a href="https://www.amazon.com/dp/B07Z93LQDB?tag=eloabder-20&linkCode=osi&th=1&psc=1"><img src="https://m.media-amazon.com/images/I/51veoN6zK0L._SL500_.jpg" alt="Product Image"></a><p>Shuttle Art Acrylic Paint Set, 36 Colors Acrylic Paint with Brushes & Palette, 2oz Bottles, Rich Pigments Non-toxic Paint for Artists Kids & Adults, Art Supplies for Canvas Rock Ceramic Wood Painting</p><p>$27.99</p><a href="https://www.amazon.com/dp/B07Z93LQDB?tag=eloabder-20&linkCode=osi&th=1&psc=1">View Product</a></div><div class="product"><a href="https://www.amazon.com/dp/B002665SYY?tag=eloabder-20&linkCode=osi&th=1&psc=1"><img src="https://m.media-amazon.com/images/I/31sJJeWK6OS._SL500_.jpg" alt="Product Image"></a><p>Liquitex BASICS Acrylic Paint, 250ml (8.5-oz) Tube, Titanium White</p><p>$9.99 ($1.18 / Fl Oz)</p><a href="https://www.amazon.com/dp/B002665SYY?tag=eloabder-20&linkCode=osi&th=1&psc=1">View Product</a></div>
<div class="product"><a href="https://www.amazon.com/dp/B0CC98XLGL?tag=eloabder-20&linkCode=osi&th=1&psc=1"><img src="https://m.media-amazon.com/images/I/51ZLw+nThiL._SL500_.jpg" alt="Product Image"></a><p>HUIRUSO 4 Pack Double Sided Tape Roller, Scrapbook Supplies, Glue Tape Roller for Crafts, Double-Sided Adhesive Tape Runner for Scrapbooking, School Office Journaling Supplies (0.31 in X 26.25 ft)</p><p>$6.99 ($1.75 / Count)</p><a href="https://www.amazon.com/dp/B0CC98XLGL?tag=eloabder-20&linkCode=osi&th=1&psc=1">View Product</a></div><div class="product"><a href="https://www.amazon.com/dp/B007XAAE6K?tag=eloabder-20&linkCode=osi&th=1&psc=1"><img src="https://m.media-amazon.com/images/I/414qxYVR0wL._SL500_.jpg" alt="Product Image"></a><p>Scotch Double Sided Tape Runner, 1-Pack, 0.27 in x 26 ft., Perfect for Holiday Crafts, Gifts, and More</p><p>$4.47</p><a href="https://www.amazon.com/dp/B007XAAE6K?tag=eloabder-20&linkCode=osi&th=1&psc=1">View Product</a></div><div class="product"><a href="https://www.amazon.com/dp/B0BZVGPFSK?tag=eloabder-20&linkCode=osi&th=1&psc=1"><img src="https://m.media-amazon.com/images/I/51-ue9+7JkL._SL500_.jpg" alt="Product Image"></a><p>Birllaid Double Sided Tape for Walls, Picture Hanging Strips Removable Mounting Dots Adhesive Heavy Duty, Removable for Art Craft, Decoration, Party Supplies, Multipurpose</p><p>$11.99</p><a href="https://www.amazon.com/dp/B0BZVGPFSK?tag=eloabder-20&linkCode=osi&th=1&psc=1">View Product</a></div><div class="product"><a href="https://www.amazon.com/dp/B0CGVN9SL1?tag=eloabder-20&linkCode=osi&th=1&psc=1"><img src="https://m.media-amazon.com/images/I/41Hy+i4CnoL._SL500_.jpg" alt="Product Image"></a><p>30Ft x 1 Inch Hook and Loop Strips with Adhesive,Double Rolls of Heavy Duty Self Adhesive Tape with Backing, Nylon Self Adhesive Tape for Home Office School and Crafting,White</p><p>$9.99</p><a href="https://www.amazon.com/dp/B0CGVN9SL1?tag=eloabder-20&linkCode=osi&th=1&psc=1">View Product</a></div><div class="product"><a href="https://www.amazon.com/dp/B07Y3VDPLF?tag=eloabder-20&linkCode=osi&th=1&psc=1"><img src="https://m.media-amazon.com/images/I/41cyKQ2OMuL._SL500_.jpg" alt="Product Image"></a><p>Melsan 1x4 inch Hook and Loop Strips with Adhesive - 15 Sets, Strong Back Adhesive Fasten Mounting Tape for Home or Office Use - Instead of Holes and Screws, Black</p><p>$7.82</p><a href="https://www.amazon.com/dp/B07Y3VDPLF?tag=eloabder-20&linkCode=osi&th=1&psc=1">View Product</a></div><div class="product"><a href="https://www.amazon.com/dp/B07V57VJT5?tag=eloabder-20&linkCode=osi&th=1&psc=1"><img src="https://m.media-amazon.com/images/I/514JO3bvl3L._SL500_.jpg" alt="Product Image"></a><p>XFasten Adhesive Roller for Scrapbooking, 8mm x 30ft 4-Pack Double Sided Glue Tape Roller, Scrapbook Supplies for Adults, Photo Tape for Scrapbooking</p><p>$9.99 ($2.50 / Count)</p><a href="https://www.amazon.com/dp/B07V57VJT5?tag=eloabder-20&linkCode=osi&th=1&psc=1">View Product</a></div><div class="product"><a href="https://www.amazon.com/dp/B07JLTGQHX?tag=eloabder-20&linkCode=osi&th=1&psc=1"><img src="https://m.media-amazon.com/images/I/51Eqfo7kUZL._SL500_.jpg" alt="Product Image"></a><p>UPINS 120 Pack Double Sided Foam Tape Square Self-Adhesive Foam Tape Black Strong Tape Pads for DIY Art Crafts Supplies</p><p>$9.99 ($0.08 / Count)</p><a href="https://www.amazon.com/dp/B07JLTGQHX?tag=eloabder-20&linkCode=osi&th=1&psc=1">View Product</a></div><div class="product"><a href="https://www.amazon.com/dp/B005FM6XF4?tag=eloabder-20&linkCode=osi&th=1&psc=1"><img src="https://m.media-amazon.com/images/I/51-vp1WJ89L._SL500_.jpg" alt="Product Image"></a><p>AdTech 5603 Permanent Crafter's Tape, 0.31" x 315", Pack of 4</p><p>$7.84 ($0.07 / Foot)</p><a href="https://www.amazon.com/dp/B005FM6XF4?tag=eloabder-20&linkCode=osi&th=1&psc=1">View Product</a></div><div class="product"><a href="https://www.amazon.com/dp/B0CJF1FLFJ?tag=eloabder-20&linkCode=osi&th=1&psc=1"><img src="https://m.media-amazon.com/images/I/51dig1RqzdL._SL500_.jpg" alt="Product Image"></a><p>UPINS 150Pack Double Sided Foam Tape Strong Sticky Double Sided Foam Pads for Crafts Self-Adhesive Mounting Foam Tape Heavy Duty for Home Wall Decor 40 * 40 * 2mm</p><p>$8.99 ($0.06 / Count)</p><a href="https://www.amazon.com/dp/B0CJF1FLFJ?tag=eloabder-20&linkCode=osi&th=1&psc=1">View Product</a></div><div class="product"><a href="https://www.amazon.com/dp/B0D4YWRGCL?tag=eloabder-20&linkCode=osi&th=1&psc=1"><img src="https://m.media-amazon.com/images/I/41EqJ553-KL._SL500_.jpg" alt="Product Image"></a><p>Amanbo Glue Tape for Scrapbooking, 6 Pack Scrapbook Tape, Double Sided Tape Roller for Crafts, Total 120 Ft x 0.24 in Tape Runner, Craft Supplies for Scrapbooking, Gift Wrapping and Photo Tape</p><p>$6.99</p><a href="https://www.amazon.com/dp/B0D4YWRGCL?tag=eloabder-20&linkCode=osi&th=1&psc=1">View Product</a></div>
<div class="product"><a href="https://www.amazon.com/dp/B0CC5HPPTN?tag=eloabder-20&linkCode=osi&th=1&psc=1"><img src="https://m.media-amazon.com/images/I/519M81S201L._SL500_.jpg" alt="Product Image"></a><p>Airbrush Paint - 30 Colors with 3 Thinner, Ready to Spray Airbrush Paint Set, Water-Based Acrylic Air brush Paints for Metal, Plastic Models, Canvas, Wood, 20ml/Bottle</p><p>$32.99 ($1.48 / Fl Oz)</p><a href="https://www.amazon.com/dp/B0CC5HPPTN?tag=eloabder-20&linkCode=osi&th=1&psc=1">View Product</a></div>
<div class="product"><a href="https://www.amazon.com/dp/B0CXPSGK36?tag=eloabder-20&linkCode=osi&th=1&psc=1"><img src="https://m.media-amazon.com/images/I/51dd2dYOtrL._SL500_.jpg" alt="Product Image"></a><p>Letter Stickers 30 Sheets 1500 PCS Large Alphabet Sticker 2 Inch Vinyl Self Adhesive Stick on Stickers for Water Bottles Cup Mailbox Number Address Craft Scrapbooking Bulletin Board Decor Multicolor</p><p>$9.99</p><a href="https://www.amazon.com/dp/B0CXPSGK36?tag=eloabder-20&linkCode=osi&th=1&psc=1">View Product</a></div><div class="product"><a href="https://www.amazon.com/dp/B07NNYFMGY?tag=eloabder-20&linkCode=osi&th=1&psc=1"><img src="https://m.media-amazon.com/images/I/51yDnU+gEXL._SL500_.jpg" alt="Product Image"></a><p>20 Sheets Alphabet Letter Stickers 10 Colors Self Adhesive Sticker Colorful PU Material Convex Feeling (Colored Letter Stickers 1)</p><p>$6.99 ($0.35 / Count)</p><a href="https://www.amazon.com/dp/B07NNYFMGY?tag=eloabder-20&linkCode=osi&th=1&psc=1">View Product</a></div>

<div class="product"><a href="https://www.amazon.com/dp/B01DDN8854?tag=eloabder-20&linkCode=osi&th=1&psc=1"><img src="https://m.media-amazon.com/images/I/61dPubDZBSL._SL500_.jpg" alt="Product Image"></a><p>Hugs 'n Kisses HNKHABY13 Applique Paper (20 Pack)</p><p>$19.72 ($0.99 / Count)</p><a href="https://www.amazon.com/dp/B01DDN8854?tag=eloabder-20&linkCode=osi&th=1&psc=1">View Product</a></div>
<div class="product"><a href="https://www.amazon.com/dp/B09KPNFJW1?tag=eloabder-20&linkCode=osi&th=1&psc=1"><img src="https://m.media-amazon.com/images/I/41abn5fELmL._SL500_.jpg" alt="Product Image"></a><p>UniPleased Disposable Aprons (50 Count), Plastic apron for Painting Party, Cooking, Housework, Picnic etc.</p><p>$5.69</p><a href="https://www.amazon.com/dp/B09KPNFJW1?tag=eloabder-20&linkCode=osi&th=1&psc=1">View Product</a></div>
<div class="product"><a href="https://www.amazon.com/dp/B087M21MM2?tag=eloabder-20&linkCode=osi&th=1&psc=1"><img src="https://m.media-amazon.com/images/I/41Xf-jehhLL._SL500_.jpg" alt="Product Image"></a><p>GOTIDEAL Stretched Canvas, Multi Pack 4x4, 5x7, 8x10,9x12, 11x14 Set of 10, Primed White - 100% Cotton Artist Canvas Boards for Painting, Acrylic Pouring, Oil Paint Dry & Wet Art Media</p><p>$24.99</p><a href="https://www.amazon.com/dp/B087M21MM2?tag=eloabder-20&linkCode=osi&th=1&psc=1">View Product</a></div><div class="product"><a href="https://www.amazon.com/dp/B00OQJYISG?tag=eloabder-20&linkCode=osi&th=1&psc=1"><img src="https://m.media-amazon.com/images/I/31fEDLPkkcL._SL500_.jpg" alt="Product Image"></a><p>6 Count 12” x 16” Super Value Canvas by Artist's Loft Necessities - Acid Free Cotton Canvas for Paint, Acrylic, & Oils - 1 Pack</p><p>$19.99</p><a href="https://www.amazon.com/dp/B00OQJYISG?tag=eloabder-20&linkCode=osi&th=1&psc=1">View Product</a></div><div class="product"><a href="https://www.amazon.com/dp/B09CDKB9HY?tag=eloabder-20&linkCode=osi&th=1&psc=1"><img src="https://m.media-amazon.com/images/I/51+p5xnClGL._SL500_.jpg" alt="Product Image"></a><p>DPDIAN Canvas Boards for Painting 40 Pack, 8 inch x 10 inch Super Value Pack, Artist Canvas Panels for Oil & Acrylic Painting</p><p>$29.99</p><a href="https://www.amazon.com/dp/B09CDKB9HY?tag=eloabder-20&linkCode=osi&th=1&psc=1">View Product</a></div><div class="product"><a href="https://www.amazon.com/dp/B0CFBGP29G?tag=eloabder-20&linkCode=osi&th=1&psc=1"><img src="https://m.media-amazon.com/images/I/3147Az5plbL._SL500_.jpg" alt="Product Image"></a><p>ArtSkills Stretched Canvases for Painting, 12x16 Canvas Painting Supplies for Artists, Blank Canvas Pack, 2-Pack</p><p>$16.99</p><a href="https://www.amazon.com/dp/B0CFBGP29G?tag=eloabder-20&linkCode=osi&th=1&psc=1">View Product</a></div><div class="product"><a href="https://www.amazon.com/dp/B07BNGQ1SS?tag=eloabder-20&linkCode=osi&th=1&psc=1"><img src="https://m.media-amazon.com/images/I/410ZVtygUwS._SL500_.jpg" alt="Product Image"></a><p>PHOENIX Stretched Canvas for Painting 8x10 Inch/10 Value Pack, 8 Oz Triple Primed 5/8 Inch Profile 100% Cotton White Blank Canvas, Artist Framed Canvas for Oil Acrylic & Pouring Art</p><p>$22.99</p><a href="https://www.amazon.com/dp/B07BNGQ1SS?tag=eloabder-20&linkCode=osi&th=1&psc=1">View Product</a></div><div class="product"><a href="https://www.amazon.com/dp/B0922JP1H4?tag=eloabder-20&linkCode=osi&th=1&psc=1"><img src="https://m.media-amazon.com/images/I/41BmiEND1KL._SL500_.jpg" alt="Product Image"></a><p>GOTIDEAL Canvases for Painting, 18 Pack Canvas Boards Multipack 4x4, 5x7, 8x10, 9x12,11x14,Primed White Blank Artist Canvas Variety Pack for Acrylic Paint, Oil Paint, Watercolor, Gouache</p><p>$19.99</p><a href="https://www.amazon.com/dp/B0922JP1H4?tag=eloabder-20&linkCode=osi&th=1&psc=1">View Product</a></div>


<div class="product"><a href="https://www.amazon.com/dp/B0872VFHBH?tag=eloabder-20&linkCode=osi&th=1&psc=1"><img src="https://m.media-amazon.com/images/I/51k3bekQheS._SL500_.jpg" alt="Product Image"></a><p>Bachmore Drawing Pad 9X12 Inch (110lb/180g), 60 Sheets, Top Spiral Bound Multi-Media for Artist Pro & Amateurs | Acrylic Art, Ink, Paint, Oil Pastels,Watercolor Mixed Media Sketch</p><p>$11.99</p><a href="https://www.amazon.com/dp/B0872VFHBH?tag=eloabder-20&linkCode=osi&th=1&psc=1">View Product</a></div><div class="product"><a href="https://www.amazon.com/dp/B0027A75A4?tag=eloabder-20&linkCode=osi&th=1&psc=1"><img src="https://m.media-amazon.com/images/I/51dyOxxcgYL._SL500_.jpg" alt="Product Image"></a><p>Strathmore 200 Series Sketch Pad, 9x12 inch, 100 Sheets, Tape Bound - Artist Sketchbook for Drawing, Illustration, Art Class Students</p><p>$6.99 ($0.07 / Count)</p><a href="https://www.amazon.com/dp/B0027A75A4?tag=eloabder-20&linkCode=osi&th=1&psc=1">View Product</a></div><div class="product"><a href="https://www.amazon.com/dp/B0BV13YQKX?tag=eloabder-20&linkCode=osi&th=1&psc=1"><img src="https://m.media-amazon.com/images/I/41VYfMpvXUL._SL500_.jpg" alt="Product Image"></a><p>Canson Graduate Watercolor Pad, Foldover, 9x12 inch, 20 Sheets | Artist Paper for Adults and Students - Painting, Gouache, Mixed Media and Ink</p><p>$4.97 ($0.41 / Count)</p><a href="https://www.amazon.com/dp/B0BV13YQKX?tag=eloabder-20&linkCode=osi&th=1&psc=1">View Product</a></div><div class="product"><a href="https://www.amazon.com/dp/B0024KMQ6K?tag=eloabder-20&linkCode=osi&th=1&psc=1"><img src="https://m.media-amazon.com/images/I/51sYdvPPUCL._SL500_.jpg" alt="Product Image"></a><p>Strathmore 400 Series Pastel Pad, Assorted Colors, 9"x12" Glue Bound, 24 Sheets</p><p>$9.11</p><a href="https://www.amazon.com/dp/B0024KMQ6K?tag=eloabder-20&linkCode=osi&th=1&psc=1">View Product</a></div><div class="product"><a href="https://www.amazon.com/dp/B00246O6PI?tag=eloabder-20&linkCode=osi&th=1&psc=1"><img src="https://m.media-amazon.com/images/I/517TUmckOIL._SL500_.jpg" alt="Product Image"></a><p>Strathmore 300 Series Drawing Paper Pad, Top Wire Bound, 11x14 inches, 50 Sheets (70lb/114g) - Artist Paper for Adults and Students - Charcoal, Colored Pencil, Ink, Pastel, Marker</p><p>$13.33</p><a href="https://www.amazon.com/dp/B00246O6PI?tag=eloabder-20&linkCode=osi&th=1&psc=1">View Product</a></div>
<div class="product"><a href="https://www.amazon.com/dp/B08ZMH7LJY?tag=eloabder-20&linkCode=osi&th=1&psc=1"><img src="https://m.media-amazon.com/images/I/51mJIsLJA-S._SL500_.jpg" alt="Product Image"></a><p>PANDAFLY Professional Drawing Sketching Pencil Set - 12 Pieces Graphite Pencils(14B - 2H), Ideal for Drawing Art, Sketching, Shading, Artist Pencils for Beginners & Pro Artists</p><p>$5.11</p><a href="https://www.amazon.com/dp/B08ZMH7LJY?tag=eloabder-20&linkCode=osi&th=1&psc=1">View Product</a></div><div class="product"><a href="https://www.amazon.com/dp/B088K1G5NL?tag=eloabder-20&linkCode=osi&th=1&psc=1"><img src="https://m.media-amazon.com/images/I/51F2bOMZWnL._SL500_.jpg" alt="Product Image"></a><p>MARKART Professional Drawing Sketching Pencil Set - 14 Pieces,Graphite,(12B - 4H), Ideal for Drawing Art, Sketching, Shading, Artist Pencils for Beginners & Pro Artists</p><p>$5.24</p><a href="https://www.amazon.com/dp/B088K1G5NL?tag=eloabder-20&linkCode=osi&th=1&psc=1">View Product</a></div><div class="product"><a href="https://www.amazon.com/dp/B08FHMRW4L?tag=eloabder-20&linkCode=osi&th=1&psc=1"><img src="https://m.media-amazon.com/images/I/51Pmn5gjyzL._SL500_.jpg" alt="Product Image"></a><p>Mr. Pen- Sketch Pencils for Drawing, 14 Pack, Drawing Pencils, Art Pencils, Graphite Pencils, Graphite Pencils for Drawing, Art Pencils for Drawing and Shading</p><p>$5.95</p><a href="https://www.amazon.com/dp/B08FHMRW4L?tag=eloabder-20&linkCode=osi&th=1&psc=1">View Product</a></div><div class="product"><a href="https://www.amazon.com/dp/B0BNQ58DC4?tag=eloabder-20&linkCode=osi&th=1&psc=1"><img src="https://m.media-amazon.com/images/I/51e-gQtCcCL._SL500_.jpg" alt="Product Image"></a><p>MARTCOLOR Drawing Sketching Pencils Set, 12 Pack Graphite Pencils(14B - 2H), Ideal for Drawing Art, Sketching, Shading, Artist Pencils for Beginners & Pro Artists</p><p>$5.99</p><a href="https://www.amazon.com/dp/B0BNQ58DC4?tag=eloabder-20&linkCode=osi&th=1&psc=1">View Product</a></div>

<div class="product"><a href="https://www.amazon.com/dp/B0851M3749?tag=eloabder-20&linkCode=osi&th=1&psc=1"><img src="https://m.media-amazon.com/images/I/41KKSGSDl5L._SL500_.jpg" alt="Product Image"></a><p>N NOROCME 12 PCS Blending Stumps and Tortillions Paper Art Blenders with Sandpaper Pencil Sharpener Pointer for Student Artist Charcoal Sketch Drawing Tools</p><p>$4.99</p><a href="https://www.amazon.com/dp/B0851M3749?tag=eloabder-20&linkCode=osi&th=1&psc=1">View Product</a></div><div class="product"><a href="https://www.amazon.com/dp/B09J3HKN8F?tag=eloabder-20&linkCode=osi&th=1&psc=1"><img src="https://m.media-amazon.com/images/I/51Qvx81eQLL._SL500_.jpg" alt="Product Image"></a><p>Eraser Pencils Set for Artists, Wooden Sketch Eraser Pen for Charcoal Drawings, Professional Highlight Painting Eraser for Sketching, Revise Erasing Details for Students Limner</p><p>$6.99</p><a href="https://www.amazon.com/dp/B09J3HKN8F?tag=eloabder-20&linkCode=osi&th=1&psc=1">View Product</a></div>
<div class="product"><a href="https://www.amazon.com/dp/B09WCQ89T8?tag=eloabder-20&linkCode=osi&th=1&psc=1"><img src="https://m.media-amazon.com/images/I/41gZz0qgBFL._SL500_.jpg" alt="Product Image"></a><p>Bernat BABY BLANKET BB Blue Dreams Yarn - 1 Pack of 10.5oz/300g - Polyester - #6 Super Bulky - 220 Yards - Knitting/Crochet</p><p>$6.97</p><a href="https://www.amazon.com/dp/B09WCQ89T8?tag=eloabder-20&linkCode=osi&th=1&psc=1">View Product</a></div><div class="product"><a href="https://www.amazon.com/dp/B07V5JVNFD?tag=eloabder-20&linkCode=osi&th=1&psc=1"><img src="https://m.media-amazon.com/images/I/41IS+HdtiOL._SL500_.jpg" alt="Product Image"></a><p>Lion Brand Yarn Basic Stitch Anti-Pilling Knitting Yarn, Yarn for Crocheting, 1-Pack, Baby Blue</p><p>$8.40 ($0.02 / Foot)</p><a href="https://www.amazon.com/dp/B07V5JVNFD?tag=eloabder-20&linkCode=osi&th=1&psc=1">View Product</a></div><div class="product"><a href="https://www.amazon.com/dp/B01M0AJID2?tag=eloabder-20&linkCode=osi&th=1&psc=1"><img src="https://m.media-amazon.com/images/I/41yVau0AUpL._SL500_.jpg" alt="Product Image"></a><p>Lion Brand Yarn (1 Skein) Lion Brand Yarn Babysoft Baby Yarn Yarn, Little Boy Blue Multicolor</p><p>$7.19 ($0.01 / Foot)</p><a href="https://www.amazon.com/dp/B01M0AJID2?tag=eloabder-20&linkCode=osi&th=1&psc=1">View Product</a></div><div class="product"><a href="https://www.amazon.com/dp/B09W1KHF42?tag=eloabder-20&linkCode=osi&th=1&psc=1"><img src="https://m.media-amazon.com/images/I/41maDlrio5L._SL500_.jpg" alt="Product Image"></a><p>Red Heart Super Saver Light Blue Yarn - 3 Pack of 198g/7oz - Acrylic - 4 Medium (Worsted) - 364 Yards - Knitting/Crochet</p><p>$13.29 ($4.43 / Count)</p><a href="https://www.amazon.com/dp/B09W1KHF42?tag=eloabder-20&linkCode=osi&th=1&psc=1">View Product</a></div><div class="product"><a href="https://www.amazon.com/dp/B08LKVZ3CX?tag=eloabder-20&linkCode=osi&th=1&psc=1"><img src="https://m.media-amazon.com/images/I/41GLizNx8UL._SL500_.jpg" alt="Product Image"></a><p>Bernat Baby Blanket Baby Blue Yarn - 3 Pack of 100g/3.5oz - Polyester - 6 Super Bulky - 72 Yards - Knitting/Crochet</p><p>$21.81</p><a href="https://www.amazon.com/dp/B08LKVZ3CX?tag=eloabder-20&linkCode=osi&th=1&psc=1">View Product</a></div><div class="product"><a href="https://www.amazon.com/dp/B0CHJ95WHJ?tag=eloabder-20&linkCode=osi&th=1&psc=1"><img src="https://m.media-amazon.com/images/I/314E1EQdihL._SL500_.jpg" alt="Product Image"></a><p>NORCIA Soft Velvet Yarn Chenille Yarn for Crocheting Baby Blanket Yarn for Knitting Amigurumi Yarn Fancy Yarn for Crochet Weaving Craft (Baby Blue, 1 Skein)</p><p>$9.99</p><a href="https://www.amazon.com/dp/B0CHJ95WHJ?tag=eloabder-20&linkCode=osi&th=1&psc=1">View Product</a></div>
<div class="product"><a href="https://www.amazon.com/dp/B0779F2TXJ?tag=eloabder-20&linkCode=osi&th=1&psc=1"><img src="https://m.media-amazon.com/images/I/31kqZr8DJzL._SL500_.jpg" alt="Product Image"></a><p>OPENDGO Feather Ballpoint Pen ，Black Ink Vintage Feather Quill Refined Plated Rod Quill Ballpoint Pen For School Writing ▏Wedding Gift Signature Pen (Black)</p><p>$6.97</p><a href="https://www.amazon.com/dp/B0779F2TXJ?tag=eloabder-20&linkCode=osi&th=1&psc=1">View Product</a></div><div class="product"><a href="https://www.amazon.com/dp/B0CQF3BJ3S?tag=eloabder-20&linkCode=osi&th=1&psc=1"><img src="https://m.media-amazon.com/images/I/41gs6AOiP6L._SL500_.jpg" alt="Product Image"></a><p>3 in 1 Retractable Ballpoint Pen with Light and Stylus, Nice Pens for Journaling Writing in The Dark - White/Red Light Tip- 0.7mm Black Ink</p><p>$12.99</p><a href="https://www.amazon.com/dp/B0CQF3BJ3S?tag=eloabder-20&linkCode=osi&th=1&psc=1">View Product</a></div><div class="product"><a href="https://www.amazon.com/dp/B08BBZ3B8G?tag=eloabder-20&linkCode=osi&th=1&psc=1"><img src="https://m.media-amazon.com/images/I/41cMHyw60wL._SL500_.jpg" alt="Product Image"></a><p>Mr. Pen- Pens, Black Pens, 12 Pack, Fast Dry, No Smear Pens, Bible Pens, Pens for Journaling, Pens No Bleed Through, Pens Fine Point, Journal Pens, Fine Tip, Planner Pens, Ball Point Journal Pens</p><p>$9.99</p><a href="https://www.amazon.com/dp/B08BBZ3B8G?tag=eloabder-20&linkCode=osi&th=1&psc=1">View Product</a></div><div class="product"><a href="https://www.amazon.com/dp/B0D4YWWGX6?tag=eloabder-20&linkCode=osi&th=1&psc=1"><img src="https://m.media-amazon.com/images/I/31xHBCCzJqL._SL500_.jpg" alt="Product Image"></a><p>PATIKIL 21cm/8" Feather Ballpoint Pen, 1Pcs Ink Vintage Quill Pen Refined Plated Dip Pen for Calligraphy Writing Signature Wedding Gift, Yellow</p><p>$7.49</p><a href="https://www.amazon.com/dp/B0D4YWWGX6?tag=eloabder-20&linkCode=osi&th=1&psc=1">View Product</a></div>

<div class="product"><a href="https://www.amazon.com/dp/B001TLDEVQ?tag=eloabder-20&linkCode=osi&th=1&psc=1"><img src="https://m.media-amazon.com/images/I/41jYF39F6lL._SL500_.jpg" alt="Product Image"></a><p>Beadalon SuppleMax Illusion Beading Cord, 0.40 mm / 0.016 in, Clear Monofilament, 50 m / 164 ft</p><p>$4.74</p><a href="https://www.amazon.com/dp/B001TLDEVQ?tag=eloabder-20&linkCode=osi&th=1&psc=1">View Product</a></div><div class="product"><a href="https://www.amazon.com/dp/B0D2HVFZ7Q?tag=eloabder-20&linkCode=osi&th=1&psc=1"><img src="https://m.media-amazon.com/images/I/41R66LMYz7L._SL500_.jpg" alt="Product Image"></a><p>Zxiixz 116Yards 0.5mm Bracelet String, Waxed String Cord for Bracelet Making, Beading Thread for Bracelet Beads, Friendship Bracelet String for Bracelet Making, Waxed Polyester Cord for Jewelry Making</p><p>$6.99</p><a href="https://www.amazon.com/dp/B0D2HVFZ7Q?tag=eloabder-20&linkCode=osi&th=1&psc=1">View Product</a></div><div class="product"><a href="https://www.amazon.com/dp/B07BNF8KH5?tag=eloabder-20&linkCode=osi&th=1&psc=1"><img src="https://m.media-amazon.com/images/I/51jVByheyVL._SL500_.jpg" alt="Product Image"></a><p>PH PandaHall 100 Yards 1mm Waxed Cotton Cord Thread Beading String for Bracelet Necklace Making Crafting Beading Macrame Vase Decor, Burlywood</p><p>$7.19 ($0.02 / Foot)</p><a href="https://www.amazon.com/dp/B07BNF8KH5?tag=eloabder-20&linkCode=osi&th=1&psc=1">View Product</a></div><div class="product"><a href="https://www.amazon.com/dp/B07HBPGXJG?tag=eloabder-20&linkCode=osi&th=1&psc=1"><img src="https://m.media-amazon.com/images/I/41xi8gO6kDL._SL500_.jpg" alt="Product Image"></a><p>Paxcoo 0.8mm Elastic String, Stretchy Bracelet String Crystal String Bead Cord for Bracelet, Beading and Jewelry Making (120m)</p><p>$6.99 ($0.02 / Foot)</p><a href="https://www.amazon.com/dp/B07HBPGXJG?tag=eloabder-20&linkCode=osi&th=1&psc=1">View Product</a></div><div class="product"><a href="https://www.amazon.com/dp/B0CNPST7D9?tag=eloabder-20&linkCode=osi&th=1&psc=1"><img src="https://m.media-amazon.com/images/I/41A9VISFC4L._SL500_.jpg" alt="Product Image"></a><p>Kblick Black Nylon String Cord - 1MM 100 Yards Black Twine, Bracelet String for Bracelet Making, Braided Ornament Lanyard Sting, Jewelry Thread Clay Bead String for Crafts, Macrame Satin Cord</p><p>$5.99 ($0.02 / Foot)</p><a href="https://www.amazon.com/dp/B0CNPST7D9?tag=eloabder-20&linkCode=osi&th=1&psc=1">View Product</a></div><div class="product"><a href="https://www.amazon.com/dp/B08GC3JF9X?tag=eloabder-20&linkCode=osi&th=1&psc=1"><img src="https://m.media-amazon.com/images/I/41FQZYhvQpL._SL500_.jpg" alt="Product Image"></a><p>Cheriswelry 100M 0.8mm Nylon Beading Cord Black Chinese Knotting Rattail Macrame Thread String Roll for Jewelry Making Kumihimo Wrapping Supplies DIY Crafts</p><p>$6.99 ($0.02 / Fl Oz)</p><a href="https://www.amazon.com/dp/B08GC3JF9X?tag=eloabder-20&linkCode=osi&th=1&psc=1">View Product</a></div><div class="product"><a href="https://www.amazon.com/dp/B0B3V9RWQC?tag=eloabder-20&linkCode=osi&th=1&psc=1"><img src="https://m.media-amazon.com/images/I/41F-OP+yCxL._SL500_.jpg" alt="Product Image"></a><p>Griffin Silk Bead Cord Perlseide – Black Color – Size 3 (0.50mm) – 2 Meters per Card – Stainless Steel Needle Attached – for Knotting Pearls, Gemstones, Crystals and Beads</p><p>$4.99 ($0.76 / Foot)</p><a href="https://www.amazon.com/dp/B0B3V9RWQC?tag=eloabder-20&linkCode=osi&th=1&psc=1">View Product</a></div><div class="product"><a href="https://www.amazon.com/dp/B08F49YVQP?tag=eloabder-20&linkCode=osi&th=1&psc=1"><img src="https://m.media-amazon.com/images/I/41yCMIpj0rS._SL500_.jpg" alt="Product Image"></a><p>1mm Stretchy Bracelet String, Sturdy Rainbow Elastic String Elastic Cord for Jewelry Making, Necklaces, Beading and Crafts</p><p>$6.99 ($0.04 / Foot)</p><a href="https://www.amazon.com/dp/B08F49YVQP?tag=eloabder-20&linkCode=osi&th=1&psc=1">View Product</a></div>

<div class="product"><a href="https://www.amazon.com/dp/B001GMUBJ6?tag=eloabder-20&linkCode=osi&th=1&psc=1"><img src="https://m.media-amazon.com/images/I/41V5qzn3H5L._SL500_.jpg" alt="Product Image"></a><p>The Beadsmith Fireline by Berkley – Micro-Fused Braided Thread – 6lb. Test, 006”/.15mm Diameter, 50 Yard Spool, Crystal Color – Super Strong Stringing Material for Jewelry Making and Bead Weaving</p><p>$12.59</p><a href="https://www.amazon.com/dp/B001GMUBJ6?tag=eloabder-20&linkCode=osi&th=1&psc=1">View Product</a></div><div class="product"><a href="https://www.amazon.com/dp/B001UAKK0Y?tag=eloabder-20&linkCode=osi&th=1&psc=1"><img src="https://m.media-amazon.com/images/I/41rY1D0wfuL._SL500_.jpg" alt="Product Image"></a><p>Beadalon Wildfire, 0.006 in, 0.15 mm, Break Strength 10 lb / 4.5 kg, Frost, 50 yd / 45 m</p><p>$8.85 ($0.06 / Foot)</p><a href="https://www.amazon.com/dp/B001UAKK0Y?tag=eloabder-20&linkCode=osi&th=1&psc=1">View Product</a></div><div class="product"><a href="https://www.amazon.com/dp/B095WY58F4?tag=eloabder-20&linkCode=osi&th=1&psc=1"><img src="https://m.media-amazon.com/images/I/41mXRfJqcjL._SL500_.jpg" alt="Product Image"></a><p>PH PandaHall 0.1mm Nylon Seed Bead Thread 100 Yards Black White Bracelet Cord Beading Thread Invisible Sewing Thread Nylon Braided Thread String for Leather Stitching Beading Jewelry Bracelets Making</p><p>$9.99 ($0.03 / Foot)</p><a href="https://www.amazon.com/dp/B095WY58F4?tag=eloabder-20&linkCode=osi&th=1&psc=1">View Product</a></div><div class="product"><a href="https://www.amazon.com/dp/B08RN2R2SZ?tag=eloabder-20&linkCode=osi&th=1&psc=1"><img src="https://m.media-amazon.com/images/I/41Tg2MMC++L._SL500_.jpg" alt="Product Image"></a><p>KO Nylon Beading Thread, White Color, Japanese Pre-Waxed 100% Nylon, 330TEX, Tangle Resistant Knotting Cords, 50m /55 yds Spool, Use for Seed Bead Projects, Loom Work & Bead Weaving</p><p>$7.06 ($0.04 / Foot)</p><a href="https://www.amazon.com/dp/B08RN2R2SZ?tag=eloabder-20&linkCode=osi&th=1&psc=1">View Product</a></div><div class="product"><a href="https://www.amazon.com/dp/B09J89ST79?tag=eloabder-20&linkCode=osi&th=1&psc=1"><img src="https://m.media-amazon.com/images/I/41hLuuOZeXL._SL500_.jpg" alt="Product Image"></a><p>2 Roll Polyester Thread, Heavy Duty Thread, 1500Yard/Reel 210D/3 nylon thread for sewing, Sewing Thread for Upholstery, Outdoor Market, Drapery, Leather, Beading, Crafts</p><p>$7.99 ($0.00 / Foot)</p><a href="https://www.amazon.com/dp/B09J89ST79?tag=eloabder-20&linkCode=osi&th=1&psc=1">View Product</a></div><div class="product"><a href="https://www.amazon.com/dp/B0C6MSY7QQ?tag=eloabder-20&linkCode=osi&th=1&psc=1"><img src="https://m.media-amazon.com/images/I/31Bn-MyA62L._SL500_.jpg" alt="Product Image"></a><p>PH PandaHall 0.1mm Nylon String 100 Yards Beading Thread White Nylon Seed Bead Thread Bracelet Beading Thread Sewing String for Leather Stitching Beading Jewelry Bracelets Making</p><p>$7.99 ($0.03 / Foot)</p><a href="https://www.amazon.com/dp/B0C6MSY7QQ?tag=eloabder-20&linkCode=osi&th=1&psc=1">View Product</a></div>

<div class="product"><a href="https://www.amazon.com/dp/B07NMNDT1W?tag=eloabder-20&linkCode=osi&th=1&psc=1"><img src="https://m.media-amazon.com/images/I/41-zwQIcVcL._SL500_.jpg" alt="Product Image"></a><p>Howemon White Beeswax Pellets 2LB 100% Pure and Natural Triple Filtered for Skin, Face, Body and Hair Care DIY Creams, Lotions, Lip Balm and Soap Making Supplies</p><p>$13.99 ($0.44 / Fl Oz)</p><a href="https://www.amazon.com/dp/B07NMNDT1W?tag=eloabder-20&linkCode=osi&th=1&psc=1">View Product</a></div><div class="product"><a href="https://www.amazon.com/dp/B00B3U0FW4?tag=eloabder-20&linkCode=osi&th=1&psc=1"><img src="https://m.media-amazon.com/images/I/51rWFCST+TL._SL500_.jpg" alt="Product Image"></a><p>Beesworks Yellow Beeswax Pellets (1 lb) | 100% Pure, Cosmetic Grade, Triple-Filtered Beeswax for DIY Skin care, Lip Balm, Lotion, and Candle Making</p><p>$13.99 ($0.87 / Ounce)</p><a href="https://www.amazon.com/dp/B00B3U0FW4?tag=eloabder-20&linkCode=osi&th=1&psc=1">View Product</a></div><div class="product"><a href="https://www.amazon.com/dp/B01LWX2IO1?tag=eloabder-20&linkCode=osi&th=1&psc=1"><img src="https://m.media-amazon.com/images/I/41MlNqhDyCL._SL500_.jpg" alt="Product Image"></a><p>Beesworks Yellow Beeswax Bars (6 oz) | 100% Pure, Cosmetic Grade, Triple-Filtered Beeswax for DIY Skin Care, Lip Balm, Lotion and Candle Making (1 oz Bars - Pack of 6)</p><p>$6.99</p><a href="https://www.amazon.com/dp/B01LWX2IO1?tag=eloabder-20&linkCode=osi&th=1&psc=1">View Product</a></div><div class="product"><a href="https://www.amazon.com/dp/B0BV77F19N?tag=eloabder-20&linkCode=osi&th=1&psc=1"><img src="https://m.media-amazon.com/images/I/41xzHaO1-EL._SL500_.jpg" alt="Product Image"></a><p>Beeswax Pellets 10LB Cosmetic Beeswax Triple Filtered Beeswax Pastilles for Candle Making Great for DIY Projects Creams Lotions Lip Balm and Soap Making Supplies(10LB)</p><p>$32.99</p><a href="https://www.amazon.com/dp/B0BV77F19N?tag=eloabder-20&linkCode=osi&th=1&psc=1">View Product</a></div><div class="product"><a href="https://www.amazon.com/dp/B0C9QSG3CY?tag=eloabder-20&linkCode=osi&th=1&psc=1"><img src="https://m.media-amazon.com/images/I/414XQcU6SRL._SL500_.jpg" alt="Product Image"></a><p>YASNAY White Beeswax Pellets 2LB, 100% Organic Beeswax, Beeswax for Candle Making, Body, Skin Care DIY, Lip Balm and Soap Making Supplies</p><p>$11.99</p><a href="https://www.amazon.com/dp/B0C9QSG3CY?tag=eloabder-20&linkCode=osi&th=1&psc=1">View Product</a></div><div class="product"><a href="https://www.amazon.com/dp/B097HTC4WN?tag=eloabder-20&linkCode=osi&th=1&psc=1"><img src="https://m.media-amazon.com/images/I/51pwMM7C6-L._SL500_.jpg" alt="Product Image"></a><p>Eco Lux 8 Yellow Beeswax Blocks 100% Pure Natural Organic Bees Wax 6.5oz</p><p>$8.49 ($1.35 / Ounce)</p><a href="https://www.amazon.com/dp/B097HTC4WN?tag=eloabder-20&linkCode=osi&th=1&psc=1">View Product</a></div><div class="product"><a href="https://www.amazon.com/dp/B00HDHQQCE?tag=eloabder-20&linkCode=osi&th=1&psc=1"><img src="https://m.media-amazon.com/images/I/41vF-7MwNhL._SL500_.jpg" alt="Product Image"></a><p>Murray's 100% Pure Beeswax 4 oz</p><p>$5.98 ($1.50 / Ounce)</p><a href="https://www.amazon.com/dp/B00HDHQQCE?tag=eloabder-20&linkCode=osi&th=1&psc=1">View Product</a></div><div class="product"><a href="https://www.amazon.com/dp/B09YM8JTLM?tag=eloabder-20&linkCode=osi&th=1&psc=1"><img src="https://m.media-amazon.com/images/I/41cjNuBnFEL._SL500_.jpg" alt="Product Image"></a><p>TRINIDa Beeswax Pellets 2LB(32 oz), 100% Organic Yellow Bees Wax for DIY Candles, Beeswax for Candle Making, Skin, Body, Face, and Hair Care, Lotions, DIY Creams, Lip Balm and Soap Making Supplies</p><p>$11.99</p><a href="https://www.amazon.com/dp/B09YM8JTLM?tag=eloabder-20&linkCode=osi&th=1&psc=1">View Product</a></div><div class="product"><a href="https://www.amazon.com/dp/B00F3CNMV4?tag=eloabder-20&linkCode=osi&th=1&psc=1"><img src="https://m.media-amazon.com/images/I/31pjrRAEa4L._SL500_.jpg" alt="Product Image"></a><p>Stakich Yellow Beeswax Block - Natural, Triple Filtered - 1 Pound, Honey Scent</p><p>$13.95 ($0.87 / Ounce)</p><a href="https://www.amazon.com/dp/B00F3CNMV4?tag=eloabder-20&linkCode=osi&th=1&psc=1">View Product</a></div><div class="product"><a href="https://www.amazon.com/dp/B0BXFZBZS9?tag=eloabder-20&linkCode=osi&th=1&psc=1"><img src="https://m.media-amazon.com/images/I/4178i9IB9KL._SL500_.jpg" alt="Product Image"></a><p>5LB Beeswax Pellets Beeswax for Candle Making Organic Beeswax Pellets for Skin Beeswax Beads Beeswax Bulk Beeswax for Lotion Making Organic for DIY and Craft Project</p><p>$22.99</p><a href="https://www.amazon.com/dp/B0BXFZBZS9?tag=eloabder-20&linkCode=osi&th=1&psc=1">View Product</a></div>
<div class="product"><a href="https://www.amazon.com/dp/B0052F1BVK?tag=eloabder-20&linkCode=osi&th=1&psc=1"><img src="https://m.media-amazon.com/images/I/41zE9eiGoLL._SL500_.jpg" alt="Product Image"></a><p>ACC Staples Large Binder Clips, 2" Width, 1" Capacity, Black, 12/Pk</p><p>$6.30</p><a href="https://www.amazon.com/dp/B0052F1BVK?tag=eloabder-20&linkCode=osi&th=1&psc=1">View Product</a></div><div class="product"><a href="https://www.amazon.com/dp/B07MLFR771?tag=eloabder-20&linkCode=osi&th=1&psc=1"><img src="https://m.media-amazon.com/images/I/51N2wxA7N0L._SL500_.jpg" alt="Product Image"></a><p>CooBigo 50 Pack Binder Ring, Metal Book Ring Paper Ring Holder 5/8-Inch Loose Leaf Binder Ring Clip for Index Card, Flash Card Ring, Card Calendar, Keychain Key Ring - Bronze</p><p>$6.99</p><a href="https://www.amazon.com/dp/B07MLFR771?tag=eloabder-20&linkCode=osi&th=1&psc=1">View Product</a></div><div class="product"><a href="https://www.amazon.com/dp/B01563NHGY?tag=eloabder-20&linkCode=osi&th=1&psc=1"><img src="https://m.media-amazon.com/images/I/41gj+0ZftqL._SL500_.jpg" alt="Product Image"></a><p>vanki Pack of 40 Cute Lovely Smiling Face Spring-Loaded File Organizer Paper Holder Metal Binder Clips, Assorted Color</p><p>$8.99</p><a href="https://www.amazon.com/dp/B01563NHGY?tag=eloabder-20&linkCode=osi&th=1&psc=1">View Product</a></div><div class="product"><a href="https://www.amazon.com/dp/B000GOUDSO?tag=eloabder-20&linkCode=osi&th=1&psc=1"><img src="https://m.media-amazon.com/images/I/41ZANISHgML._SL500_.jpg" alt="Product Image"></a><p>Small Binder Clips .75" 8/Pkg-Assorted Colors</p><p>$4.46</p><a href="https://www.amazon.com/dp/B000GOUDSO?tag=eloabder-20&linkCode=osi&th=1&psc=1">View Product</a></div>
<div class="product"><a href="https://www.amazon.com/dp/B07PRPX4VR?tag=eloabder-20&linkCode=osi&th=1&psc=1"><img src="https://m.media-amazon.com/images/I/41IMH12fdPL._SL500_.jpg" alt="Product Image"></a><p>Durable Sheet Lifters, Durable Easy Flow, 11" x 3", Lifts Sheets Over Rings and Protects Sheets from Tearing, Fit Standard 3-Ring Binders, Black (20 Pack)</p><p>$14.99</p><a href="https://www.amazon.com/dp/B07PRPX4VR?tag=eloabder-20&linkCode=osi&th=1&psc=1">View Product</a></div><div class="product"><a href="https://www.amazon.com/dp/B0CM8QJHFW?tag=eloabder-20&linkCode=osi&th=1&psc=1"><img src="https://m.media-amazon.com/images/I/31cJGS74oCL._SL500_.jpg" alt="Product Image"></a><p>Wantane D-Shaped Tape Storage Ring Tape Storage Ring 4" D-Shaped Washi Tape Storage Ring for DIY Decoration and Storage（Nickel）-2PCS</p><p>$7.99</p><a href="https://www.amazon.com/dp/B0CM8QJHFW?tag=eloabder-20&linkCode=osi&th=1&psc=1">View Product</a></div>
<div class="product"><a href="https://www.amazon.com/dp/B00006IAS3?tag=eloabder-20&linkCode=osi&th=1&psc=1"><img src="https://m.media-amazon.com/images/I/317DvSXhT1L._SL500_.jpg" alt="Product Image"></a><p>GBC Binding System, Manual, Desktop Binding Punch, 6 Sheet Punch Capacity, ProClick P50 (2515650)</p><p>$123.89</p><a href="https://www.amazon.com/dp/B00006IAS3?tag=eloabder-20&linkCode=osi&th=1&psc=1">View Product</a></div><div class="product"><a href="https://www.amazon.com/dp/B004BP81KQ?tag=eloabder-20&linkCode=osi&th=1&psc=1"><img src="https://m.media-amazon.com/images/I/51SqfeZ12KL._SL500_.jpg" alt="Product Image"></a><p>We R Memory Keepers Cinch Book Binding Wire (1-Inch, Silver (2 Pack))</p><p>$5.99</p><a href="https://www.amazon.com/dp/B004BP81KQ?tag=eloabder-20&linkCode=osi&th=1&psc=1">View Product</a></div>

<div class="product"><a href="https://www.amazon.com/dp/B0007ZJ8TM?tag=eloabder-20&linkCode=osi&th=1&psc=1"><img src="https://m.media-amazon.com/images/I/41i49sz3UAL._SL500_.jpg" alt="Product Image"></a><p>Speedball Super Black India Ink, 2-Ounce</p><p>$9.99 ($9.99 / Count)</p><a href="https://www.amazon.com/dp/B0007ZJ8TM?tag=eloabder-20&linkCode=osi&th=1&psc=1">View Product</a></div><div class="product"><a href="https://www.amazon.com/dp/B0026I10AI?tag=eloabder-20&linkCode=osi&th=1&psc=1"><img src="https://m.media-amazon.com/images/I/31vklP4uBsL._SL500_.jpg" alt="Product Image"></a><p>Dr. Ph. Martin's Bombay India (7BY) Ink Bottle, 1.0 oz, Black</p><p>$6.99</p><a href="https://www.amazon.com/dp/B0026I10AI?tag=eloabder-20&linkCode=osi&th=1&psc=1">View Product</a></div><div class="product"><a href="https://www.amazon.com/dp/B000KNP96C?tag=eloabder-20&linkCode=osi&th=1&psc=1"><img src="https://m.media-amazon.com/images/I/51e9srYtG0L._SL500_.jpg" alt="Product Image"></a><p>Winsor & Newton Drawing Ink, 14ml Bottle, Black Indian</p><p>$10.99</p><a href="https://www.amazon.com/dp/B000KNP96C?tag=eloabder-20&linkCode=osi&th=1&psc=1">View Product</a></div><div class="product"><a href="https://www.amazon.com/dp/B07BQG5QF4?tag=eloabder-20&linkCode=osi&th=1&psc=1"><img src="https://m.media-amazon.com/images/I/41nEMDYZaiL._SL500_.jpg" alt="Product Image"></a><p>Speedball Super Black India Ink, 16-Ounce</p><p>$19.99</p><a href="https://www.amazon.com/dp/B07BQG5QF4?tag=eloabder-20&linkCode=osi&th=1&psc=1">View Product</a></div><div class="product"><a href="https://www.amazon.com/dp/B001038NLY?tag=eloabder-20&linkCode=osi&th=1&psc=1"><img src="https://m.media-amazon.com/images/I/418i4sxJJ0L._SL500_.jpg" alt="Product Image"></a><p>Speedball Fabric Screen Printing Ink, 8-Ounce, Black for T-Shirt and Silkscreen Printmaking</p><p>$12.99 ($1.62 / Fl Oz)</p><a href="https://www.amazon.com/dp/B001038NLY?tag=eloabder-20&linkCode=osi&th=1&psc=1">View Product</a></div><div class="product"><a href="https://www.amazon.com/dp/B00161OPSA?tag=eloabder-20&linkCode=osi&th=1&psc=1"><img src="https://m.media-amazon.com/images/I/41C32y3CJAL._SL500_.jpg" alt="Product Image"></a><p>Tsukineko VersaFine inkpad, Full-Size, Onyx Black</p><p>$4.99 ($4.99 / Count)</p><a href="https://www.amazon.com/dp/B00161OPSA?tag=eloabder-20&linkCode=osi&th=1&psc=1">View Product</a></div>
<div class="product"><a href="https://www.amazon.com/dp/B07Q4TJCDJ?tag=eloabder-20&linkCode=osi&th=1&psc=1"><img src="https://m.media-amazon.com/images/I/315HYvYg-BL._SL500_.jpg" alt="Product Image"></a><p>Primbeeks 300pcs Blank Business Cards, Premium Blank White Cards, 3.5" x 2.2" Small Blank Cards, Blank Cardstock Cards, Small Note Cards, white blank cards, white business cards, kraft paper cards</p><p>$7.99</p><a href="https://www.amazon.com/dp/B07Q4TJCDJ?tag=eloabder-20&linkCode=osi&th=1&psc=1">View Product</a></div><div class="product"><a href="https://www.amazon.com/dp/B0CRGHFLT8?tag=eloabder-20&linkCode=osi&th=1&psc=1"><img src="https://m.media-amazon.com/images/I/41S1NLpb8hL._SL500_.jpg" alt="Product Image"></a><p>Watercolor Cards and Envelopes Set - 50 Folded 5x7 Inch Blank Heavyweight Paper Cards (140lb/300gsm) with Matching Envelopes for DIY Greeting Cards, Festivals, and Events</p><p>$17.99 ($0.36 / Count)</p><a href="https://www.amazon.com/dp/B0CRGHFLT8?tag=eloabder-20&linkCode=osi&th=1&psc=1">View Product</a></div><div class="product"><a href="https://www.amazon.com/dp/B08MX4TZ3H?tag=eloabder-20&linkCode=osi&th=1&psc=1"><img src="https://m.media-amazon.com/images/I/41D2u4vdLQL._SL500_.jpg" alt="Product Image"></a><p>50 Pack Blank Kraft Cards Cardstock Thick Paper Brown Greeting Cards for DIY Gift Card Menus, Baby Shower and Wedding Invitations (Multicolored, 5x7IN)</p><p>$8.99</p><a href="https://www.amazon.com/dp/B08MX4TZ3H?tag=eloabder-20&linkCode=osi&th=1&psc=1">View Product</a></div><div class="product"><a href="https://www.amazon.com/dp/B08BDGGVMK?tag=eloabder-20&linkCode=osi&th=1&psc=1"><img src="https://m.media-amazon.com/images/I/41W-dTUoBqL._SL500_.jpg" alt="Product Image"></a><p>100pcs 3.54"x2" Blank Kraft Paper Business Card, Words Message Notes paper Tags, Mini Craft Cardboard Festival gifts - 6 colors</p><p>$5.98</p><a href="https://www.amazon.com/dp/B08BDGGVMK?tag=eloabder-20&linkCode=osi&th=1&psc=1">View Product</a></div><div class="product"><a href="https://www.amazon.com/dp/B08BFDJJ78?tag=eloabder-20&linkCode=osi&th=1&psc=1"><img src="https://m.media-amazon.com/images/I/61LZ1Csb+dL._SL500_.jpg" alt="Product Image"></a><p>Nettbe 100pcs 3.54"x2" Blank Kraft Paper Business Card, Words Message Notes paper Tags, Mini Craft Cardboard Festival gifts</p><p>$5.99</p><a href="https://www.amazon.com/dp/B08BFDJJ78?tag=eloabder-20&linkCode=osi&th=1&psc=1">View Product</a></div><div class="product"><a href="https://www.amazon.com/dp/B07Q8YBJM3?tag=eloabder-20&linkCode=osi&th=1&psc=1"><img src="https://m.media-amazon.com/images/I/31w6U4cCqEL._SL500_.jpg" alt="Product Image"></a><p>Primbeeks 228pcs Blank Business Cards, Premium Blank White Cards, 3.5" x 2.2" Small Blank Cards, Blank Cardstock Cards, Small Note Cards, white blank cards, white business cards, kraft paper cards</p><p>$5.99</p><a href="https://www.amazon.com/dp/B07Q8YBJM3?tag=eloabder-20&linkCode=osi&th=1&psc=1">View Product</a></div><div class="product"><a href="https://www.amazon.com/dp/B08X4Z9TGN?tag=eloabder-20&linkCode=osi&th=1&psc=1"><img src="https://m.media-amazon.com/images/I/41Jqhe35tDL._SL500_.jpg" alt="Product Image"></a><p>321Done Blank Rustic Cards, Made in USA - 4x6 Thick, Heavy Cardstock - Make Invites, Greeting, Note, Thank You Cards - Plain Kraft for Writing, Stamping, Printing, Art - No Envelopes - Set of 50</p><p>$14.99</p><a href="https://www.amazon.com/dp/B08X4Z9TGN?tag=eloabder-20&linkCode=osi&th=1&psc=1">View Product</a></div><div class="product"><a href="https://www.amazon.com/dp/B0D2KDWBNM?tag=eloabder-20&linkCode=osi&th=1&psc=1"><img src="https://m.media-amazon.com/images/I/31dAhnBJ7aL._SL500_.jpg" alt="Product Image"></a><p>4x6 Blank White Cardstock (Set of 100) - Card Stock for Printer Postcards, Photo Paper Invitations, Greeting, Note, Thank You, DIY Making, Index Cards - Plain for Writing, Stamping, Printing, Art</p><p>$8.99</p><a href="https://www.amazon.com/dp/B0D2KDWBNM?tag=eloabder-20&linkCode=osi&th=1&psc=1">View Product</a></div><div class="product"><a href="https://www.amazon.com/dp/B0BB858RYN?tag=eloabder-20&linkCode=osi&th=1&psc=1"><img src="https://m.media-amazon.com/images/I/317zmriPKNL._SL500_.jpg" alt="Product Image"></a><p>WANDERINGS Handmade White Deckle Edge Blank Greeting Cards- Folded to 5x7” - Pack of 25 - Writers, Artists, Crafters - Thank Yous, Invitations, Menus, Greeting Cards, Notes - Thick 150 GSM</p><p>$21.99 ($0.88 / Count)</p><a href="https://www.amazon.com/dp/B0BB858RYN?tag=eloabder-20&linkCode=osi&th=1&psc=1">View Product</a></div><div class="product"><a href="https://www.amazon.com/dp/B0BZPPXRZW?tag=eloabder-20&linkCode=osi&th=1&psc=1"><img src="https://m.media-amazon.com/images/I/21Da-WQhrpL._SL500_.jpg" alt="Product Image"></a><p>100 Pack Thick Paper Cardstock Blank Heavy Cards Stock for Invitations, Greeting Cards Making, Postcards, Photos, 250GSM Thick Paper (White, 2x3.5 inches)</p><p>$5.99</p><a href="https://www.amazon.com/dp/B0BZPPXRZW?tag=eloabder-20&linkCode=osi&th=1&psc=1">View Product</a></div>
<div class="product"><a href="https://www.amazon.com/dp/B0BZRDQKH6?tag=eloabder-20&linkCode=osi&th=1&psc=1"><img src="https://m.media-amazon.com/images/I/41GYYRiusgL._SL500_.jpg" alt="Product Image"></a><p>feela 8 Pack Unlined Kraft Paper Notebooks, Blank Journal Note Pad for Drawing Writing, Small Sketchbook Travel Journal Bulk for Women Kids Students Office School Supplies, A5, 60 Pages, 8.3” X 5.5”</p><p>$9.99</p><a href="https://www.amazon.com/dp/B0BZRDQKH6?tag=eloabder-20&linkCode=osi&th=1&psc=1">View Product</a></div><div class="product"><a href="https://www.amazon.com/dp/B0BXLB74KK?tag=eloabder-20&linkCode=osi&th=1&psc=1"><img src="https://m.media-amazon.com/images/I/313vYzg7HpL._SL500_.jpg" alt="Product Image"></a><p>ZZTX 4 Pack Blank Kraft Notebooks, Blank Paper Sketchbooks for Drawing Doodling Writing,Travel Journal Set, A5, 36 Pages, 8.3” X 5.5”</p><p>$5.99</p><a href="https://www.amazon.com/dp/B0BXLB74KK?tag=eloabder-20&linkCode=osi&th=1&psc=1">View Product</a></div><div class="product"><a href="https://www.amazon.com/dp/B0BW5TNPXJ?tag=eloabder-20&linkCode=osi&th=1&psc=1"><img src="https://m.media-amazon.com/images/I/31Wu8UP78iL._SL500_.jpg" alt="Product Image"></a><p>EOOUT Kraft Notebooks, Blank Page Journals in Bulk, 16pcs A5, 8.3 X 5.5 Inches, 60 Pages, 80gsm, Travel Journal Set, for Art Camp, Travelers, Students and Office Supplies Sketchbooks Bulk for Kids</p><p>$15.99</p><a href="https://www.amazon.com/dp/B0BW5TNPXJ?tag=eloabder-20&linkCode=osi&th=1&psc=1">View Product</a></div><div class="product"><a href="https://www.amazon.com/dp/B08P3F46SD?tag=eloabder-20&linkCode=osi&th=1&psc=1"><img src="https://m.media-amazon.com/images/I/41jeBDcZJ1L._SL500_.jpg" alt="Product Image"></a><p>Krafty Soft Cover Blank Notebook Journal, Spiral Sketchbook Pad, Drawing Book, 60 Sheets/140gsm (A4)/120 Pages</p><p>$7.99</p><a href="https://www.amazon.com/dp/B08P3F46SD?tag=eloabder-20&linkCode=osi&th=1&psc=1">View Product</a></div><div class="product"><a href="https://www.amazon.com/dp/B0CWNPMC4T?tag=eloabder-20&linkCode=osi&th=1&psc=1"><img src="https://m.media-amazon.com/images/I/31BZeVGe6TL._SL500_.jpg" alt="Product Image"></a><p>zmybcpack 5 Pack Blank Journal Notebooks, Blank Paper Sketchbook for Drawing Writing, Travel Journal Notebook Kraft Paper Notebook for Travelers, Students, Office, A5, 8.26” x 5.5”, 60 Pages/30 Sheets</p><p>$8.99</p><a href="https://www.amazon.com/dp/B0CWNPMC4T?tag=eloabder-20&linkCode=osi&th=1&psc=1">View Product</a></div><div class="product"><a href="https://www.amazon.com/dp/B07WHYP9WN?tag=eloabder-20&linkCode=osi&th=1&psc=1"><img src="https://m.media-amazon.com/images/I/41ZhyCux1yL._SL500_.jpg" alt="Product Image"></a><p>Thick Blank Journal Notebook with Unlined / Unruled / Plain Pages | Deluxe 120gsm Ink Resistant Paper for Writing, Sketch Book, 160 Pages | Hardcover Sketchbook with Pen Holder, Pocket, Ribbon (Black)</p><p>$14.99</p><a href="https://www.amazon.com/dp/B07WHYP9WN?tag=eloabder-20&linkCode=osi&th=1&psc=1">View Product</a></div>
<div class="product"><a href="https://www.amazon.com/dp/B07MT7HKZW?tag=eloabder-20&linkCode=osi&th=1&psc=1"><img src="https://m.media-amazon.com/images/I/413JwH5JREL._SL500_.jpg" alt="Product Image"></a><p>Spiral Sketch Book Large Notebook（Built-in Drawing Board） Kraft Cover Blank Sketch Pad Wirebound Sketching for Drawing Painting 8.5x11-Inch (2 Pack) 200 Sheets, 100 Sheets, 200Pages Each</p><p>$17.99 ($9.00 / Count)</p><a href="https://www.amazon.com/dp/B07MT7HKZW?tag=eloabder-20&linkCode=osi&th=1&psc=1">View Product</a></div><div class="product"><a href="https://www.amazon.com/dp/B0BDQ82WB9?tag=eloabder-20&linkCode=osi&th=1&psc=1"><img src="https://m.media-amazon.com/images/I/51FoWr3GPwL._SL500_.jpg" alt="Product Image"></a><p>feela 170 Pack Blank Kraft Notebooks, Unlined Sketchbook Mini Cute Note Pad for Drawing Writing, Journal Bulk For Kids Students Office School Supplies, A6, 48 Pages, 4.25” X 5.5”, Black and Brown</p><p>$51.99</p><a href="https://www.amazon.com/dp/B0BDQ82WB9?tag=eloabder-20&linkCode=osi&th=1&psc=1">View Product</a></div><div class="product"><a href="https://www.amazon.com/dp/B0B3WWHWT2?tag=eloabder-20&linkCode=osi&th=1&psc=1"><img src="https://m.media-amazon.com/images/I/31m0FzXtPxL._SL500_.jpg" alt="Product Image"></a><p>Tamaki 6 Pack Colorful Blank Books for kids to Write, Drawing, Cute Sketchbook for Kid, 6 Colors (4.25 x 5.5 Inches)</p><p>$6.99</p><a href="https://www.amazon.com/dp/B0B3WWHWT2?tag=eloabder-20&linkCode=osi&th=1&psc=1">View Product</a></div>
<div class="product"><a href="https://www.amazon.com/dp/B0BGH2P9M6?tag=eloabder-20&linkCode=osi&th=1&psc=1"><img src="https://m.media-amazon.com/images/I/41ozOaYoHEL._SL500_.jpg" alt="Product Image"></a><p>EOOUT 100pcs A5 Kraft Notebooks, Blank Page Journals in Bulk, Sketchbooks Bulk for Kids, 60 Pages, 80GSM, 8.3 X 5.5 Inch, Travel Journal Set, for Art Camp, Travelers, Students and Office Supplies</p><p>$51.99</p><a href="https://www.amazon.com/dp/B0BGH2P9M6?tag=eloabder-20&linkCode=osi&th=1&psc=1">View Product</a></div><div class="product"><a href="https://www.amazon.com/dp/B07MT99F94?tag=eloabder-20&linkCode=osi&th=1&psc=1"><img src="https://m.media-amazon.com/images/I/41Ug7gpSWDL._SL500_.jpg" alt="Product Image"></a><p>Spiral Sketch Book Large Notebook（Built-in Drawing Board） Kraft Cover Blank Sketch Pad Wirebound Sketching for Drawing Painting 8.5x11-Inch (1 Pack) 200 Pages, 100 Sheets</p><p>$9.99</p><a href="https://www.amazon.com/dp/B07MT99F94?tag=eloabder-20&linkCode=osi&th=1&psc=1">View Product</a></div><div class="product"><a href="https://www.amazon.com/dp/B07CM32KLM?tag=eloabder-20&linkCode=osi&th=1&psc=1"><img src="https://m.media-amazon.com/images/I/41ENhBLE9DL._SL500_.jpg" alt="Product Image"></a><p>Kraft Cover Drawing Notebook & Sketchbook – Set of 2 Blank Plain Sketch Books – 125g Thick Paper A5 Size, 150x210mm Paper Ideal for Drawing & Sketching- 128 sheets/256 pages – 180 Degree Opening, 2pcs</p><p>$20.99 ($0.08 / Count)</p><a href="https://www.amazon.com/dp/B07CM32KLM?tag=eloabder-20&linkCode=osi&th=1&psc=1">View Product</a></div><div class="product"><a href="https://www.amazon.com/dp/B08ZLMLF7C?tag=eloabder-20&linkCode=osi&th=1&psc=1"><img src="https://m.media-amazon.com/images/I/41X-5yj83vL._SL500_.jpg" alt="Product Image"></a><p>BEECHMORE BOOKS Sketch Book, A4 8.5 x 11.5 inch Blank Sketchbook for Drawing, Paint and Draw, 156 Pages Thick Paper 160gsm, Hardcover Leather Art Notebook, Boxed for Gifts (Chestnut Brown)</p><p>$21.20</p><a href="https://www.amazon.com/dp/B08ZLMLF7C?tag=eloabder-20&linkCode=osi&th=1&psc=1">View Product</a></div>
<div class="product"><a href="https://www.amazon.com/dp/B075M9MSFH?tag=eloabder-20&linkCode=osi&th=1&psc=1"><img src="https://m.media-amazon.com/images/I/51x+szTX6TL._SL500_.jpg" alt="Product Image"></a><p>Bianyo Bleedproof Marker Paper Pad, A4(8.27"X11.69"), 50 Sheets, 18 LB / 70 GSM, Glue-Bound, 100% Cotton, White, Ideal for Use with Markers and Ink Mediums</p><p>$9.99</p><a href="https://www.amazon.com/dp/B075M9MSFH?tag=eloabder-20&linkCode=osi&th=1&psc=1">View Product</a></div><div class="product"><a href="https://www.amazon.com/dp/B08FX5S2NL?tag=eloabder-20&linkCode=osi&th=1&psc=1"><img src="https://m.media-amazon.com/images/I/41CA0ZfazKL._SL500_.jpg" alt="Product Image"></a><p>Marker Paper Sketchbook, Bleedproof Art Marker Pad, (8.27 X 11.69) Inch, White, 40 Sheets</p><p>$6.99</p><a href="https://www.amazon.com/dp/B08FX5S2NL?tag=eloabder-20&linkCode=osi&th=1&psc=1">View Product</a></div><div class="product"><a href="https://www.amazon.com/dp/B0CJRBFSJ8?tag=eloabder-20&linkCode=osi&th=1&psc=1"><img src="https://m.media-amazon.com/images/I/51DLA8TpwEL._SL500_.jpg" alt="Product Image"></a><p>Shuttle Art Marker Pad, 8.3”x8.9” Portable Square Sketchbook, 80 Sheets Marker Drawing Paper, 120LB/200GSM Bleedproof Art Paper, Spiral-Bound, Great for Professional Artist to Draw, Paint & Sketch</p><p>$16.99</p><a href="https://www.amazon.com/dp/B0CJRBFSJ8?tag=eloabder-20&linkCode=osi&th=1&psc=1">View Product</a></div><div class="product"><a href="https://www.amazon.com/dp/B09N7VX5Z5?tag=eloabder-20&linkCode=osi&th=1&psc=1"><img src="https://m.media-amazon.com/images/I/51xCPs9HZyL._SL500_.jpg" alt="Product Image"></a><p>Marker Paper Sketchbook - Marker Sketchbook with Bleedproof Smooth Coated Art Paper, 120 GSM 80 LBS - Marker Pad for Alcohol Markers, Sketching, Drawing - 8.11 x 8.5 Inch | 50 Sheets, 2 Pack</p><p>$15.99 ($8.00 / Count)</p><a href="https://www.amazon.com/dp/B09N7VX5Z5?tag=eloabder-20&linkCode=osi&th=1&psc=1">View Product</a></div><div class="product"><a href="https://www.amazon.com/dp/B07CK94W9T?tag=eloabder-20&linkCode=osi&th=1&psc=1"><img src="https://m.media-amazon.com/images/I/41ocoSNDjdL._SL500_.jpg" alt="Product Image"></a><p>BOXUN Premium 50 Sheets Sketch Marker Paper Pad, Bleedproof Artist Drawing Paper, 8.27 x 11.69 Inch</p><p>$8.29 ($0.17 / Count)</p><a href="https://www.amazon.com/dp/B07CK94W9T?tag=eloabder-20&linkCode=osi&th=1&psc=1">View Product</a></div><div class="product"><a href="https://www.amazon.com/dp/B0CPXWD11W?tag=eloabder-20&linkCode=osi&th=1&psc=1"><img src="https://m.media-amazon.com/images/I/51ApKzpDVNL._SL500_.jpg" alt="Product Image"></a><p>FEITAKE Marker Paper Pad Sketchbook Bleedproof for Alcohol Markers 120lb/200gsm Double Sided Thick Art Drawing Papers 60pages (30Sheets) / A4(8.3"x11.7") Gift for Artists Students Kids</p><p>$13.99 ($0.47 / Count)</p><a href="https://www.amazon.com/dp/B0CPXWD11W?tag=eloabder-20&linkCode=osi&th=1&psc=1">View Product</a></div><div class="product"><a href="https://www.amazon.com/dp/B0025TWYW6?tag=eloabder-20&linkCode=osi&th=1&psc=1"><img src="https://m.media-amazon.com/images/I/51t6UkUHCvL._SL500_.jpg" alt="Product Image"></a><p>Bee Paper Bleedproof Marker Pack, 8-1/2-Inch by 11-Inch, 50 Sheets per Pack</p><p>$17.09 ($0.34 / Count)</p><a href="https://www.amazon.com/dp/B0025TWYW6?tag=eloabder-20&linkCode=osi&th=1&psc=1">View Product</a></div><div class="product"><a href="https://www.amazon.com/dp/B0CJRBYYQB?tag=eloabder-20&linkCode=osi&th=1&psc=1"><img src="https://m.media-amazon.com/images/I/41knBnjZ25L._SL500_.jpg" alt="Product Image"></a><p>Shuttle Art Marker Pad, 8.3”x7.67” Portable Square Sketchbook, 50 Sheets Marker Drawing Paper, 60LB/90GSM Smooth Surface Bleedproof Art Paper, Glue-Bound, Great for Beginners to Draw, Paint & Sketch</p><p>$8.99 ($0.18 / Count)</p><a href="https://www.amazon.com/dp/B0CJRBYYQB?tag=eloabder-20&linkCode=osi&th=1&psc=1">View Product</a></div>
<div class="product"><a href="https://www.amazon.com/dp/B00881IU8M?tag=eloabder-20&linkCode=osi&th=1&psc=1"><img src="https://m.media-amazon.com/images/I/41hbSgdLBtL._SL500_.jpg" alt="Product Image"></a><p>Speedball Fabric & Paper Block Printing Ink 6-Color Set, 1.25-Ounce x 6</p><p>$28.99 ($28.99 / Count)</p><a href="https://www.amazon.com/dp/B00881IU8M?tag=eloabder-20&linkCode=osi&th=1&psc=1">View Product</a></div><div class="product"><a href="https://www.amazon.com/dp/B000J09PFM?tag=eloabder-20&linkCode=osi&th=1&psc=1"><img src="https://m.media-amazon.com/images/I/51yPRc4nvoL._SL500_.jpg" alt="Product Image"></a><p>Speedball Water-Soluble Block Printing Ink Starter Set, 6 Bold Colors with Satin Finish, 1.25-Ounce Tubes</p><p>$29.99 ($4.00 / Fl Oz)</p><a href="https://www.amazon.com/dp/B000J09PFM?tag=eloabder-20&linkCode=osi&th=1&psc=1">View Product</a></div><div class="product"><a href="https://www.amazon.com/dp/B000BYT24U?tag=eloabder-20&linkCode=osi&th=1&psc=1"><img src="https://m.media-amazon.com/images/I/51pDlo+LlKL._SL500_.jpg" alt="Product Image"></a><p>Speedball Water-Soluble Block Printing Ink, 8-Ounce Jar, Black</p><p>$14.49</p><a href="https://www.amazon.com/dp/B000BYT24U?tag=eloabder-20&linkCode=osi&th=1&psc=1">View Product</a></div><div class="product"><a href="https://www.amazon.com/dp/B00C1JUJWW?tag=eloabder-20&linkCode=osi&th=1&psc=1"><img src="https://m.media-amazon.com/images/I/41zDtJ6f5hL._SL500_.jpg" alt="Product Image"></a><p>Speedball Fabric Block Printing Ink, 2.5-Ounce, Black</p><p>$9.99 ($4.00 / Fl Oz)</p><a href="https://www.amazon.com/dp/B00C1JUJWW?tag=eloabder-20&linkCode=osi&th=1&psc=1">View Product</a></div><div class="product"><a href="https://www.amazon.com/dp/B004PZ1ZJG?tag=eloabder-20&linkCode=osi&th=1&psc=1"><img src="https://m.media-amazon.com/images/I/41+GkhhpR5L._SL500_.jpg" alt="Product Image"></a><p>Speedball Water-Soluble Block Printing Ink Starter Set, 4-Color Set, 1.25-Ounce Tubes</p><p>$20.99</p><a href="https://www.amazon.com/dp/B004PZ1ZJG?tag=eloabder-20&linkCode=osi&th=1&psc=1">View Product</a></div><div class="product"><a href="https://www.amazon.com/dp/B0017CZF3C?tag=eloabder-20&linkCode=osi&th=1&psc=1"><img src="https://m.media-amazon.com/images/I/41S17SYPAZL._SL500_.jpg" alt="Product Image"></a><p>Speedball Water Soluble Block Printing Ink, Black, 2-1/2 Ounces - 380663</p><p>$9.99</p><a href="https://www.amazon.com/dp/B0017CZF3C?tag=eloabder-20&linkCode=osi&th=1&psc=1">View Product</a></div><div class="product"><a href="https://www.amazon.com/dp/B0BXNX8FSH?tag=eloabder-20&linkCode=osi&th=1&psc=1"><img src="https://m.media-amazon.com/images/I/51JGm1VxVOL._SL500_.jpg" alt="Product Image"></a><p>Falling in Art Water-Soluble Block Printing Ink, 6-Color Printmaking Ink Set for Linoleum Block, 3.5 floz</p><p>$28.99</p><a href="https://www.amazon.com/dp/B0BXNX8FSH?tag=eloabder-20&linkCode=osi&th=1&psc=1">View Product</a></div><div class="product"><a href="https://www.amazon.com/dp/B0027ACJBO?tag=eloabder-20&linkCode=osi&th=1&psc=1"><img src="https://m.media-amazon.com/images/I/41OzayB9ojL._SL500_.jpg" alt="Product Image"></a><p>Speedball 3476 Oil-Based Block Printing Ink Starter Set for Professional, Permanent Prints AP Certified – 1.25 FL OZ Tubes</p><p>$33.99</p><a href="https://www.amazon.com/dp/B0027ACJBO?tag=eloabder-20&linkCode=osi&th=1&psc=1">View Product</a></div>
<div class="product"><a href="https://www.amazon.com/dp/B0027AGDWK?tag=eloabder-20&linkCode=osi&th=1&psc=1"><img src="https://m.media-amazon.com/images/I/515LDer6GPL._SL500_.jpg" alt="Product Image"></a><p>Speedball Deluxe Block Printing Kit - Includes Inks, Brayer, Bench Hook, Lino Handle and Cutters, Speedy-Carve Block, Mounted Linoleum Block</p><p>$59.99</p><a href="https://www.amazon.com/dp/B0027AGDWK?tag=eloabder-20&linkCode=osi&th=1&psc=1">View Product</a></div><div class="product"><a href="https://www.amazon.com/dp/B07ZJBZN5S?tag=eloabder-20&linkCode=osi&th=1&psc=1"><img src="https://m.media-amazon.com/images/I/41UbN58y9uS._SL500_.jpg" alt="Product Image"></a><p>SGHUO 12pcs 4"x6" Pink Rubber Carving Blocks Linoleum Block Stamp Making Kit</p><p>$22.99 ($1.92 / Count)</p><a href="https://www.amazon.com/dp/B07ZJBZN5S?tag=eloabder-20&linkCode=osi&th=1&psc=1">View Product</a></div>
<div class="product"><a href="https://www.amazon.com/dp/B00L2DYUM8?tag=eloabder-20&linkCode=osi&th=1&psc=1"><img src="https://m.media-amazon.com/images/I/51l5FZ0+5AL._SL500_.jpg" alt="Product Image"></a><p>Strathmore 300 Series Printmaking Paper Pad, Glue Bound, 5x7 inches, 40 Sheets (120g) - Artist Paper for Adults and Students - Block Printing, Linocut, Screen Printing, White</p><p>$7.26</p><a href="https://www.amazon.com/dp/B00L2DYUM8?tag=eloabder-20&linkCode=osi&th=1&psc=1">View Product</a></div><div class="product"><a href="https://www.amazon.com/dp/B07BSYS5XC?tag=eloabder-20&linkCode=osi&th=1&psc=1"><img src="https://m.media-amazon.com/images/I/51Uwfq0jv+L._SL500_.jpg" alt="Product Image"></a><p>Ucreate Printmaking Paper, 9"x12", White, 100 Sheet, P9001</p><p>$9.79</p><a href="https://www.amazon.com/dp/B07BSYS5XC?tag=eloabder-20&linkCode=osi&th=1&psc=1">View Product</a></div><div class="product"><a href="https://www.amazon.com/dp/B00K5562WA?tag=eloabder-20&linkCode=osi&th=1&psc=1"><img src="https://m.media-amazon.com/images/I/51Dm+TeJGdL._SL500_.jpg" alt="Product Image"></a><p>Strathmore Printmaking Paper Pad 8"X10"-20 Sheets -62433800, White</p><p>$10.19</p><a href="https://www.amazon.com/dp/B00K5562WA?tag=eloabder-20&linkCode=osi&th=1&psc=1">View Product</a></div><div class="product"><a href="https://www.amazon.com/dp/B001DNH8I0?tag=eloabder-20&linkCode=osi&th=1&psc=1"><img src="https://m.media-amazon.com/images/I/51UzoKdUojL._SL500_.jpg" alt="Product Image"></a><p>Black Ink 9-Inch by 12-Inch Bleached Mulberry Block Printing Paper, 25-Pack</p><p>$19.35 ($0.77 / Count)</p><a href="https://www.amazon.com/dp/B001DNH8I0?tag=eloabder-20&linkCode=osi&th=1&psc=1">View Product</a></div><div class="product"><a href="https://www.amazon.com/dp/B00C6G6L5Y?tag=eloabder-20&linkCode=osi&th=1&psc=1"><img src="https://m.media-amazon.com/images/I/5103h0Rm8sL._SL500_.jpg" alt="Product Image"></a><p>Black Ink Thai Mulberry Block Printing Paper Packs small assorted colors</p><p>$21.99</p><a href="https://www.amazon.com/dp/B00C6G6L5Y?tag=eloabder-20&linkCode=osi&th=1&psc=1">View Product</a></div>
<div class="product"><a href="https://www.amazon.com/dp/B003IG27OK?tag=eloabder-20&linkCode=osi&th=1&psc=1"><img src="https://m.media-amazon.com/images/I/416NUaYo1DL._SL500_.jpg" alt="Product Image"></a><p>Speedball Block Printing Baren - Comfortable Wooden Handle, Made in the USA - 4 Inches</p><p>$29.49</p><a href="https://www.amazon.com/dp/B003IG27OK?tag=eloabder-20&linkCode=osi&th=1&psc=1">View Product</a></div>
<div class="product"><a href="https://www.amazon.com/dp/B0CMZYY8CJ?tag=eloabder-20&linkCode=osi&th=1&psc=1"><img src="https://m.media-amazon.com/images/I/41TifSIP7SL._SL500_.jpg" alt="Product Image"></a><p>Ecoofor Blotting Paper for Flower Press, 20 Sheets Highly Absorbent and Reusable Blotter Paper for Flower Press Paper Craft 9 x 9 inch</p><p>$9.99</p><a href="https://www.amazon.com/dp/B0CMZYY8CJ?tag=eloabder-20&linkCode=osi&th=1&psc=1">View Product</a></div><div class="product"><a href="https://www.amazon.com/dp/B0CYRT3RM4?tag=eloabder-20&linkCode=osi&th=1&psc=1"><img src="https://m.media-amazon.com/images/I/31+qvVq3giL._SL500_.jpg" alt="Product Image"></a><p>Hygge & Sage Premium Natural Fiber Blotting Paper for Flower Press Art; 20 Large Sheets for a Press up to 8x11 Inches; Absorbent, Versatile, and Acid-Free Reusable Blotter Paper for Flower Pressing</p><p>$9.50 ($0.48 / Count)</p><a href="https://www.amazon.com/dp/B0CYRT3RM4?tag=eloabder-20&linkCode=osi&th=1&psc=1">View Product</a></div><div class="product"><a href="https://www.amazon.com/dp/B0D41GDLHM?tag=eloabder-20&linkCode=osi&th=1&psc=1"><img src="https://m.media-amazon.com/images/I/41LIF5dHXaL._SL500_.jpg" alt="Product Image"></a><p>Aboofx 20 Sheets Blotting Paper for Flower Press, 15" x 10" Extra Large Highly Absorbent Blotter Paper for Flower Press Reusable Herbarium Paper Craft Blotter Paper Sheets</p><p>$19.99</p><a href="https://www.amazon.com/dp/B0D41GDLHM?tag=eloabder-20&linkCode=osi&th=1&psc=1">View Product</a></div><div class="product"><a href="https://www.amazon.com/dp/B0CQMMYSBR?tag=eloabder-20&linkCode=osi&th=1&psc=1"><img src="https://m.media-amazon.com/images/I/413SlUi6IDL._SL500_.jpg" alt="Product Image"></a><p>Wisreach Blotting Paper for Flower Press, 20 Sheets Flower Press Paper Highly Absorbent and Reusable Blotter Paper for Flower Art A4 Size 8.26 x 11.4 inch</p><p>$9.99</p><a href="https://www.amazon.com/dp/B0CQMMYSBR?tag=eloabder-20&linkCode=osi&th=1&psc=1">View Product</a></div><div class="product"><a href="https://www.amazon.com/dp/B093FQ22PG?tag=eloabder-20&linkCode=osi&th=1&psc=1"><img src="https://m.media-amazon.com/images/I/41B2jXhe+QL._SL500_.jpg" alt="Product Image"></a><p>Blotting Paper for Flower Press by Berstuk® • Large A4 Flower Press Paper • Highly Absorbent and Reusable Herbarium Paper • Pack of 10 Blotter Paper Sheets</p><p>$6.99 ($69.90 / 100 Sheets)</p><a href="https://www.amazon.com/dp/B093FQ22PG?tag=eloabder-20&linkCode=osi&th=1&psc=1">View Product</a></div><div class="product"><a href="https://www.amazon.com/dp/B0C6PW4VGB?tag=eloabder-20&linkCode=osi&th=1&psc=1"><img src="https://m.media-amazon.com/images/I/21C64VB3iVL._SL500_.jpg" alt="Product Image"></a><p>PATIKIL 16"x12" Flower Press Paper, 1 Set/30 Sheet Refill Lining Blotter Paper Absorbent Reusable Blotting Paper for DIY Art Handicraft Scrapbook</p><p>$11.19</p><a href="https://www.amazon.com/dp/B0C6PW4VGB?tag=eloabder-20&linkCode=osi&th=1&psc=1">View Product</a></div><div class="product"><a href="https://www.amazon.com/dp/B0C6PTK915?tag=eloabder-20&linkCode=osi&th=1&psc=1"><img src="https://m.media-amazon.com/images/I/21UviFCGjtL._SL500_.jpg" alt="Product Image"></a><p>PATIKIL 12"x8" Flower Press Paper, 2 Set/60 Sheet Refill Lining Blotter Paper Absorbent Reusable Blotting Paper for DIY Art Handicraft Scrapbook</p><p>$13.69</p><a href="https://www.amazon.com/dp/B0C6PTK915?tag=eloabder-20&linkCode=osi&th=1&psc=1">View Product</a></div><div class="product"><a href="https://www.amazon.com/dp/B0CDJZ4MD7?tag=eloabder-20&linkCode=osi&th=1&psc=1"><img src="https://m.media-amazon.com/images/I/41iwkW+QQOL._SL500_.jpg" alt="Product Image"></a><p>30 PCS Blotting Paper for Flower Press Large A4 Flower Press Paper Highly Absorbent and Reusable Blotter Paper Refill Lining Paper for Flower Press Art Craft Scrapbook Making, 11.8 x 7.9 Inches Blue</p><p>$9.99</p><a href="https://www.amazon.com/dp/B0CDJZ4MD7?tag=eloabder-20&linkCode=osi&th=1&psc=1">View Product</a></div>

<div class="product"><a href="https://www.amazon.com/dp/B0D2T4F1DZ?tag=eloabder-20&linkCode=osi&th=1&psc=1"><img src="https://m.media-amazon.com/images/I/41KNcatyBWL._SL500_.jpg" alt="Product Image"></a><p>10pcs Book Cloth,14”x10”,Fabric Surface and Paper Backed, book cloth for book binding,book binding fabric,5 Colors Bookbinding Cloth for DIY fabric book cover,bookbinding paper (Style B)</p><p>$9.99</p><a href="https://www.amazon.com/dp/B0D2T4F1DZ?tag=eloabder-20&linkCode=osi&th=1&psc=1">View Product</a></div><div class="product"><a href="https://www.amazon.com/dp/B0CMD2LWR8?tag=eloabder-20&linkCode=osi&th=1&psc=1"><img src="https://m.media-amazon.com/images/I/31QVUZVSB+L._SL500_.jpg" alt="Product Image"></a><p>Mozeat Lens 33 ft Bookbinding Tape Book Tape Repair Book Binding Tape Cloth Book Repair Kit 2 Inch Wide Book Spine Tape Cloth Bookbinding Repair Tape White Book Tape for Reinforcing Book Spine Tape</p><p>$7.99</p><a href="https://www.amazon.com/dp/B0CMD2LWR8?tag=eloabder-20&linkCode=osi&th=1&psc=1">View Product</a></div><div class="product"><a href="https://www.amazon.com/dp/B0D1KC168C?tag=eloabder-20&linkCode=osi&th=1&psc=1"><img src="https://m.media-amazon.com/images/I/31wWgk-1V4L._SL500_.jpg" alt="Product Image"></a><p>AKONEGE Book Cloth for Book Binding 35 x 16 Inch Fabric Surface and Paper Backed, Strong, Easy to Use, Fabric Materials Bookbinding Supplies Bookcloth for Scrapbooking Album DIY Crafts, Black</p><p>$9.99</p><a href="https://www.amazon.com/dp/B0D1KC168C?tag=eloabder-20&linkCode=osi&th=1&psc=1">View Product</a></div><div class="product"><a href="https://www.amazon.com/dp/B0BC48CCWW?tag=eloabder-20&linkCode=osi&th=1&psc=1"><img src="https://m.media-amazon.com/images/I/41vTc+L-XyL._SL500_.jpg" alt="Product Image"></a><p>Wooqu Book Cloth, Fabric Surface and Paper Backed, Easy to Use, Strong, 17x29”, for Book Binding, Dark Green</p><p>$13.99</p><a href="https://www.amazon.com/dp/B0BC48CCWW?tag=eloabder-20&linkCode=osi&th=1&psc=1">View Product</a></div><div class="product"><a href="https://www.amazon.com/dp/B00W3S7LU4?tag=eloabder-20&linkCode=osi&th=1&psc=1"><img src="https://m.media-amazon.com/images/I/41mUL1LmSHS._SL500_.jpg" alt="Product Image"></a><p>BookGuard 2 inch Premium Bookbinding Repair Cloth Tape, 15 Yard Roll Burgundy</p><p>$14.95</p><a href="https://www.amazon.com/dp/B00W3S7LU4?tag=eloabder-20&linkCode=osi&th=1&psc=1">View Product</a></div>

<div class="product"><a href="https://www.amazon.com/dp/B08217DGL7?tag=eloabder-20&linkCode=osi&th=1&psc=1"><img src="https://m.media-amazon.com/images/I/51Gy-qfph7L._SL500_.jpg" alt="Product Image"></a><p>24 Colors Waxed Thread, Leather Sewing Thread,Hand Stitching Thread for Hand Sewing Leather and Bookbinding, 13Yards Per Color</p><p>$11.99 ($0.01 / Foot)</p><a href="https://www.amazon.com/dp/B08217DGL7?tag=eloabder-20&linkCode=osi&th=1&psc=1">View Product</a></div><div class="product"><a href="https://www.amazon.com/dp/B08GCHJ3FP?tag=eloabder-20&linkCode=osi&th=1&psc=1"><img src="https://m.media-amazon.com/images/I/41TK-XNxTFL._SL500_.jpg" alt="Product Image"></a><p>FANDOL 100% Natural Linen Thread Waxed thread for Bookbingding, Leather Sewing, Beading or Macrame (Natural)</p><p>$14.98</p><a href="https://www.amazon.com/dp/B08GCHJ3FP?tag=eloabder-20&linkCode=osi&th=1&psc=1">View Product</a></div><div class="product"><a href="https://www.amazon.com/dp/B0025U108E?tag=eloabder-20&linkCode=osi&th=1&psc=1"><img src="https://m.media-amazon.com/images/I/4172yrURiVL._SL500_.jpg" alt="Product Image"></a><p>Books by Hand Linen Thread, Archival Quality Natural Unbleached and Unwaxed, 50 Yards 35/3 Gauge, Ideal for Bookbinding and Sewing Signatures</p><p>$9.47</p><a href="https://www.amazon.com/dp/B0025U108E?tag=eloabder-20&linkCode=osi&th=1&psc=1">View Product</a></div><div class="product"><a href="https://www.amazon.com/dp/B08S78KLRN?tag=eloabder-20&linkCode=osi&th=1&psc=1"><img src="https://m.media-amazon.com/images/I/413NGMtJdrL._SL500_.jpg" alt="Product Image"></a><p>Jupean Waxed Thread, 150m /164Yards Beige Leather Waxed Thread, Leather Sewing Thread, Hand Stitching Thread for Hand Sewing Leather, Bookbinding, and Beginners Leather Craft DIY</p><p>$6.49 ($0.01 / Foot)</p><a href="https://www.amazon.com/dp/B08S78KLRN?tag=eloabder-20&linkCode=osi&th=1&psc=1">View Product</a></div><div class="product"><a href="https://www.amazon.com/dp/B015D9E6UM?tag=eloabder-20&linkCode=osi&th=1&psc=1"><img src="https://m.media-amazon.com/images/I/51VnWPI+Q5L._SL500_.jpg" alt="Product Image"></a><p>Lineco, Natural Waxed Linen Thread 20 Yards, Books by Hand Natural, Black, Brown Color for Sewing, Bookbinding (3/Pkg)</p><p>$13.77</p><a href="https://www.amazon.com/dp/B015D9E6UM?tag=eloabder-20&linkCode=osi&th=1&psc=1">View Product</a></div>
<div class="product"><a href="https://www.amazon.com/dp/B0CMD53C1C?tag=eloabder-20&linkCode=osi&th=1&psc=1"><img src="https://m.media-amazon.com/images/I/31dU4wqS0rL._SL500_.jpg" alt="Product Image"></a><p>5-in-1 Bookbinding Kit,Book Cover Guide, Bookbinding Cover Tool, Stainless Steel Book Binding Kit, Bookbinding Ruler, Scrapbooking Tools for Making Book Cover Chipboard Covers Album Planner</p><p>$7.88</p><a href="https://www.amazon.com/dp/B0CMD53C1C?tag=eloabder-20&linkCode=osi&th=1&psc=1">View Product</a></div>
<div class="product"><a href="https://www.amazon.com/dp/B007TIEG6U?tag=eloabder-20&linkCode=osi&th=1&psc=1"><img src="https://m.media-amazon.com/images/I/31d6r6R5lGL._SL500_.jpg" alt="Product Image"></a><p>Handy Art Empty 2 ounce Marker Bottle, Dauber Tip and Cap, 12-Each (900-003) , White</p><p>$23.12 ($1.93 / Count)</p><a href="https://www.amazon.com/dp/B007TIEG6U?tag=eloabder-20&linkCode=osi&th=1&psc=1">View Product</a></div>
<div class="product"><a href="https://www.amazon.com/dp/B07YDNKSH6?tag=eloabder-20&linkCode=osi&th=1&psc=1"><img src="https://m.media-amazon.com/images/I/41JGrHa7mSL._SL500_.jpg" alt="Product Image"></a><p>4-Inch Rubber Brayer Roller for Printmaking, Great for Gluing Application Also. (Original Version)</p><p>$6.99</p><a href="https://www.amazon.com/dp/B07YDNKSH6?tag=eloabder-20&linkCode=osi&th=1&psc=1">View Product</a></div>
<div class="product"><a href="https://www.amazon.com/dp/B005U7BNPE?tag=eloabder-20&linkCode=osi&th=1&psc=1"><img src="https://m.media-amazon.com/images/I/418YfTClSxL._SL500_.jpg" alt="Product Image"></a><p>Apple Barrel Acrylic Paint in Assorted Colors (2 oz), 20513, Bright Yellow</p><p>$0.58 ($0.29 / Fl Oz)</p><a href="https://www.amazon.com/dp/B005U7BNPE?tag=eloabder-20&linkCode=osi&th=1&psc=1">View Product</a></div><div class="product"><a href="https://www.amazon.com/dp/B099DWCRZ5?tag=eloabder-20&linkCode=osi&th=1&psc=1"><img src="https://m.media-amazon.com/images/I/41rr5hT-8TL._SL500_.jpg" alt="Product Image"></a><p>milo Fluorescent Acrylic Paint Set of 6 Colors | 4 oz Bottles | Student Neon Colors Acrylics Painting Pack | Made in the USA | Non-Toxic Art & Craft Paints for Artists, Kids, & Hobby Painters</p><p>$22.90 ($0.95 / Fl Oz)</p><a href="https://www.amazon.com/dp/B099DWCRZ5?tag=eloabder-20&linkCode=osi&th=1&psc=1">View Product</a></div><div class="product"><a href="https://www.amazon.com/dp/B07ZPPPWPL?tag=eloabder-20&linkCode=osi&th=1&psc=1"><img src="https://m.media-amazon.com/images/I/51Vqk2rrZwL._SL500_.jpg" alt="Product Image"></a><p>Apple Barrel, Pastel Dreams & Vivid Wonders Collection Acrylic Craft Paint, PROMOTCK, 2 fl oz each, 18 assorted matte colors, 18 count</p><p>$22.66 ($0.63 / Fl Oz)</p><a href="https://www.amazon.com/dp/B07ZPPPWPL?tag=eloabder-20&linkCode=osi&th=1&psc=1">View Product</a></div><div class="product"><a href="https://www.amazon.com/dp/B0CKQR52XC?tag=eloabder-20&linkCode=osi&th=1&psc=1"><img src="https://m.media-amazon.com/images/I/51WTPlhN2WL._SL500_.jpg" alt="Product Image"></a><p>ARTME Glow in The Dark Paint, 10 Bright Colors 60ml/2oz Blacklight Paint Set, Neon Craft Paint, Acrylic Glow Fluorescent Paint Perfect for Art Painting, DIY projects, Halloween and Christmas</p><p>$23.99 ($1.20 / Fl Oz)</p><a href="https://www.amazon.com/dp/B0CKQR52XC?tag=eloabder-20&linkCode=osi&th=1&psc=1">View Product</a></div><div class="product"><a href="https://www.amazon.com/dp/B09XXHBL3Y?tag=eloabder-20&linkCode=osi&th=1&psc=1"><img src="https://m.media-amazon.com/images/I/51taBeDdeIL._SL500_.jpg" alt="Product Image"></a><p>Fantastory Glow in the Dark Acrylic Paint, 10 Extra Bright Colors, 30ml/1oz Waterproof Glow in Dark Paint,Indoor Outdoor Blacklight Paint for Kids,Adults, Rocks,Walls,Halloween,Craft &Fabric</p><p>$9.99 ($1.00 / Fl Oz)</p><a href="https://www.amazon.com/dp/B09XXHBL3Y?tag=eloabder-20&linkCode=osi&th=1&psc=1">View Product</a></div><div class="product"><a href="https://www.amazon.com/dp/B0BS3JM8ZR?tag=eloabder-20&linkCode=osi&th=1&psc=1"><img src="https://m.media-amazon.com/images/I/51S8FteGgPL._SL500_.jpg" alt="Product Image"></a><p>Acrylic Paint, Shuttle Art 24 Colors Acrylic Paint Bottle Set, 250ml/8.45oz Each, Rich Pigments, High Viscosity, Bulk Paint for Artists, Beginners and Kids Painting on Rocks Crafts Canvas Wood Ceramic</p><p>$49.99 ($0.25 / Fl Oz)</p><a href="https://www.amazon.com/dp/B0BS3JM8ZR?tag=eloabder-20&linkCode=osi&th=1&psc=1">View Product</a></div><div class="product"><a href="https://www.amazon.com/dp/B00CIW3EDI?tag=eloabder-20&linkCode=osi&th=1&psc=1"><img src="https://m.media-amazon.com/images/I/41PMnxyBo5L._SL500_.jpg" alt="Product Image"></a><p>FolkArt Multi-Surface Acrylic Paint in Assorted Colors (2 oz), 2896, Bright Pink</p><p>$1.47 ($0.74 / Fl Oz)</p><a href="https://www.amazon.com/dp/B00CIW3EDI?tag=eloabder-20&linkCode=osi&th=1&psc=1">View Product</a></div><div class="product"><a href="https://www.amazon.com/dp/B085ZB5ZK9?tag=eloabder-20&linkCode=osi&th=1&psc=1"><img src="https://m.media-amazon.com/images/I/51nmRq1eicL._SL500_.jpg" alt="Product Image"></a><p>FolkArt 4 Bottle Multi-Surface Acrylic Paint Set, 2oz, Neon Blacklight Colors</p><p>$8.12 ($1.02 / Fl Oz)</p><a href="https://www.amazon.com/dp/B085ZB5ZK9?tag=eloabder-20&linkCode=osi&th=1&psc=1">View Product</a></div><div class="product"><a href="https://www.amazon.com/dp/B08N585VN5?tag=eloabder-20&linkCode=osi&th=1&psc=1"><img src="https://m.media-amazon.com/images/I/51nwFBdxwVL._SL500_.jpg" alt="Product Image"></a><p>Acrylic Paint Set Value Pack of 12 Colors | Craft Painting Kit with 2 oz Squeeze Bottles for Beginners, Artists, Professionals | Non-Toxic Water Based Paints for Canvas, Paper, Wood | Bright Hues</p><p>$11.99 ($0.50 / Fl Oz)</p><a href="https://www.amazon.com/dp/B08N585VN5?tag=eloabder-20&linkCode=osi&th=1&psc=1">View Product</a></div>
<div class="product"><a href="https://www.amazon.com/dp/B0009RRT9Y?tag=eloabder-20&linkCode=osi&th=1&psc=1"><img src="https://m.media-amazon.com/images/I/51ZhyYPOB5L._SL500_.jpg" alt="Product Image"></a><p>General Pencil Company The Masters Brush Cleaner & Preserver 2.5 0z.</p><p>$12.00</p><a href="https://www.amazon.com/dp/B0009RRT9Y?tag=eloabder-20&linkCode=osi&th=1&psc=1">View Product</a></div><div class="product"><a href="https://www.amazon.com/dp/B00F38YVQS?tag=eloabder-20&linkCode=osi&th=1&psc=1"><img src="https://m.media-amazon.com/images/I/51yjmSTzzML._SL500_.jpg" alt="Product Image"></a><p>B & J Original Brush Cleaner - 2.5 Oz/12ct Display</p><p>$12.77</p><a href="https://www.amazon.com/dp/B00F38YVQS?tag=eloabder-20&linkCode=osi&th=1&psc=1">View Product</a></div><div class="product"><a href="https://www.amazon.com/dp/B004BN7QQ8?tag=eloabder-20&linkCode=osi&th=1&psc=1"><img src="https://m.media-amazon.com/images/I/31fEWB-h4VL._SL500_.jpg" alt="Product Image"></a><p>Winsor & Newton Brush Cleaner & Restorer, 16.0-oz Bottle</p><p>$21.87 ($1.37 / Fl Oz)</p><a href="https://www.amazon.com/dp/B004BN7QQ8?tag=eloabder-20&linkCode=osi&th=1&psc=1">View Product</a></div><div class="product"><a href="https://www.amazon.com/dp/B09NCHL2LM?tag=eloabder-20&linkCode=osi&th=1&psc=1"><img src="https://m.media-amazon.com/images/I/31UzwasdL6L._SL500_.jpg" alt="Product Image"></a><p>U.S. Art Supply Brush Cleaner and Restorer, 4 Ounce Bottle - Quickly Cleans Paint Brushes, Airbrushes, Art Tools - Cleaning Solution to Remove Dried On Acrylic, Oil and Water-Based Paint Colors</p><p>$8.99 ($2.25 / Fl Oz)</p><a href="https://www.amazon.com/dp/B09NCHL2LM?tag=eloabder-20&linkCode=osi&th=1&psc=1">View Product</a></div><div class="product"><a href="https://www.amazon.com/dp/B09J8L55SK?tag=eloabder-20&linkCode=osi&th=1&psc=1"><img src="https://m.media-amazon.com/images/I/41qgWS2nSsL._SL500_.jpg" alt="Product Image"></a><p>Green Piece® Paint Brush Cleaner and Restorer for Art Paint Brushes - 100% Natural - Non-Toxic - Wet or Dry Paint - No Chemicals - Oil or Acrylic Paints, Wood and Metal - Amazing Power - 18 Oz</p><p>$19.88</p><a href="https://www.amazon.com/dp/B09J8L55SK?tag=eloabder-20&linkCode=osi&th=1&psc=1">View Product</a></div><div class="product"><a href="https://www.amazon.com/dp/B0027A79I2?tag=eloabder-20&linkCode=osi&th=1&psc=1"><img src="https://m.media-amazon.com/images/I/31J6S+mCjuL._SL500_.jpg" alt="Product Image"></a><p>Pink Soap 12-Ounce Paint Brush Cleaner and Conditioner, Solution Cleans and Restores, Removes Dried Paint on Airbrushes and Other Artist Tools & Supplies</p><p>$15.49 ($1.29 / Fl Oz)</p><a href="https://www.amazon.com/dp/B0027A79I2?tag=eloabder-20&linkCode=osi&th=1&psc=1">View Product</a></div><div class="product"><a href="https://www.amazon.com/dp/B0027AEANE?tag=eloabder-20&linkCode=osi&th=1&psc=1"><img src="https://m.media-amazon.com/images/I/51bHOLU1pVL._SL500_.jpg" alt="Product Image"></a><p>General Pencil General 105-BP Pencil Masters Brush Cleaner & Preserver, 1 Pack, Clear</p><p>$9.99 ($4.00 / Ounce)</p><a href="https://www.amazon.com/dp/B0027AEANE?tag=eloabder-20&linkCode=osi&th=1&psc=1">View Product</a></div>

<div class="product"><a href="https://www.amazon.com/dp/B00N9UUWLA?tag=eloabder-20&linkCode=osi&th=1&psc=1"><img src="https://m.media-amazon.com/images/I/41be4n09wZL._SL500_.jpg" alt="Product Image"></a><p>Pentel Arts Portable Pocket Brush Pen (Medium Point), 1Pen & 2Refills</p><p>$7.00</p><a href="https://www.amazon.com/dp/B00N9UUWLA?tag=eloabder-20&linkCode=osi&th=1&psc=1">View Product</a></div><div class="product"><a href="https://www.amazon.com/dp/B07DQ4292Y?tag=eloabder-20&linkCode=osi&th=1&psc=1"><img src="https://m.media-amazon.com/images/I/41-kgHpaPvL._SL500_.jpg" alt="Product Image"></a><p>Tombow 62039 Fudenosuke Brush Pens, 3-Pack. Soft, Hard, and Twin Tip Markers for Calligraphy and Art Drawings</p><p>$7.59 ($2.53 / Count)</p><a href="https://www.amazon.com/dp/B07DQ4292Y?tag=eloabder-20&linkCode=osi&th=1&psc=1">View Product</a></div><div class="product"><a href="https://www.amazon.com/dp/B0995FNMKW?tag=eloabder-20&linkCode=osi&th=1&psc=1"><img src="https://m.media-amazon.com/images/I/51kpGsTNvlL._SL500_.jpg" alt="Product Image"></a><p>WRITECH Arts Sign Brush Pen Brush Tip Marker Felt Tip Water Based Ink Color Pens 12 Assorted Vintage Colors Great for Lettering Journaling Calligraphy (Vintage)</p><p>$13.99 ($1.17 / Count)</p><a href="https://www.amazon.com/dp/B0995FNMKW?tag=eloabder-20&linkCode=osi&th=1&psc=1">View Product</a></div><div class="product"><a href="https://www.amazon.com/dp/B07H89R749?tag=eloabder-20&linkCode=osi&th=1&psc=1"><img src="https://m.media-amazon.com/images/I/51nTGZ-eAsL._SL500_.jpg" alt="Product Image"></a><p>Tombow Fudenosuke Brush Pen - Hard - 10 Colors Set (WS-BH10C)</p><p>$11.73</p><a href="https://www.amazon.com/dp/B07H89R749?tag=eloabder-20&linkCode=osi&th=1&psc=1">View Product</a></div><div class="product"><a href="https://www.amazon.com/dp/B002PIFTRE?tag=eloabder-20&linkCode=osi&th=1&psc=1"><img src="https://m.media-amazon.com/images/I/41IVnNPD1hL._SL500_.jpg" alt="Product Image"></a><p>Pentel Color Brush Pen, Black (GFLBP101)</p><p>$7.89</p><a href="https://www.amazon.com/dp/B002PIFTRE?tag=eloabder-20&linkCode=osi&th=1&psc=1">View Product</a></div>
<div class="product"><a href="https://www.amazon.com/dp/B0CLLSY2BT?tag=eloabder-20&linkCode=osi&th=1&psc=1"><img src="https://m.media-amazon.com/images/I/51sQM3lrN9L._SL500_.jpg" alt="Product Image"></a><p>CUGEBANNA Paint Brush Washer,Airtight Stainless Steel Brush Cleaner for Oil Painting Acrylic,Brush Washer with Cleaning Beads and Wringer</p><p>$22.99</p><a href="https://www.amazon.com/dp/B0CLLSY2BT?tag=eloabder-20&linkCode=osi&th=1&psc=1">View Product</a></div><div class="product"><a href="https://www.amazon.com/dp/B013PB35N4?tag=eloabder-20&linkCode=osi&th=1&psc=1"><img src="https://m.media-amazon.com/images/I/419miJHrhtL._SL500_.jpg" alt="Product Image"></a><p>US Art Supply Deluxe Brush Cleaner-Brush Washer with Wash Tank</p><p>$18.99</p><a href="https://www.amazon.com/dp/B013PB35N4?tag=eloabder-20&linkCode=osi&th=1&psc=1">View Product</a></div>
<div class="product"><a href="https://www.amazon.com/dp/B07GH7WGC3?tag=eloabder-20&linkCode=osi&th=1&psc=1"><img src="https://m.media-amazon.com/images/I/51vzX1OZI6L._SL500_.jpg" alt="Product Image"></a><p>BOSOBO Paint Brushes Set, 2 Pack 20 Pcs Round-Pointed Tip Paintbrushes Nylon Hair Artist Acrylic Paint Brushes for Acrylic Oil Watercolor, Face Nail Art, Miniature Detailing & Rock Painting, Blue</p><p>$7.49 ($0.37 / Count)</p><a href="https://www.amazon.com/dp/B07GH7WGC3?tag=eloabder-20&linkCode=osi&th=1&psc=1">View Product</a></div><div class="product"><a href="https://www.amazon.com/dp/B078XJ2DCJ?tag=eloabder-20&linkCode=osi&th=1&psc=1"><img src="https://m.media-amazon.com/images/I/616oHEXPN1S._SL500_.jpg" alt="Product Image"></a><p>Pro Grade - Chip Paint Brushes - 36-Pack - 2 Inch Chip Brush for Paints, Stains, Varnishes, Glues, & Gesso</p><p>$17.99</p><a href="https://www.amazon.com/dp/B078XJ2DCJ?tag=eloabder-20&linkCode=osi&th=1&psc=1">View Product</a></div>

<div class="product"><a href="https://www.amazon.com/dp/B000YQJVFA?tag=eloabder-20&linkCode=osi&th=1&psc=1"><img src="https://m.media-amazon.com/images/I/51so-OSRt+L._SL500_.jpg" alt="Product Image"></a><p>Winsor & Newton Calligraphy Ink, 30ml (1-oz) Bottle, Black</p><p>$10.07 ($10.07 / Count)</p><a href="https://www.amazon.com/dp/B000YQJVFA?tag=eloabder-20&linkCode=osi&th=1&psc=1">View Product</a></div><div class="product"><a href="https://www.amazon.com/dp/B0026SBYUE?tag=eloabder-20&linkCode=osi&th=1&psc=1"><img src="https://m.media-amazon.com/images/I/412Ga9k1q8L._SL500_.jpg" alt="Product Image"></a><p>Higgins Black Calligraphy Ink, 2.5 Ounce Bottle (44314)</p><p>$5.99</p><a href="https://www.amazon.com/dp/B0026SBYUE?tag=eloabder-20&linkCode=osi&th=1&psc=1">View Product</a></div><div class="product"><a href="https://www.amazon.com/dp/B0CXDBD77N?tag=eloabder-20&linkCode=osi&th=1&psc=1"><img src="https://m.media-amazon.com/images/I/41x1EZv3P3L._SL500_.jpg" alt="Product Image"></a><p>SEAMEW 250 ML/8.8 OZ Calligraphy and Sumi Liquid Ink - Versatile Elegance for Chinese Traditional Art Works and Japanese Brush Art</p><p>$11.49</p><a href="https://www.amazon.com/dp/B0CXDBD77N?tag=eloabder-20&linkCode=osi&th=1&psc=1">View Product</a></div><div class="product"><a href="https://www.amazon.com/dp/B0CR3ML8VS?tag=eloabder-20&linkCode=osi&th=1&psc=1"><img src="https://m.media-amazon.com/images/I/41fLIKySQZL._SL500_.jpg" alt="Product Image"></a><p>Hmayart Prepared Super Thick Liquid Black Ink for Japanese Brush Calligraphy & Chinese Traditional Artworks (MZ010 250g)</p><p>$11.99</p><a href="https://www.amazon.com/dp/B0CR3ML8VS?tag=eloabder-20&linkCode=osi&th=1&psc=1">View Product</a></div><div class="product"><a href="https://www.amazon.com/dp/B0039OQ0J4?tag=eloabder-20&linkCode=osi&th=1&psc=1"><img src="https://m.media-amazon.com/images/I/41RRlR55P9L._SL500_.jpg" alt="Product Image"></a><p>Daiso Sumi Calligraphy Liquid Ink in a 180ml Bottle (Japan Import)</p><p>$8.99</p><a href="https://www.amazon.com/dp/B0039OQ0J4?tag=eloabder-20&linkCode=osi&th=1&psc=1">View Product</a></div><div class="product"><a href="https://www.amazon.com/dp/B074KJ289G?tag=eloabder-20&linkCode=osi&th=1&psc=1"><img src="https://m.media-amazon.com/images/I/41FZT3aCChL._SL500_.jpg" alt="Product Image"></a><p>Easyou Redstar Liquid Ink for Professioanl Traditional Calligraphy and Brush Painting Chinese Ink Liquid (Black&1pcs*180ML)</p><p>$10.99</p><a href="https://www.amazon.com/dp/B074KJ289G?tag=eloabder-20&linkCode=osi&th=1&psc=1">View Product</a></div><div class="product"><a href="https://www.amazon.com/dp/B07JYJ6C1W?tag=eloabder-20&linkCode=osi&th=1&psc=1"><img src="https://m.media-amazon.com/images/I/51IAnrWkw6L._SL500_.jpg" alt="Product Image"></a><p>MZ001 HmayartBlack Sumi Liquid Ink for Japanese Brush Calligraphy & Chinese Traditional Artworks 250ml (black)</p><p>$13.99</p><a href="https://www.amazon.com/dp/B07JYJ6C1W?tag=eloabder-20&linkCode=osi&th=1&psc=1">View Product</a></div><div class="product"><a href="https://www.amazon.com/dp/B0894L9M2C?tag=eloabder-20&linkCode=osi&th=1&psc=1"><img src="https://m.media-amazon.com/images/I/51H5LBUAZcL._SL500_.jpg" alt="Product Image"></a><p>24 Colors Calligraphy Ink Set, Calligraphy Fountain Glass Dip Pen Color Ink Caligrapher Pen Ink Bottle Set, Gold Powder Drawing Writing Art Ink with Gift Box - 24 x 7ml</p><p>$21.98</p><a href="https://www.amazon.com/dp/B0894L9M2C?tag=eloabder-20&linkCode=osi&th=1&psc=1">View Product</a></div><div class="product"><a href="https://www.amazon.com/dp/B0C49WVM7L?tag=eloabder-20&linkCode=osi&th=1&psc=1"><img src="https://m.media-amazon.com/images/I/41zxtjGWS1L._SL500_.jpg" alt="Product Image"></a><p>AOKUY 24 Colors Calligraphy Ink Set,Calligraphy Inks,Colorful Dip Pen Ink Set,Gold Powder Drawing Writing Art Ink with Gift Box</p><p>$16.99</p><a href="https://www.amazon.com/dp/B0C49WVM7L?tag=eloabder-20&linkCode=osi&th=1&psc=1">View Product</a></div>
<div class="product"><a href="https://www.amazon.com/dp/B0007ZJ8QU?tag=eloabder-20&linkCode=osi&th=1&psc=1"><img src="https://m.media-amazon.com/images/I/41vTwN7L9NL._SL500_.jpg" alt="Product Image"></a><p>Speedball C-Series Lettering Pen Set - 1 Penholder w/ 6 Nibs</p><p>$11.99</p><a href="https://www.amazon.com/dp/B0007ZJ8QU?tag=eloabder-20&linkCode=osi&th=1&psc=1">View Product</a></div><div class="product"><a href="https://www.amazon.com/dp/B003IGNH30?tag=eloabder-20&linkCode=osi&th=1&psc=1"><img src="https://m.media-amazon.com/images/I/412WGB9WzGL._SL500_.jpg" alt="Product Image"></a><p>Speedball 30710 10 Pen Nib Assorted Set</p><p>$21.99</p><a href="https://www.amazon.com/dp/B003IGNH30?tag=eloabder-20&linkCode=osi&th=1&psc=1">View Product</a></div><div class="product"><a href="https://www.amazon.com/dp/B0CQTCZRYC?tag=eloabder-20&linkCode=osi&th=1&psc=1"><img src="https://m.media-amazon.com/images/I/41+d7oXaTvL._SL500_.jpg" alt="Product Image"></a><p>10PCS Oblique Calligraphy Dip Pen Set Comic Pen Nib Set Fluid Writer Pen, 2-in-1 Drawing Pen Holder with 8 Pieces Stainless Steel Pen Replacement Nibs Nib for Writing, Painting, Signing, Sketch</p><p>$6.49</p><a href="https://www.amazon.com/dp/B0CQTCZRYC?tag=eloabder-20&linkCode=osi&th=1&psc=1">View Product</a></div><div class="product"><a href="https://www.amazon.com/dp/B000BYQLT4?tag=eloabder-20&linkCode=osi&th=1&psc=1"><img src="https://m.media-amazon.com/images/I/41Tmn+y1-xL._SL500_.jpg" alt="Product Image"></a><p>Speedball Calligraphy Pen Set - 1 Penholder w/ 4 Nibs, 2 Pen Tips</p><p>$13.99</p><a href="https://www.amazon.com/dp/B000BYQLT4?tag=eloabder-20&linkCode=osi&th=1&psc=1">View Product</a></div><div class="product"><a href="https://www.amazon.com/dp/B0B3CVPWMF?tag=eloabder-20&linkCode=osi&th=1&psc=1"><img src="https://m.media-amazon.com/images/I/41Zw4tqW+HL._SL500_.jpg" alt="Product Image"></a><p>Mewutal 2Pcs/Set Comic Pen Nib Set Pen Nibs Replacements for Calligraphy Manga Writing Painting(Pumpkin Head Nib)</p><p>$7.99</p><a href="https://www.amazon.com/dp/B0B3CVPWMF?tag=eloabder-20&linkCode=osi&th=1&psc=1">View Product</a></div><div class="product"><a href="https://www.amazon.com/dp/B0BVR4M5X4?tag=eloabder-20&linkCode=osi&th=1&psc=1"><img src="https://m.media-amazon.com/images/I/515TyiGpQKL._SL500_.jpg" alt="Product Image"></a><p>Wonwood_direct Calligraphy set, 7 Calligraphy Pens with Different Nibs and 40 Ink Cartridges in 13 Colors for Beginner Writing Drawing for Greeting Card Signature Calligraphy (Type 1)</p><p>$15.99</p><a href="https://www.amazon.com/dp/B0BVR4M5X4?tag=eloabder-20&linkCode=osi&th=1&psc=1">View Product</a></div><div class="product"><a href="https://www.amazon.com/dp/B0BGRM97MF?tag=eloabder-20&linkCode=osi&th=1&psc=1"><img src="https://m.media-amazon.com/images/I/41vB7fs3VbL._SL500_.jpg" alt="Product Image"></a><p>Gullor A Bunch of Nibs for Comic Dip Pen, Assorted Calligraphy Dip Pen Nibs, Various Sizes and Shapes, 33 Nibs in Box</p><p>$9.99</p><a href="https://www.amazon.com/dp/B0BGRM97MF?tag=eloabder-20&linkCode=osi&th=1&psc=1">View Product</a></div>
<div class="product"><a href="https://www.amazon.com/dp/B000KNNVX0?tag=eloabder-20&linkCode=osi&th=1&psc=1"><img src="https://m.media-amazon.com/images/I/51RAGoN6UsL._SL500_.jpg" alt="Product Image"></a><p>Strathmore STR- 50 Sheet Tape Bound Calligraphy Pad, 8.5 by 11", White</p><p>$7.83</p><a href="https://www.amazon.com/dp/B000KNNVX0?tag=eloabder-20&linkCode=osi&th=1&psc=1">View Product</a></div><div class="product"><a href="https://www.amazon.com/dp/B00PGBVNM2?tag=eloabder-20&linkCode=osi&th=1&psc=1"><img src="https://m.media-amazon.com/images/I/51VvCXPD-QL._SL500_.jpg" alt="Product Image"></a><p>U.S. Art Supply (Pack of 2 Pads) - 9" x 12" Premium Calligraphic Practice Paper Pad, 19 Pound Bond (70gsm), Pad of 50-Sheets, Calligraphy Paper with Printed Practice Rule and Slanted Grid</p><p>$12.99</p><a href="https://www.amazon.com/dp/B00PGBVNM2?tag=eloabder-20&linkCode=osi&th=1&psc=1">View Product</a></div><div class="product"><a href="https://www.amazon.com/dp/B0CQ1VTM1R?tag=eloabder-20&linkCode=osi&th=1&psc=1"><img src="https://m.media-amazon.com/images/I/31pMzPI5pdL._SL500_.jpg" alt="Product Image"></a><p>50 Sheets Watercolor Paper 8 x 6inch Deckled Edge Paper 190 GSM Rough/Textured Handmade Paper Cotton Paper White Textured Paper for Watercolor, Writing Calligraphy, Invitations, Letters</p><p>$12.99 ($0.26 / Count)</p><a href="https://www.amazon.com/dp/B0CQ1VTM1R?tag=eloabder-20&linkCode=osi&th=1&psc=1">View Product</a></div><div class="product"><a href="https://www.amazon.com/dp/B0CGHVSX6W?tag=eloabder-20&linkCode=osi&th=1&psc=1"><img src="https://m.media-amazon.com/images/I/41pAexcoWlL._SL500_.jpg" alt="Product Image"></a><p>KYMY Chinese/Japanese Calligraphy Paper 100PCS, Sumi/Rice Paper for Writing Painting Drawing Practice, Chinese Brush Ink Xuan Paper, Half Sheng Shu (Half Raw Ripe) (34 x 34 cm (13.38 x 13.38 Inch))</p><p>$10.99 ($0.11 / Count)</p><a href="https://www.amazon.com/dp/B0CGHVSX6W?tag=eloabder-20&linkCode=osi&th=1&psc=1">View Product</a></div>
<div class="product"><a href="https://www.amazon.com/dp/B08FCZC2R3?tag=eloabder-20&linkCode=osi&th=1&psc=1"><img src="https://m.media-amazon.com/images/I/51TWqPlqpfL._SL500_.jpg" alt="Product Image"></a><p>Craft 'n' Beyond Calligraphy Brush Pens Pack of 3 Small, Medium and Large Markers for Hand Lettering, Art Drawing, Sketching, Scrapbooking, Journaling - Beginner Kit with Fadeproof Black Ink</p><p>$5.49</p><a href="https://www.amazon.com/dp/B08FCZC2R3?tag=eloabder-20&linkCode=osi&th=1&psc=1">View Product</a></div><div class="product"><a href="https://www.amazon.com/dp/B0B67TWWDG?tag=eloabder-20&linkCode=osi&th=1&psc=1"><img src="https://m.media-amazon.com/images/I/5188ARIL9sL._SL500_.jpg" alt="Product Image"></a><p>Brusarth Calligraphy Pens, 8 Size Calligraphy Pens for Writing, Brush Pens Calligraphy Set for Beginners, Hand Lettering Pens, Brush Markers Set, Black Ink Drawing Pens</p><p>$8.95</p><a href="https://www.amazon.com/dp/B0B67TWWDG?tag=eloabder-20&linkCode=osi&th=1&psc=1">View Product</a></div><div class="product"><a href="https://www.amazon.com/dp/B000SHQFEA?tag=eloabder-20&linkCode=osi&th=1&psc=1"><img src="https://m.media-amazon.com/images/I/41sx3qStImL._SL500_.jpg" alt="Product Image"></a><p>edding 1255 calligraphy pen - black - 3 pens - calligraphy nib 2 - 5 mm - fibre pens for paper, wood, terracotta, canvas - hand lettering, bullet journals, thank you cards, calligraphy books</p><p>$6.50</p><a href="https://www.amazon.com/dp/B000SHQFEA?tag=eloabder-20&linkCode=osi&th=1&psc=1">View Product</a></div><div class="product"><a href="https://www.amazon.com/dp/B001DKJLEC?tag=eloabder-20&linkCode=osi&th=1&psc=1"><img src="https://m.media-amazon.com/images/I/41x7A8wo7YL._SL500_.jpg" alt="Product Image"></a><p>Speedball Elegant Writer Calligraphy 4 Marker Set, Black, 2.0 mm, 2.5 mm & 3.0 mm Chisel Nib Tip Pens for Drawing, Journaling, and Scrapbooking</p><p>$9.99 ($2.50 / Count)</p><a href="https://www.amazon.com/dp/B001DKJLEC?tag=eloabder-20&linkCode=osi&th=1&psc=1">View Product</a></div><div class="product"><a href="https://www.amazon.com/dp/B08RYWH185?tag=eloabder-20&linkCode=osi&th=1&psc=1"><img src="https://m.media-amazon.com/images/I/51GFkyfC3iL._SL500_.jpg" alt="Product Image"></a><p>Piochoo Calligraphy Pens,8 Size Calligraphy Pens for Writing,Brush Pens Calligraphy Set for Beginners, Hand Lettering Pens</p><p>$12.99</p><a href="https://www.amazon.com/dp/B08RYWH185?tag=eloabder-20&linkCode=osi&th=1&psc=1">View Product</a></div>
<div class="product"><a href="https://www.amazon.com/dp/B0C66K9NHR?tag=eloabder-20&linkCode=osi&th=1&psc=1"><img src="https://m.media-amazon.com/images/I/51As2T+7gzL._SL500_.jpg" alt="Product Image"></a><p>Calligraphy Kit for Beginners - Calligraphy Pen Set with Calligraphy Workbook</p><p>$26.89</p><a href="https://www.amazon.com/dp/B0C66K9NHR?tag=eloabder-20&linkCode=osi&th=1&psc=1">View Product</a></div><div class="product"><a href="https://www.amazon.com/dp/B081J6QLZN?tag=eloabder-20&linkCode=osi&th=1&psc=1"><img src="https://m.media-amazon.com/images/I/41lK2Gw0JZL._SL500_.jpg" alt="Product Image"></a><p>Trustela Calligraphy Set for Beginners, Dip Pen Set with 19 Nibs, Oblique Pen Holder, Wooden Pen Set</p><p>$21.99</p><a href="https://www.amazon.com/dp/B081J6QLZN?tag=eloabder-20&linkCode=osi&th=1&psc=1">View Product</a></div><div class="product"><a href="https://www.amazon.com/dp/B0BCVDNPRJ?tag=eloabder-20&linkCode=osi&th=1&psc=1"><img src="https://m.media-amazon.com/images/I/51J-hFN4AeL._SL500_.jpg" alt="Product Image"></a><p>GC QUILL Calligraphy Pens Set 64pcs - Calligraphy Fountain Pen Set with 3 Fountain Pens, 7 Varied Nibs, 54 Ink Cartridges(10 Colors) - Writing, Drawing and Calligraphy Practice for beginner GC-F354</p><p>$23.99</p><a href="https://www.amazon.com/dp/B0BCVDNPRJ?tag=eloabder-20&linkCode=osi&th=1&psc=1">View Product</a></div>
<div class="product"><a href="https://www.amazon.com/dp/B092Q8BQC1?tag=eloabder-20&linkCode=osi&th=1&psc=1"><img src="https://m.media-amazon.com/images/I/51gdXkGIguS._SL500_.jpg" alt="Product Image"></a><p>AIYNC Feather Calligraphy Pen Ink Set, Includes Quill Pen and Wooden Dip Pen, Ink,17 Replacement Nib, Pen Base, 3 Wax Seal Sticks, Stamp, White Wax, Spoon, Envelope Letter Paper, Envelope Tool(Green)</p><p>$22.99</p><a href="https://www.amazon.com/dp/B092Q8BQC1?tag=eloabder-20&linkCode=osi&th=1&psc=1">View Product</a></div>
<div class="product"><a href="https://www.amazon.com/dp/B09J228BSF?tag=eloabder-20&linkCode=osi&th=1&psc=1"><img src="https://m.media-amazon.com/images/I/61MByvIyHGL._SL500_.jpg" alt="Product Image"></a><p>Candle dye - 18 Colors Liquid Oil-Based dye for Candle Wax, Vivid Candle Color for DIY Candle Making, Highly Concentrate Natural Candle Color</p><p>$15.59 ($2.47 / Fl Oz)</p><a href="https://www.amazon.com/dp/B09J228BSF?tag=eloabder-20&linkCode=osi&th=1&psc=1">View Product</a></div><div class="product"><a href="https://www.amazon.com/dp/B06Y3T5RV4?tag=eloabder-20&linkCode=osi&th=1&psc=1"><img src="https://m.media-amazon.com/images/I/61yZyP8eZTL._SL500_.jpg" alt="Product Image"></a><p>Candle Dyes for Soy Candle Making - Wax Сolor Dye Color Chips for Soy Wax - 16 Popular Colors Wax Dye Flakes</p><p>$16.99 ($10.62 / Ounce)</p><a href="https://www.amazon.com/dp/B06Y3T5RV4?tag=eloabder-20&linkCode=osi&th=1&psc=1">View Product</a></div><div class="product"><a href="https://www.amazon.com/dp/B0CMCPGLQZ?tag=eloabder-20&linkCode=osi&th=1&psc=1"><img src="https://m.media-amazon.com/images/I/51G9e-Epa0L._SL500_.jpg" alt="Product Image"></a><p>Candle Dye - 12 Colors Wax Melt Dye for Candle Making, Oil-Based Dye for Wax, Highly Concentrate Liquid Candle Color Dye</p><p>$8.99</p><a href="https://www.amazon.com/dp/B0CMCPGLQZ?tag=eloabder-20&linkCode=osi&th=1&psc=1">View Product</a></div><div class="product"><a href="https://www.amazon.com/dp/B09GLMZ5PS?tag=eloabder-20&linkCode=osi&th=1&psc=1"><img src="https://m.media-amazon.com/images/I/51SCG6n6Y4L._SL500_.jpg" alt="Product Image"></a><p>OSBANG Oil-Based Candle Color Dye Non-Toxic Non-Irritating 20 Colors for DIY Candle Making Supplies - Vibrant Concentrated Candle Coloring for Soy Wax Dyes, Beeswax, Gel Wax, Candle Making Kit</p><p>$14.99 ($2.22 / Fl Oz)</p><a href="https://www.amazon.com/dp/B09GLMZ5PS?tag=eloabder-20&linkCode=osi&th=1&psc=1">View Product</a></div><div class="product"><a href="https://www.amazon.com/dp/B0C8D2X4F1?tag=eloabder-20&linkCode=osi&th=1&psc=1"><img src="https://m.media-amazon.com/images/I/51e0mqPDEJL._SL500_.jpg" alt="Product Image"></a><p>Candle Dye - 14 Colors Highly Concentrate Oil-Based Liquid Candle Dye Kit, Candle Dyes for Candle Making, Beeswax, Gel Wax, Paraffin Wax - Each 0.35 fl oz</p><p>$9.99</p><a href="https://www.amazon.com/dp/B0C8D2X4F1?tag=eloabder-20&linkCode=osi&th=1&psc=1">View Product</a></div>


<div class="product"><a href="https://www.amazon.com/dp/B0D3HPD7WP?tag=eloabder-20&linkCode=osi&th=1&psc=1"><img src="https://m.media-amazon.com/images/I/31KSmmAWUWL._SL500_.jpg" alt="Product Image"></a><p>50 Sheets Grey Cardstock Paper, Colored Printer Paper 8.5 x 11, Thick Construction Paper for Cards Making, Scrapbook，Office Printing, Invitations, Certificates，DIY Crafting 92 lb/250gsm</p><p>$9.99</p><a href="https://www.amazon.com/dp/B0D3HPD7WP?tag=eloabder-20&linkCode=osi&th=1&psc=1">View Product</a></div>
<div class="product"><a href="https://www.amazon.com/dp/B076CP6F36?tag=eloabder-20&linkCode=osi&th=1&psc=1"><img src="https://m.media-amazon.com/images/I/51rfEIvgI+L._SL500_.jpg" alt="Product Image"></a><p>Apple Barrel, Vibrant Spectrum Collection Acrylic Craft Paint, PROMOABIII, 2 fl oz each, 16 assorted matte colors, 16 count</p><p>$15.97 ($0.50 / Fl Oz)</p><a href="https://www.amazon.com/dp/B076CP6F36?tag=eloabder-20&linkCode=osi&th=1&psc=1">View Product</a></div><div class="product"><a href="https://www.amazon.com/dp/B0BKFLSYQF?tag=eloabder-20&linkCode=osi&th=1&psc=1"><img src="https://m.media-amazon.com/images/I/51a0PmPRknL._SL500_.jpg" alt="Product Image"></a><p>72 Pack Acrylic Paint Set, Shuttle Art 60 Colors Acrylic Paint Including Extra White Black & 12 Brushes, 2oz/60ml, Rich Pigmented, Water Proof, Ideal for Artists, Beginners on Canvas Rock Wood Ceramic</p><p>$45.99 ($23.00 / Fl Oz)</p><a href="https://www.amazon.com/dp/B0BKFLSYQF?tag=eloabder-20&linkCode=osi&th=1&psc=1">View Product</a></div><div class="product"><a href="https://www.amazon.com/dp/B08CB3JH79?tag=eloabder-20&linkCode=osi&th=1&psc=1"><img src="https://m.media-amazon.com/images/I/51OUZsFdnTL._SL500_.jpg" alt="Product Image"></a><p>Acrylic Paint Set of 36 Colors 2fl oz 60ml Bottles,Non Toxic 36 Colors Acrylic Paint No Fading Rich Pigment for Kids Adults Artists Canvas Crafts Wood Painting</p><p>$32.99 ($0.46 / Fl Oz)</p><a href="https://www.amazon.com/dp/B08CB3JH79?tag=eloabder-20&linkCode=osi&th=1&psc=1">View Product</a></div><div class="product"><a href="https://www.amazon.com/dp/B0018NBVKQ?tag=eloabder-20&linkCode=osi&th=1&psc=1"><img src="https://m.media-amazon.com/images/I/31YlSvZMTCL._SL500_.jpg" alt="Product Image"></a><p>Apple Barrel Acrylic Paint in Assorted Colors (8 Ounce), 20403 White</p><p>$2.67 ($0.33 / Fl Oz)</p><a href="https://www.amazon.com/dp/B0018NBVKQ?tag=eloabder-20&linkCode=osi&th=1&psc=1">View Product</a></div><div class="product"><a href="https://www.amazon.com/dp/B077WSBLZ1?tag=eloabder-20&linkCode=osi&th=1&psc=1"><img src="https://m.media-amazon.com/images/I/51KPkXpLn1L._SL500_.jpg" alt="Product Image"></a><p>Shuttle Art Acrylic Paint Set, 30 x12ml Tubes Artist Quality Non Toxic Rich Pigments Colors Great for Kids Adults Professional Painting on Rocks Canvas Wood Clay Fabric Ceramic Crafts</p><p>$12.99 ($1.08 / Fl Oz)</p><a href="https://www.amazon.com/dp/B077WSBLZ1?tag=eloabder-20&linkCode=osi&th=1&psc=1">View Product</a></div><div class="product"><a href="https://www.amazon.com/dp/B00889Z5Y6?tag=eloabder-20&linkCode=osi&th=1&psc=1"><img src="https://m.media-amazon.com/images/I/41MQjsyDbSL._SL500_.jpg" alt="Product Image"></a><p>Apple Barrel Acrylic Paint in Assorted Colors (2 oz), 20764, Apricot</p><p>$0.58 ($0.29 / Fl Oz)</p><a href="https://www.amazon.com/dp/B00889Z5Y6?tag=eloabder-20&linkCode=osi&th=1&psc=1">View Product</a></div><div class="product"><a href="https://www.amazon.com/dp/B09TWQD5ZL?tag=eloabder-20&linkCode=osi&th=1&psc=1"><img src="https://m.media-amazon.com/images/I/41B0L003QXL._SL500_.jpg" alt="Product Image"></a><p>Artkey Acrylic Paint Set - 24 colors 2 oz/59 ml Acrylic Paints Professional Artists Painting Kit for Canvases Fabric Rock Leather Easter Egg Wood Ceramic Glass Art Craft Painting</p><p>$19.99 ($0.42 / Fl Oz)</p><a href="https://www.amazon.com/dp/B09TWQD5ZL?tag=eloabder-20&linkCode=osi&th=1&psc=1">View Product</a></div><div class="product"><a href="https://www.amazon.com/dp/B07Z93LQDB?tag=eloabder-20&linkCode=osi&th=1&psc=1"><img src="https://m.media-amazon.com/images/I/51veoN6zK0L._SL500_.jpg" alt="Product Image"></a><p>Shuttle Art Acrylic Paint Set, 36 Colors Acrylic Paint with Brushes & Palette, 2oz Bottles, Rich Pigments Non-toxic Paint for Artists Kids & Adults, Art Supplies for Canvas Rock Ceramic Wood Painting</p><p>$27.99</p><a href="https://www.amazon.com/dp/B07Z93LQDB?tag=eloabder-20&linkCode=osi&th=1&psc=1">View Product</a></div><div class="product"><a href="https://www.amazon.com/dp/B002665SYY?tag=eloabder-20&linkCode=osi&th=1&psc=1"><img src="https://m.media-amazon.com/images/I/31sJJeWK6OS._SL500_.jpg" alt="Product Image"></a><p>Liquitex BASICS Acrylic Paint, 250ml (8.5-oz) Tube, Titanium White</p><p>$9.99 ($1.18 / Fl Oz)</p><a href="https://www.amazon.com/dp/B002665SYY?tag=eloabder-20&linkCode=osi&th=1&psc=1">View Product</a></div>
<div class="product"><a href="https://www.amazon.com/dp/B0CC98XLGL?tag=eloabder-20&linkCode=osi&th=1&psc=1"><img src="https://m.media-amazon.com/images/I/51ZLw+nThiL._SL500_.jpg" alt="Product Image"></a><p>HUIRUSO 4 Pack Double Sided Tape Roller, Scrapbook Supplies, Glue Tape Roller for Crafts, Double-Sided Adhesive Tape Runner for Scrapbooking, School Office Journaling Supplies (0.31 in X 26.25 ft)</p><p>$6.99 ($1.75 / Count)</p><a href="https://www.amazon.com/dp/B0CC98XLGL?tag=eloabder-20&linkCode=osi&th=1&psc=1">View Product</a></div><div class="product"><a href="https://www.amazon.com/dp/B007XAAE6K?tag=eloabder-20&linkCode=osi&th=1&psc=1"><img src="https://m.media-amazon.com/images/I/414qxYVR0wL._SL500_.jpg" alt="Product Image"></a><p>Scotch Double Sided Tape Runner, 1-Pack, 0.27 in x 26 ft., Perfect for Holiday Crafts, Gifts, and More</p><p>$4.47</p><a href="https://www.amazon.com/dp/B007XAAE6K?tag=eloabder-20&linkCode=osi&th=1&psc=1">View Product</a></div><div class="product"><a href="https://www.amazon.com/dp/B0BZVGPFSK?tag=eloabder-20&linkCode=osi&th=1&psc=1"><img src="https://m.media-amazon.com/images/I/51-ue9+7JkL._SL500_.jpg" alt="Product Image"></a><p>Birllaid Double Sided Tape for Walls, Picture Hanging Strips Removable Mounting Dots Adhesive Heavy Duty, Removable for Art Craft, Decoration, Party Supplies, Multipurpose</p><p>$11.99</p><a href="https://www.amazon.com/dp/B0BZVGPFSK?tag=eloabder-20&linkCode=osi&th=1&psc=1">View Product</a></div><div class="product"><a href="https://www.amazon.com/dp/B0CGVN9SL1?tag=eloabder-20&linkCode=osi&th=1&psc=1"><img src="https://m.media-amazon.com/images/I/41Hy+i4CnoL._SL500_.jpg" alt="Product Image"></a><p>30Ft x 1 Inch Hook and Loop Strips with Adhesive,Double Rolls of Heavy Duty Self Adhesive Tape with Backing, Nylon Self Adhesive Tape for Home Office School and Crafting,White</p><p>$9.99</p><a href="https://www.amazon.com/dp/B0CGVN9SL1?tag=eloabder-20&linkCode=osi&th=1&psc=1">View Product</a></div><div class="product"><a href="https://www.amazon.com/dp/B07Y3VDPLF?tag=eloabder-20&linkCode=osi&th=1&psc=1"><img src="https://m.media-amazon.com/images/I/41cyKQ2OMuL._SL500_.jpg" alt="Product Image"></a><p>Melsan 1x4 inch Hook and Loop Strips with Adhesive - 15 Sets, Strong Back Adhesive Fasten Mounting Tape for Home or Office Use - Instead of Holes and Screws, Black</p><p>$7.82</p><a href="https://www.amazon.com/dp/B07Y3VDPLF?tag=eloabder-20&linkCode=osi&th=1&psc=1">View Product</a></div><div class="product"><a href="https://www.amazon.com/dp/B07V57VJT5?tag=eloabder-20&linkCode=osi&th=1&psc=1"><img src="https://m.media-amazon.com/images/I/514JO3bvl3L._SL500_.jpg" alt="Product Image"></a><p>XFasten Adhesive Roller for Scrapbooking, 8mm x 30ft 4-Pack Double Sided Glue Tape Roller, Scrapbook Supplies for Adults, Photo Tape for Scrapbooking</p><p>$9.99 ($2.50 / Count)</p><a href="https://www.amazon.com/dp/B07V57VJT5?tag=eloabder-20&linkCode=osi&th=1&psc=1">View Product</a></div><div class="product"><a href="https://www.amazon.com/dp/B07JLTGQHX?tag=eloabder-20&linkCode=osi&th=1&psc=1"><img src="https://m.media-amazon.com/images/I/51Eqfo7kUZL._SL500_.jpg" alt="Product Image"></a><p>UPINS 120 Pack Double Sided Foam Tape Square Self-Adhesive Foam Tape Black Strong Tape Pads for DIY Art Crafts Supplies</p><p>$9.99 ($0.08 / Count)</p><a href="https://www.amazon.com/dp/B07JLTGQHX?tag=eloabder-20&linkCode=osi&th=1&psc=1">View Product</a></div><div class="product"><a href="https://www.amazon.com/dp/B005FM6XF4?tag=eloabder-20&linkCode=osi&th=1&psc=1"><img src="https://m.media-amazon.com/images/I/51-vp1WJ89L._SL500_.jpg" alt="Product Image"></a><p>AdTech 5603 Permanent Crafter's Tape, 0.31" x 315", Pack of 4</p><p>$7.84 ($0.07 / Foot)</p><a href="https://www.amazon.com/dp/B005FM6XF4?tag=eloabder-20&linkCode=osi&th=1&psc=1">View Product</a></div><div class="product"><a href="https://www.amazon.com/dp/B0CJF1FLFJ?tag=eloabder-20&linkCode=osi&th=1&psc=1"><img src="https://m.media-amazon.com/images/I/51dig1RqzdL._SL500_.jpg" alt="Product Image"></a><p>UPINS 150Pack Double Sided Foam Tape Strong Sticky Double Sided Foam Pads for Crafts Self-Adhesive Mounting Foam Tape Heavy Duty for Home Wall Decor 40 * 40 * 2mm</p><p>$8.99 ($0.06 / Count)</p><a href="https://www.amazon.com/dp/B0CJF1FLFJ?tag=eloabder-20&linkCode=osi&th=1&psc=1">View Product</a></div><div class="product"><a href="https://www.amazon.com/dp/B0D4YWRGCL?tag=eloabder-20&linkCode=osi&th=1&psc=1"><img src="https://m.media-amazon.com/images/I/41EqJ553-KL._SL500_.jpg" alt="Product Image"></a><p>Amanbo Glue Tape for Scrapbooking, 6 Pack Scrapbook Tape, Double Sided Tape Roller for Crafts, Total 120 Ft x 0.24 in Tape Runner, Craft Supplies for Scrapbooking, Gift Wrapping and Photo Tape</p><p>$6.99</p><a href="https://www.amazon.com/dp/B0D4YWRGCL?tag=eloabder-20&linkCode=osi&th=1&psc=1">View Product</a></div>
<div class="product"><a href="https://www.amazon.com/dp/B0CC5HPPTN?tag=eloabder-20&linkCode=osi&th=1&psc=1"><img src="https://m.media-amazon.com/images/I/519M81S201L._SL500_.jpg" alt="Product Image"></a><p>Airbrush Paint - 30 Colors with 3 Thinner, Ready to Spray Airbrush Paint Set, Water-Based Acrylic Air brush Paints for Metal, Plastic Models, Canvas, Wood, 20ml/Bottle</p><p>$32.99 ($1.48 / Fl Oz)</p><a href="https://www.amazon.com/dp/B0CC5HPPTN?tag=eloabder-20&linkCode=osi&th=1&psc=1">View Product</a></div>
<div class="product"><a href="https://www.amazon.com/dp/B0CXPSGK36?tag=eloabder-20&linkCode=osi&th=1&psc=1"><img src="https://m.media-amazon.com/images/I/51dd2dYOtrL._SL500_.jpg" alt="Product Image"></a><p>Letter Stickers 30 Sheets 1500 PCS Large Alphabet Sticker 2 Inch Vinyl Self Adhesive Stick on Stickers for Water Bottles Cup Mailbox Number Address Craft Scrapbooking Bulletin Board Decor Multicolor</p><p>$9.99</p><a href="https://www.amazon.com/dp/B0CXPSGK36?tag=eloabder-20&linkCode=osi&th=1&psc=1">View Product</a></div><div class="product"><a href="https://www.amazon.com/dp/B07NNYFMGY?tag=eloabder-20&linkCode=osi&th=1&psc=1"><img src="https://m.media-amazon.com/images/I/51yDnU+gEXL._SL500_.jpg" alt="Product Image"></a><p>20 Sheets Alphabet Letter Stickers 10 Colors Self Adhesive Sticker Colorful PU Material Convex Feeling (Colored Letter Stickers 1)</p><p>$6.99 ($0.35 / Count)</p><a href="https://www.amazon.com/dp/B07NNYFMGY?tag=eloabder-20&linkCode=osi&th=1&psc=1">View Product</a></div>

<div class="product"><a href="https://www.amazon.com/dp/B01DDN8854?tag=eloabder-20&linkCode=osi&th=1&psc=1"><img src="https://m.media-amazon.com/images/I/61dPubDZBSL._SL500_.jpg" alt="Product Image"></a><p>Hugs 'n Kisses HNKHABY13 Applique Paper (20 Pack)</p><p>$19.72 ($0.99 / Count)</p><a href="https://www.amazon.com/dp/B01DDN8854?tag=eloabder-20&linkCode=osi&th=1&psc=1">View Product</a></div>
<div class="product"><a href="https://www.amazon.com/dp/B09KPNFJW1?tag=eloabder-20&linkCode=osi&th=1&psc=1"><img src="https://m.media-amazon.com/images/I/41abn5fELmL._SL500_.jpg" alt="Product Image"></a><p>UniPleased Disposable Aprons (50 Count), Plastic apron for Painting Party, Cooking, Housework, Picnic etc.</p><p>$5.69</p><a href="https://www.amazon.com/dp/B09KPNFJW1?tag=eloabder-20&linkCode=osi&th=1&psc=1">View Product</a></div>
<div class="product"><a href="https://www.amazon.com/dp/B087M21MM2?tag=eloabder-20&linkCode=osi&th=1&psc=1"><img src="https://m.media-amazon.com/images/I/41Xf-jehhLL._SL500_.jpg" alt="Product Image"></a><p>GOTIDEAL Stretched Canvas, Multi Pack 4x4, 5x7, 8x10,9x12, 11x14 Set of 10, Primed White - 100% Cotton Artist Canvas Boards for Painting, Acrylic Pouring, Oil Paint Dry & Wet Art Media</p><p>$24.99</p><a href="https://www.amazon.com/dp/B087M21MM2?tag=eloabder-20&linkCode=osi&th=1&psc=1">View Product</a></div><div class="product"><a href="https://www.amazon.com/dp/B00OQJYISG?tag=eloabder-20&linkCode=osi&th=1&psc=1"><img src="https://m.media-amazon.com/images/I/31fEDLPkkcL._SL500_.jpg" alt="Product Image"></a><p>6 Count 12” x 16” Super Value Canvas by Artist's Loft Necessities - Acid Free Cotton Canvas for Paint, Acrylic, & Oils - 1 Pack</p><p>$19.99</p><a href="https://www.amazon.com/dp/B00OQJYISG?tag=eloabder-20&linkCode=osi&th=1&psc=1">View Product</a></div><div class="product"><a href="https://www.amazon.com/dp/B09CDKB9HY?tag=eloabder-20&linkCode=osi&th=1&psc=1"><img src="https://m.media-amazon.com/images/I/51+p5xnClGL._SL500_.jpg" alt="Product Image"></a><p>DPDIAN Canvas Boards for Painting 40 Pack, 8 inch x 10 inch Super Value Pack, Artist Canvas Panels for Oil & Acrylic Painting</p><p>$29.99</p><a href="https://www.amazon.com/dp/B09CDKB9HY?tag=eloabder-20&linkCode=osi&th=1&psc=1">View Product</a></div><div class="product"><a href="https://www.amazon.com/dp/B0CFBGP29G?tag=eloabder-20&linkCode=osi&th=1&psc=1"><img src="https://m.media-amazon.com/images/I/3147Az5plbL._SL500_.jpg" alt="Product Image"></a><p>ArtSkills Stretched Canvases for Painting, 12x16 Canvas Painting Supplies for Artists, Blank Canvas Pack, 2-Pack</p><p>$16.99</p><a href="https://www.amazon.com/dp/B0CFBGP29G?tag=eloabder-20&linkCode=osi&th=1&psc=1">View Product</a></div><div class="product"><a href="https://www.amazon.com/dp/B07BNGQ1SS?tag=eloabder-20&linkCode=osi&th=1&psc=1"><img src="https://m.media-amazon.com/images/I/410ZVtygUwS._SL500_.jpg" alt="Product Image"></a><p>PHOENIX Stretched Canvas for Painting 8x10 Inch/10 Value Pack, 8 Oz Triple Primed 5/8 Inch Profile 100% Cotton White Blank Canvas, Artist Framed Canvas for Oil Acrylic & Pouring Art</p><p>$22.99</p><a href="https://www.amazon.com/dp/B07BNGQ1SS?tag=eloabder-20&linkCode=osi&th=1&psc=1">View Product</a></div><div class="product"><a href="https://www.amazon.com/dp/B0922JP1H4?tag=eloabder-20&linkCode=osi&th=1&psc=1"><img src="https://m.media-amazon.com/images/I/41BmiEND1KL._SL500_.jpg" alt="Product Image"></a><p>GOTIDEAL Canvases for Painting, 18 Pack Canvas Boards Multipack 4x4, 5x7, 8x10, 9x12,11x14,Primed White Blank Artist Canvas Variety Pack for Acrylic Paint, Oil Paint, Watercolor, Gouache</p><p>$19.99</p><a href="https://www.amazon.com/dp/B0922JP1H4?tag=eloabder-20&linkCode=osi&th=1&psc=1">View Product</a></div>


<div class="product"><a href="https://www.amazon.com/dp/B0872VFHBH?tag=eloabder-20&linkCode=osi&th=1&psc=1"><img src="https://m.media-amazon.com/images/I/51k3bekQheS._SL500_.jpg" alt="Product Image"></a><p>Bachmore Drawing Pad 9X12 Inch (110lb/180g), 60 Sheets, Top Spiral Bound Multi-Media for Artist Pro & Amateurs | Acrylic Art, Ink, Paint, Oil Pastels,Watercolor Mixed Media Sketch</p><p>$11.99</p><a href="https://www.amazon.com/dp/B0872VFHBH?tag=eloabder-20&linkCode=osi&th=1&psc=1">View Product</a></div><div class="product"><a href="https://www.amazon.com/dp/B0027A75A4?tag=eloabder-20&linkCode=osi&th=1&psc=1"><img src="https://m.media-amazon.com/images/I/51dyOxxcgYL._SL500_.jpg" alt="Product Image"></a><p>Strathmore 200 Series Sketch Pad, 9x12 inch, 100 Sheets, Tape Bound - Artist Sketchbook for Drawing, Illustration, Art Class Students</p><p>$6.99 ($0.07 / Count)</p><a href="https://www.amazon.com/dp/B0027A75A4?tag=eloabder-20&linkCode=osi&th=1&psc=1">View Product</a></div><div class="product"><a href="https://www.amazon.com/dp/B0BV13YQKX?tag=eloabder-20&linkCode=osi&th=1&psc=1"><img src="https://m.media-amazon.com/images/I/41VYfMpvXUL._SL500_.jpg" alt="Product Image"></a><p>Canson Graduate Watercolor Pad, Foldover, 9x12 inch, 20 Sheets | Artist Paper for Adults and Students - Painting, Gouache, Mixed Media and Ink</p><p>$4.97 ($0.41 / Count)</p><a href="https://www.amazon.com/dp/B0BV13YQKX?tag=eloabder-20&linkCode=osi&th=1&psc=1">View Product</a></div><div class="product"><a href="https://www.amazon.com/dp/B0024KMQ6K?tag=eloabder-20&linkCode=osi&th=1&psc=1"><img src="https://m.media-amazon.com/images/I/51sYdvPPUCL._SL500_.jpg" alt="Product Image"></a><p>Strathmore 400 Series Pastel Pad, Assorted Colors, 9"x12" Glue Bound, 24 Sheets</p><p>$9.11</p><a href="https://www.amazon.com/dp/B0024KMQ6K?tag=eloabder-20&linkCode=osi&th=1&psc=1">View Product</a></div><div class="product"><a href="https://www.amazon.com/dp/B00246O6PI?tag=eloabder-20&linkCode=osi&th=1&psc=1"><img src="https://m.media-amazon.com/images/I/517TUmckOIL._SL500_.jpg" alt="Product Image"></a><p>Strathmore 300 Series Drawing Paper Pad, Top Wire Bound, 11x14 inches, 50 Sheets (70lb/114g) - Artist Paper for Adults and Students - Charcoal, Colored Pencil, Ink, Pastel, Marker</p><p>$13.33</p><a href="https://www.amazon.com/dp/B00246O6PI?tag=eloabder-20&linkCode=osi&th=1&psc=1">View Product</a></div>
<div class="product"><a href="https://www.amazon.com/dp/B08ZMH7LJY?tag=eloabder-20&linkCode=osi&th=1&psc=1"><img src="https://m.media-amazon.com/images/I/51mJIsLJA-S._SL500_.jpg" alt="Product Image"></a><p>PANDAFLY Professional Drawing Sketching Pencil Set - 12 Pieces Graphite Pencils(14B - 2H), Ideal for Drawing Art, Sketching, Shading, Artist Pencils for Beginners & Pro Artists</p><p>$5.11</p><a href="https://www.amazon.com/dp/B08ZMH7LJY?tag=eloabder-20&linkCode=osi&th=1&psc=1">View Product</a></div><div class="product"><a href="https://www.amazon.com/dp/B088K1G5NL?tag=eloabder-20&linkCode=osi&th=1&psc=1"><img src="https://m.media-amazon.com/images/I/51F2bOMZWnL._SL500_.jpg" alt="Product Image"></a><p>MARKART Professional Drawing Sketching Pencil Set - 14 Pieces,Graphite,(12B - 4H), Ideal for Drawing Art, Sketching, Shading, Artist Pencils for Beginners & Pro Artists</p><p>$5.24</p><a href="https://www.amazon.com/dp/B088K1G5NL?tag=eloabder-20&linkCode=osi&th=1&psc=1">View Product</a></div><div class="product"><a href="https://www.amazon.com/dp/B08FHMRW4L?tag=eloabder-20&linkCode=osi&th=1&psc=1"><img src="https://m.media-amazon.com/images/I/51Pmn5gjyzL._SL500_.jpg" alt="Product Image"></a><p>Mr. Pen- Sketch Pencils for Drawing, 14 Pack, Drawing Pencils, Art Pencils, Graphite Pencils, Graphite Pencils for Drawing, Art Pencils for Drawing and Shading</p><p>$5.95</p><a href="https://www.amazon.com/dp/B08FHMRW4L?tag=eloabder-20&linkCode=osi&th=1&psc=1">View Product</a></div><div class="product"><a href="https://www.amazon.com/dp/B0BNQ58DC4?tag=eloabder-20&linkCode=osi&th=1&psc=1"><img src="https://m.media-amazon.com/images/I/51e-gQtCcCL._SL500_.jpg" alt="Product Image"></a><p>MARTCOLOR Drawing Sketching Pencils Set, 12 Pack Graphite Pencils(14B - 2H), Ideal for Drawing Art, Sketching, Shading, Artist Pencils for Beginners & Pro Artists</p><p>$5.99</p><a href="https://www.amazon.com/dp/B0BNQ58DC4?tag=eloabder-20&linkCode=osi&th=1&psc=1">View Product</a></div>

<div class="product"><a href="https://www.amazon.com/dp/B0851M3749?tag=eloabder-20&linkCode=osi&th=1&psc=1"><img src="https://m.media-amazon.com/images/I/41KKSGSDl5L._SL500_.jpg" alt="Product Image"></a><p>N NOROCME 12 PCS Blending Stumps and Tortillions Paper Art Blenders with Sandpaper Pencil Sharpener Pointer for Student Artist Charcoal Sketch Drawing Tools</p><p>$4.99</p><a href="https://www.amazon.com/dp/B0851M3749?tag=eloabder-20&linkCode=osi&th=1&psc=1">View Product</a></div><div class="product"><a href="https://www.amazon.com/dp/B09J3HKN8F?tag=eloabder-20&linkCode=osi&th=1&psc=1"><img src="https://m.media-amazon.com/images/I/51Qvx81eQLL._SL500_.jpg" alt="Product Image"></a><p>Eraser Pencils Set for Artists, Wooden Sketch Eraser Pen for Charcoal Drawings, Professional Highlight Painting Eraser for Sketching, Revise Erasing Details for Students Limner</p><p>$6.99</p><a href="https://www.amazon.com/dp/B09J3HKN8F?tag=eloabder-20&linkCode=osi&th=1&psc=1">View Product</a></div>
<div class="product"><a href="https://www.amazon.com/dp/B09WCQ89T8?tag=eloabder-20&linkCode=osi&th=1&psc=1"><img src="https://m.media-amazon.com/images/I/41gZz0qgBFL._SL500_.jpg" alt="Product Image"></a><p>Bernat BABY BLANKET BB Blue Dreams Yarn - 1 Pack of 10.5oz/300g - Polyester - #6 Super Bulky - 220 Yards - Knitting/Crochet</p><p>$6.97</p><a href="https://www.amazon.com/dp/B09WCQ89T8?tag=eloabder-20&linkCode=osi&th=1&psc=1">View Product</a></div><div class="product"><a href="https://www.amazon.com/dp/B07V5JVNFD?tag=eloabder-20&linkCode=osi&th=1&psc=1"><img src="https://m.media-amazon.com/images/I/41IS+HdtiOL._SL500_.jpg" alt="Product Image"></a><p>Lion Brand Yarn Basic Stitch Anti-Pilling Knitting Yarn, Yarn for Crocheting, 1-Pack, Baby Blue</p><p>$8.40 ($0.02 / Foot)</p><a href="https://www.amazon.com/dp/B07V5JVNFD?tag=eloabder-20&linkCode=osi&th=1&psc=1">View Product</a></div><div class="product"><a href="https://www.amazon.com/dp/B01M0AJID2?tag=eloabder-20&linkCode=osi&th=1&psc=1"><img src="https://m.media-amazon.com/images/I/41yVau0AUpL._SL500_.jpg" alt="Product Image"></a><p>Lion Brand Yarn (1 Skein) Lion Brand Yarn Babysoft Baby Yarn Yarn, Little Boy Blue Multicolor</p><p>$7.19 ($0.01 / Foot)</p><a href="https://www.amazon.com/dp/B01M0AJID2?tag=eloabder-20&linkCode=osi&th=1&psc=1">View Product</a></div><div class="product"><a href="https://www.amazon.com/dp/B09W1KHF42?tag=eloabder-20&linkCode=osi&th=1&psc=1"><img src="https://m.media-amazon.com/images/I/41maDlrio5L._SL500_.jpg" alt="Product Image"></a><p>Red Heart Super Saver Light Blue Yarn - 3 Pack of 198g/7oz - Acrylic - 4 Medium (Worsted) - 364 Yards - Knitting/Crochet</p><p>$13.29 ($4.43 / Count)</p><a href="https://www.amazon.com/dp/B09W1KHF42?tag=eloabder-20&linkCode=osi&th=1&psc=1">View Product</a></div><div class="product"><a href="https://www.amazon.com/dp/B08LKVZ3CX?tag=eloabder-20&linkCode=osi&th=1&psc=1"><img src="https://m.media-amazon.com/images/I/41GLizNx8UL._SL500_.jpg" alt="Product Image"></a><p>Bernat Baby Blanket Baby Blue Yarn - 3 Pack of 100g/3.5oz - Polyester - 6 Super Bulky - 72 Yards - Knitting/Crochet</p><p>$21.81</p><a href="https://www.amazon.com/dp/B08LKVZ3CX?tag=eloabder-20&linkCode=osi&th=1&psc=1">View Product</a></div><div class="product"><a href="https://www.amazon.com/dp/B0CHJ95WHJ?tag=eloabder-20&linkCode=osi&th=1&psc=1"><img src="https://m.media-amazon.com/images/I/314E1EQdihL._SL500_.jpg" alt="Product Image"></a><p>NORCIA Soft Velvet Yarn Chenille Yarn for Crocheting Baby Blanket Yarn for Knitting Amigurumi Yarn Fancy Yarn for Crochet Weaving Craft (Baby Blue, 1 Skein)</p><p>$9.99</p><a href="https://www.amazon.com/dp/B0CHJ95WHJ?tag=eloabder-20&linkCode=osi&th=1&psc=1">View Product</a></div>
<div class="product"><a href="https://www.amazon.com/dp/B0779F2TXJ?tag=eloabder-20&linkCode=osi&th=1&psc=1"><img src="https://m.media-amazon.com/images/I/31kqZr8DJzL._SL500_.jpg" alt="Product Image"></a><p>OPENDGO Feather Ballpoint Pen ，Black Ink Vintage Feather Quill Refined Plated Rod Quill Ballpoint Pen For School Writing ▏Wedding Gift Signature Pen (Black)</p><p>$6.97</p><a href="https://www.amazon.com/dp/B0779F2TXJ?tag=eloabder-20&linkCode=osi&th=1&psc=1">View Product</a></div><div class="product"><a href="https://www.amazon.com/dp/B0CQF3BJ3S?tag=eloabder-20&linkCode=osi&th=1&psc=1"><img src="https://m.media-amazon.com/images/I/41gs6AOiP6L._SL500_.jpg" alt="Product Image"></a><p>3 in 1 Retractable Ballpoint Pen with Light and Stylus, Nice Pens for Journaling Writing in The Dark - White/Red Light Tip- 0.7mm Black Ink</p><p>$12.99</p><a href="https://www.amazon.com/dp/B0CQF3BJ3S?tag=eloabder-20&linkCode=osi&th=1&psc=1">View Product</a></div><div class="product"><a href="https://www.amazon.com/dp/B08BBZ3B8G?tag=eloabder-20&linkCode=osi&th=1&psc=1"><img src="https://m.media-amazon.com/images/I/41cMHyw60wL._SL500_.jpg" alt="Product Image"></a><p>Mr. Pen- Pens, Black Pens, 12 Pack, Fast Dry, No Smear Pens, Bible Pens, Pens for Journaling, Pens No Bleed Through, Pens Fine Point, Journal Pens, Fine Tip, Planner Pens, Ball Point Journal Pens</p><p>$9.99</p><a href="https://www.amazon.com/dp/B08BBZ3B8G?tag=eloabder-20&linkCode=osi&th=1&psc=1">View Product</a></div><div class="product"><a href="https://www.amazon.com/dp/B0D4YWWGX6?tag=eloabder-20&linkCode=osi&th=1&psc=1"><img src="https://m.media-amazon.com/images/I/31xHBCCzJqL._SL500_.jpg" alt="Product Image"></a><p>PATIKIL 21cm/8" Feather Ballpoint Pen, 1Pcs Ink Vintage Quill Pen Refined Plated Dip Pen for Calligraphy Writing Signature Wedding Gift, Yellow</p><p>$7.49</p><a href="https://www.amazon.com/dp/B0D4YWWGX6?tag=eloabder-20&linkCode=osi&th=1&psc=1">View Product</a></div>

<div class="product"><a href="https://www.amazon.com/dp/B001TLDEVQ?tag=eloabder-20&linkCode=osi&th=1&psc=1"><img src="https://m.media-amazon.com/images/I/41jYF39F6lL._SL500_.jpg" alt="Product Image"></a><p>Beadalon SuppleMax Illusion Beading Cord, 0.40 mm / 0.016 in, Clear Monofilament, 50 m / 164 ft</p><p>$4.74</p><a href="https://www.amazon.com/dp/B001TLDEVQ?tag=eloabder-20&linkCode=osi&th=1&psc=1">View Product</a></div><div class="product"><a href="https://www.amazon.com/dp/B0D2HVFZ7Q?tag=eloabder-20&linkCode=osi&th=1&psc=1"><img src="https://m.media-amazon.com/images/I/41R66LMYz7L._SL500_.jpg" alt="Product Image"></a><p>Zxiixz 116Yards 0.5mm Bracelet String, Waxed String Cord for Bracelet Making, Beading Thread for Bracelet Beads, Friendship Bracelet String for Bracelet Making, Waxed Polyester Cord for Jewelry Making</p><p>$6.99</p><a href="https://www.amazon.com/dp/B0D2HVFZ7Q?tag=eloabder-20&linkCode=osi&th=1&psc=1">View Product</a></div><div class="product"><a href="https://www.amazon.com/dp/B07BNF8KH5?tag=eloabder-20&linkCode=osi&th=1&psc=1"><img src="https://m.media-amazon.com/images/I/51jVByheyVL._SL500_.jpg" alt="Product Image"></a><p>PH PandaHall 100 Yards 1mm Waxed Cotton Cord Thread Beading String for Bracelet Necklace Making Crafting Beading Macrame Vase Decor, Burlywood</p><p>$7.19 ($0.02 / Foot)</p><a href="https://www.amazon.com/dp/B07BNF8KH5?tag=eloabder-20&linkCode=osi&th=1&psc=1">View Product</a></div><div class="product"><a href="https://www.amazon.com/dp/B07HBPGXJG?tag=eloabder-20&linkCode=osi&th=1&psc=1"><img src="https://m.media-amazon.com/images/I/41xi8gO6kDL._SL500_.jpg" alt="Product Image"></a><p>Paxcoo 0.8mm Elastic String, Stretchy Bracelet String Crystal String Bead Cord for Bracelet, Beading and Jewelry Making (120m)</p><p>$6.99 ($0.02 / Foot)</p><a href="https://www.amazon.com/dp/B07HBPGXJG?tag=eloabder-20&linkCode=osi&th=1&psc=1">View Product</a></div><div class="product"><a href="https://www.amazon.com/dp/B0CNPST7D9?tag=eloabder-20&linkCode=osi&th=1&psc=1"><img src="https://m.media-amazon.com/images/I/41A9VISFC4L._SL500_.jpg" alt="Product Image"></a><p>Kblick Black Nylon String Cord - 1MM 100 Yards Black Twine, Bracelet String for Bracelet Making, Braided Ornament Lanyard Sting, Jewelry Thread Clay Bead String for Crafts, Macrame Satin Cord</p><p>$5.99 ($0.02 / Foot)</p><a href="https://www.amazon.com/dp/B0CNPST7D9?tag=eloabder-20&linkCode=osi&th=1&psc=1">View Product</a></div><div class="product"><a href="https://www.amazon.com/dp/B08GC3JF9X?tag=eloabder-20&linkCode=osi&th=1&psc=1"><img src="https://m.media-amazon.com/images/I/41FQZYhvQpL._SL500_.jpg" alt="Product Image"></a><p>Cheriswelry 100M 0.8mm Nylon Beading Cord Black Chinese Knotting Rattail Macrame Thread String Roll for Jewelry Making Kumihimo Wrapping Supplies DIY Crafts</p><p>$6.99 ($0.02 / Fl Oz)</p><a href="https://www.amazon.com/dp/B08GC3JF9X?tag=eloabder-20&linkCode=osi&th=1&psc=1">View Product</a></div><div class="product"><a href="https://www.amazon.com/dp/B0B3V9RWQC?tag=eloabder-20&linkCode=osi&th=1&psc=1"><img src="https://m.media-amazon.com/images/I/41F-OP+yCxL._SL500_.jpg" alt="Product Image"></a><p>Griffin Silk Bead Cord Perlseide – Black Color – Size 3 (0.50mm) – 2 Meters per Card – Stainless Steel Needle Attached – for Knotting Pearls, Gemstones, Crystals and Beads</p><p>$4.99 ($0.76 / Foot)</p><a href="https://www.amazon.com/dp/B0B3V9RWQC?tag=eloabder-20&linkCode=osi&th=1&psc=1">View Product</a></div><div class="product"><a href="https://www.amazon.com/dp/B08F49YVQP?tag=eloabder-20&linkCode=osi&th=1&psc=1"><img src="https://m.media-amazon.com/images/I/41yCMIpj0rS._SL500_.jpg" alt="Product Image"></a><p>1mm Stretchy Bracelet String, Sturdy Rainbow Elastic String Elastic Cord for Jewelry Making, Necklaces, Beading and Crafts</p><p>$6.99 ($0.04 / Foot)</p><a href="https://www.amazon.com/dp/B08F49YVQP?tag=eloabder-20&linkCode=osi&th=1&psc=1">View Product</a></div>

<div class="product"><a href="https://www.amazon.com/dp/B001GMUBJ6?tag=eloabder-20&linkCode=osi&th=1&psc=1"><img src="https://m.media-amazon.com/images/I/41V5qzn3H5L._SL500_.jpg" alt="Product Image"></a><p>The Beadsmith Fireline by Berkley – Micro-Fused Braided Thread – 6lb. Test, 006”/.15mm Diameter, 50 Yard Spool, Crystal Color – Super Strong Stringing Material for Jewelry Making and Bead Weaving</p><p>$12.59</p><a href="https://www.amazon.com/dp/B001GMUBJ6?tag=eloabder-20&linkCode=osi&th=1&psc=1">View Product</a></div><div class="product"><a href="https://www.amazon.com/dp/B001UAKK0Y?tag=eloabder-20&linkCode=osi&th=1&psc=1"><img src="https://m.media-amazon.com/images/I/41rY1D0wfuL._SL500_.jpg" alt="Product Image"></a><p>Beadalon Wildfire, 0.006 in, 0.15 mm, Break Strength 10 lb / 4.5 kg, Frost, 50 yd / 45 m</p><p>$8.85 ($0.06 / Foot)</p><a href="https://www.amazon.com/dp/B001UAKK0Y?tag=eloabder-20&linkCode=osi&th=1&psc=1">View Product</a></div><div class="product"><a href="https://www.amazon.com/dp/B095WY58F4?tag=eloabder-20&linkCode=osi&th=1&psc=1"><img src="https://m.media-amazon.com/images/I/41mXRfJqcjL._SL500_.jpg" alt="Product Image"></a><p>PH PandaHall 0.1mm Nylon Seed Bead Thread 100 Yards Black White Bracelet Cord Beading Thread Invisible Sewing Thread Nylon Braided Thread String for Leather Stitching Beading Jewelry Bracelets Making</p><p>$9.99 ($0.03 / Foot)</p><a href="https://www.amazon.com/dp/B095WY58F4?tag=eloabder-20&linkCode=osi&th=1&psc=1">View Product</a></div><div class="product"><a href="https://www.amazon.com/dp/B08RN2R2SZ?tag=eloabder-20&linkCode=osi&th=1&psc=1"><img src="https://m.media-amazon.com/images/I/41Tg2MMC++L._SL500_.jpg" alt="Product Image"></a><p>KO Nylon Beading Thread, White Color, Japanese Pre-Waxed 100% Nylon, 330TEX, Tangle Resistant Knotting Cords, 50m /55 yds Spool, Use for Seed Bead Projects, Loom Work & Bead Weaving</p><p>$7.06 ($0.04 / Foot)</p><a href="https://www.amazon.com/dp/B08RN2R2SZ?tag=eloabder-20&linkCode=osi&th=1&psc=1">View Product</a></div><div class="product"><a href="https://www.amazon.com/dp/B09J89ST79?tag=eloabder-20&linkCode=osi&th=1&psc=1"><img src="https://m.media-amazon.com/images/I/41hLuuOZeXL._SL500_.jpg" alt="Product Image"></a><p>2 Roll Polyester Thread, Heavy Duty Thread, 1500Yard/Reel 210D/3 nylon thread for sewing, Sewing Thread for Upholstery, Outdoor Market, Drapery, Leather, Beading, Crafts</p><p>$7.99 ($0.00 / Foot)</p><a href="https://www.amazon.com/dp/B09J89ST79?tag=eloabder-20&linkCode=osi&th=1&psc=1">View Product</a></div><div class="product"><a href="https://www.amazon.com/dp/B0C6MSY7QQ?tag=eloabder-20&linkCode=osi&th=1&psc=1"><img src="https://m.media-amazon.com/images/I/31Bn-MyA62L._SL500_.jpg" alt="Product Image"></a><p>PH PandaHall 0.1mm Nylon String 100 Yards Beading Thread White Nylon Seed Bead Thread Bracelet Beading Thread Sewing String for Leather Stitching Beading Jewelry Bracelets Making</p><p>$7.99 ($0.03 / Foot)</p><a href="https://www.amazon.com/dp/B0C6MSY7QQ?tag=eloabder-20&linkCode=osi&th=1&psc=1">View Product</a></div>

<div class="product"><a href="https://www.amazon.com/dp/B07NMNDT1W?tag=eloabder-20&linkCode=osi&th=1&psc=1"><img src="https://m.media-amazon.com/images/I/41-zwQIcVcL._SL500_.jpg" alt="Product Image"></a><p>Howemon White Beeswax Pellets 2LB 100% Pure and Natural Triple Filtered for Skin, Face, Body and Hair Care DIY Creams, Lotions, Lip Balm and Soap Making Supplies</p><p>$13.99 ($0.44 / Fl Oz)</p><a href="https://www.amazon.com/dp/B07NMNDT1W?tag=eloabder-20&linkCode=osi&th=1&psc=1">View Product</a></div><div class="product"><a href="https://www.amazon.com/dp/B00B3U0FW4?tag=eloabder-20&linkCode=osi&th=1&psc=1"><img src="https://m.media-amazon.com/images/I/51rWFCST+TL._SL500_.jpg" alt="Product Image"></a><p>Beesworks Yellow Beeswax Pellets (1 lb) | 100% Pure, Cosmetic Grade, Triple-Filtered Beeswax for DIY Skin care, Lip Balm, Lotion, and Candle Making</p><p>$13.99 ($0.87 / Ounce)</p><a href="https://www.amazon.com/dp/B00B3U0FW4?tag=eloabder-20&linkCode=osi&th=1&psc=1">View Product</a></div><div class="product"><a href="https://www.amazon.com/dp/B01LWX2IO1?tag=eloabder-20&linkCode=osi&th=1&psc=1"><img src="https://m.media-amazon.com/images/I/41MlNqhDyCL._SL500_.jpg" alt="Product Image"></a><p>Beesworks Yellow Beeswax Bars (6 oz) | 100% Pure, Cosmetic Grade, Triple-Filtered Beeswax for DIY Skin Care, Lip Balm, Lotion and Candle Making (1 oz Bars - Pack of 6)</p><p>$6.99</p><a href="https://www.amazon.com/dp/B01LWX2IO1?tag=eloabder-20&linkCode=osi&th=1&psc=1">View Product</a></div><div class="product"><a href="https://www.amazon.com/dp/B0BV77F19N?tag=eloabder-20&linkCode=osi&th=1&psc=1"><img src="https://m.media-amazon.com/images/I/41xzHaO1-EL._SL500_.jpg" alt="Product Image"></a><p>Beeswax Pellets 10LB Cosmetic Beeswax Triple Filtered Beeswax Pastilles for Candle Making Great for DIY Projects Creams Lotions Lip Balm and Soap Making Supplies(10LB)</p><p>$32.99</p><a href="https://www.amazon.com/dp/B0BV77F19N?tag=eloabder-20&linkCode=osi&th=1&psc=1">View Product</a></div><div class="product"><a href="https://www.amazon.com/dp/B0C9QSG3CY?tag=eloabder-20&linkCode=osi&th=1&psc=1"><img src="https://m.media-amazon.com/images/I/414XQcU6SRL._SL500_.jpg" alt="Product Image"></a><p>YASNAY White Beeswax Pellets 2LB, 100% Organic Beeswax, Beeswax for Candle Making, Body, Skin Care DIY, Lip Balm and Soap Making Supplies</p><p>$11.99</p><a href="https://www.amazon.com/dp/B0C9QSG3CY?tag=eloabder-20&linkCode=osi&th=1&psc=1">View Product</a></div><div class="product"><a href="https://www.amazon.com/dp/B097HTC4WN?tag=eloabder-20&linkCode=osi&th=1&psc=1"><img src="https://m.media-amazon.com/images/I/51pwMM7C6-L._SL500_.jpg" alt="Product Image"></a><p>Eco Lux 8 Yellow Beeswax Blocks 100% Pure Natural Organic Bees Wax 6.5oz</p><p>$8.49 ($1.35 / Ounce)</p><a href="https://www.amazon.com/dp/B097HTC4WN?tag=eloabder-20&linkCode=osi&th=1&psc=1">View Product</a></div><div class="product"><a href="https://www.amazon.com/dp/B00HDHQQCE?tag=eloabder-20&linkCode=osi&th=1&psc=1"><img src="https://m.media-amazon.com/images/I/41vF-7MwNhL._SL500_.jpg" alt="Product Image"></a><p>Murray's 100% Pure Beeswax 4 oz</p><p>$5.98 ($1.50 / Ounce)</p><a href="https://www.amazon.com/dp/B00HDHQQCE?tag=eloabder-20&linkCode=osi&th=1&psc=1">View Product</a></div><div class="product"><a href="https://www.amazon.com/dp/B09YM8JTLM?tag=eloabder-20&linkCode=osi&th=1&psc=1"><img src="https://m.media-amazon.com/images/I/41cjNuBnFEL._SL500_.jpg" alt="Product Image"></a><p>TRINIDa Beeswax Pellets 2LB(32 oz), 100% Organic Yellow Bees Wax for DIY Candles, Beeswax for Candle Making, Skin, Body, Face, and Hair Care, Lotions, DIY Creams, Lip Balm and Soap Making Supplies</p><p>$11.99</p><a href="https://www.amazon.com/dp/B09YM8JTLM?tag=eloabder-20&linkCode=osi&th=1&psc=1">View Product</a></div><div class="product"><a href="https://www.amazon.com/dp/B00F3CNMV4?tag=eloabder-20&linkCode=osi&th=1&psc=1"><img src="https://m.media-amazon.com/images/I/31pjrRAEa4L._SL500_.jpg" alt="Product Image"></a><p>Stakich Yellow Beeswax Block - Natural, Triple Filtered - 1 Pound, Honey Scent</p><p>$13.95 ($0.87 / Ounce)</p><a href="https://www.amazon.com/dp/B00F3CNMV4?tag=eloabder-20&linkCode=osi&th=1&psc=1">View Product</a></div><div class="product"><a href="https://www.amazon.com/dp/B0BXFZBZS9?tag=eloabder-20&linkCode=osi&th=1&psc=1"><img src="https://m.media-amazon.com/images/I/4178i9IB9KL._SL500_.jpg" alt="Product Image"></a><p>5LB Beeswax Pellets Beeswax for Candle Making Organic Beeswax Pellets for Skin Beeswax Beads Beeswax Bulk Beeswax for Lotion Making Organic for DIY and Craft Project</p><p>$22.99</p><a href="https://www.amazon.com/dp/B0BXFZBZS9?tag=eloabder-20&linkCode=osi&th=1&psc=1">View Product</a></div>
<div class="product"><a href="https://www.amazon.com/dp/B0052F1BVK?tag=eloabder-20&linkCode=osi&th=1&psc=1"><img src="https://m.media-amazon.com/images/I/41zE9eiGoLL._SL500_.jpg" alt="Product Image"></a><p>ACC Staples Large Binder Clips, 2" Width, 1" Capacity, Black, 12/Pk</p><p>$6.30</p><a href="https://www.amazon.com/dp/B0052F1BVK?tag=eloabder-20&linkCode=osi&th=1&psc=1">View Product</a></div><div class="product"><a href="https://www.amazon.com/dp/B07MLFR771?tag=eloabder-20&linkCode=osi&th=1&psc=1"><img src="https://m.media-amazon.com/images/I/51N2wxA7N0L._SL500_.jpg" alt="Product Image"></a><p>CooBigo 50 Pack Binder Ring, Metal Book Ring Paper Ring Holder 5/8-Inch Loose Leaf Binder Ring Clip for Index Card, Flash Card Ring, Card Calendar, Keychain Key Ring - Bronze</p><p>$6.99</p><a href="https://www.amazon.com/dp/B07MLFR771?tag=eloabder-20&linkCode=osi&th=1&psc=1">View Product</a></div><div class="product"><a href="https://www.amazon.com/dp/B01563NHGY?tag=eloabder-20&linkCode=osi&th=1&psc=1"><img src="https://m.media-amazon.com/images/I/41gj+0ZftqL._SL500_.jpg" alt="Product Image"></a><p>vanki Pack of 40 Cute Lovely Smiling Face Spring-Loaded File Organizer Paper Holder Metal Binder Clips, Assorted Color</p><p>$8.99</p><a href="https://www.amazon.com/dp/B01563NHGY?tag=eloabder-20&linkCode=osi&th=1&psc=1">View Product</a></div><div class="product"><a href="https://www.amazon.com/dp/B000GOUDSO?tag=eloabder-20&linkCode=osi&th=1&psc=1"><img src="https://m.media-amazon.com/images/I/41ZANISHgML._SL500_.jpg" alt="Product Image"></a><p>Small Binder Clips .75" 8/Pkg-Assorted Colors</p><p>$4.46</p><a href="https://www.amazon.com/dp/B000GOUDSO?tag=eloabder-20&linkCode=osi&th=1&psc=1">View Product</a></div>
<div class="product"><a href="https://www.amazon.com/dp/B07PRPX4VR?tag=eloabder-20&linkCode=osi&th=1&psc=1"><img src="https://m.media-amazon.com/images/I/41IMH12fdPL._SL500_.jpg" alt="Product Image"></a><p>Durable Sheet Lifters, Durable Easy Flow, 11" x 3", Lifts Sheets Over Rings and Protects Sheets from Tearing, Fit Standard 3-Ring Binders, Black (20 Pack)</p><p>$14.99</p><a href="https://www.amazon.com/dp/B07PRPX4VR?tag=eloabder-20&linkCode=osi&th=1&psc=1">View Product</a></div><div class="product"><a href="https://www.amazon.com/dp/B0CM8QJHFW?tag=eloabder-20&linkCode=osi&th=1&psc=1"><img src="https://m.media-amazon.com/images/I/31cJGS74oCL._SL500_.jpg" alt="Product Image"></a><p>Wantane D-Shaped Tape Storage Ring Tape Storage Ring 4" D-Shaped Washi Tape Storage Ring for DIY Decoration and Storage（Nickel）-2PCS</p><p>$7.99</p><a href="https://www.amazon.com/dp/B0CM8QJHFW?tag=eloabder-20&linkCode=osi&th=1&psc=1">View Product</a></div>
<div class="product"><a href="https://www.amazon.com/dp/B00006IAS3?tag=eloabder-20&linkCode=osi&th=1&psc=1"><img src="https://m.media-amazon.com/images/I/317DvSXhT1L._SL500_.jpg" alt="Product Image"></a><p>GBC Binding System, Manual, Desktop Binding Punch, 6 Sheet Punch Capacity, ProClick P50 (2515650)</p><p>$123.89</p><a href="https://www.amazon.com/dp/B00006IAS3?tag=eloabder-20&linkCode=osi&th=1&psc=1">View Product</a></div><div class="product"><a href="https://www.amazon.com/dp/B004BP81KQ?tag=eloabder-20&linkCode=osi&th=1&psc=1"><img src="https://m.media-amazon.com/images/I/51SqfeZ12KL._SL500_.jpg" alt="Product Image"></a><p>We R Memory Keepers Cinch Book Binding Wire (1-Inch, Silver (2 Pack))</p><p>$5.99</p><a href="https://www.amazon.com/dp/B004BP81KQ?tag=eloabder-20&linkCode=osi&th=1&psc=1">View Product</a></div>

<div class="product"><a href="https://www.amazon.com/dp/B0007ZJ8TM?tag=eloabder-20&linkCode=osi&th=1&psc=1"><img src="https://m.media-amazon.com/images/I/41i49sz3UAL._SL500_.jpg" alt="Product Image"></a><p>Speedball Super Black India Ink, 2-Ounce</p><p>$9.99 ($9.99 / Count)</p><a href="https://www.amazon.com/dp/B0007ZJ8TM?tag=eloabder-20&linkCode=osi&th=1&psc=1">View Product</a></div><div class="product"><a href="https://www.amazon.com/dp/B0026I10AI?tag=eloabder-20&linkCode=osi&th=1&psc=1"><img src="https://m.media-amazon.com/images/I/31vklP4uBsL._SL500_.jpg" alt="Product Image"></a><p>Dr. Ph. Martin's Bombay India (7BY) Ink Bottle, 1.0 oz, Black</p><p>$6.99</p><a href="https://www.amazon.com/dp/B0026I10AI?tag=eloabder-20&linkCode=osi&th=1&psc=1">View Product</a></div><div class="product"><a href="https://www.amazon.com/dp/B000KNP96C?tag=eloabder-20&linkCode=osi&th=1&psc=1"><img src="https://m.media-amazon.com/images/I/51e9srYtG0L._SL500_.jpg" alt="Product Image"></a><p>Winsor & Newton Drawing Ink, 14ml Bottle, Black Indian</p><p>$10.99</p><a href="https://www.amazon.com/dp/B000KNP96C?tag=eloabder-20&linkCode=osi&th=1&psc=1">View Product</a></div><div class="product"><a href="https://www.amazon.com/dp/B07BQG5QF4?tag=eloabder-20&linkCode=osi&th=1&psc=1"><img src="https://m.media-amazon.com/images/I/41nEMDYZaiL._SL500_.jpg" alt="Product Image"></a><p>Speedball Super Black India Ink, 16-Ounce</p><p>$19.99</p><a href="https://www.amazon.com/dp/B07BQG5QF4?tag=eloabder-20&linkCode=osi&th=1&psc=1">View Product</a></div><div class="product"><a href="https://www.amazon.com/dp/B001038NLY?tag=eloabder-20&linkCode=osi&th=1&psc=1"><img src="https://m.media-amazon.com/images/I/418i4sxJJ0L._SL500_.jpg" alt="Product Image"></a><p>Speedball Fabric Screen Printing Ink, 8-Ounce, Black for T-Shirt and Silkscreen Printmaking</p><p>$12.99 ($1.62 / Fl Oz)</p><a href="https://www.amazon.com/dp/B001038NLY?tag=eloabder-20&linkCode=osi&th=1&psc=1">View Product</a></div><div class="product"><a href="https://www.amazon.com/dp/B00161OPSA?tag=eloabder-20&linkCode=osi&th=1&psc=1"><img src="https://m.media-amazon.com/images/I/41C32y3CJAL._SL500_.jpg" alt="Product Image"></a><p>Tsukineko VersaFine inkpad, Full-Size, Onyx Black</p><p>$4.99 ($4.99 / Count)</p><a href="https://www.amazon.com/dp/B00161OPSA?tag=eloabder-20&linkCode=osi&th=1&psc=1">View Product</a></div>
<div class="product"><a href="https://www.amazon.com/dp/B07Q4TJCDJ?tag=eloabder-20&linkCode=osi&th=1&psc=1"><img src="https://m.media-amazon.com/images/I/315HYvYg-BL._SL500_.jpg" alt="Product Image"></a><p>Primbeeks 300pcs Blank Business Cards, Premium Blank White Cards, 3.5" x 2.2" Small Blank Cards, Blank Cardstock Cards, Small Note Cards, white blank cards, white business cards, kraft paper cards</p><p>$7.99</p><a href="https://www.amazon.com/dp/B07Q4TJCDJ?tag=eloabder-20&linkCode=osi&th=1&psc=1">View Product</a></div><div class="product"><a href="https://www.amazon.com/dp/B0CRGHFLT8?tag=eloabder-20&linkCode=osi&th=1&psc=1"><img src="https://m.media-amazon.com/images/I/41S1NLpb8hL._SL500_.jpg" alt="Product Image"></a><p>Watercolor Cards and Envelopes Set - 50 Folded 5x7 Inch Blank Heavyweight Paper Cards (140lb/300gsm) with Matching Envelopes for DIY Greeting Cards, Festivals, and Events</p><p>$17.99 ($0.36 / Count)</p><a href="https://www.amazon.com/dp/B0CRGHFLT8?tag=eloabder-20&linkCode=osi&th=1&psc=1">View Product</a></div><div class="product"><a href="https://www.amazon.com/dp/B08MX4TZ3H?tag=eloabder-20&linkCode=osi&th=1&psc=1"><img src="https://m.media-amazon.com/images/I/41D2u4vdLQL._SL500_.jpg" alt="Product Image"></a><p>50 Pack Blank Kraft Cards Cardstock Thick Paper Brown Greeting Cards for DIY Gift Card Menus, Baby Shower and Wedding Invitations (Multicolored, 5x7IN)</p><p>$8.99</p><a href="https://www.amazon.com/dp/B08MX4TZ3H?tag=eloabder-20&linkCode=osi&th=1&psc=1">View Product</a></div><div class="product"><a href="https://www.amazon.com/dp/B08BDGGVMK?tag=eloabder-20&linkCode=osi&th=1&psc=1"><img src="https://m.media-amazon.com/images/I/41W-dTUoBqL._SL500_.jpg" alt="Product Image"></a><p>100pcs 3.54"x2" Blank Kraft Paper Business Card, Words Message Notes paper Tags, Mini Craft Cardboard Festival gifts - 6 colors</p><p>$5.98</p><a href="https://www.amazon.com/dp/B08BDGGVMK?tag=eloabder-20&linkCode=osi&th=1&psc=1">View Product</a></div><div class="product"><a href="https://www.amazon.com/dp/B08BFDJJ78?tag=eloabder-20&linkCode=osi&th=1&psc=1"><img src="https://m.media-amazon.com/images/I/61LZ1Csb+dL._SL500_.jpg" alt="Product Image"></a><p>Nettbe 100pcs 3.54"x2" Blank Kraft Paper Business Card, Words Message Notes paper Tags, Mini Craft Cardboard Festival gifts</p><p>$5.99</p><a href="https://www.amazon.com/dp/B08BFDJJ78?tag=eloabder-20&linkCode=osi&th=1&psc=1">View Product</a></div><div class="product"><a href="https://www.amazon.com/dp/B07Q8YBJM3?tag=eloabder-20&linkCode=osi&th=1&psc=1"><img src="https://m.media-amazon.com/images/I/31w6U4cCqEL._SL500_.jpg" alt="Product Image"></a><p>Primbeeks 228pcs Blank Business Cards, Premium Blank White Cards, 3.5" x 2.2" Small Blank Cards, Blank Cardstock Cards, Small Note Cards, white blank cards, white business cards, kraft paper cards</p><p>$5.99</p><a href="https://www.amazon.com/dp/B07Q8YBJM3?tag=eloabder-20&linkCode=osi&th=1&psc=1">View Product</a></div><div class="product"><a href="https://www.amazon.com/dp/B08X4Z9TGN?tag=eloabder-20&linkCode=osi&th=1&psc=1"><img src="https://m.media-amazon.com/images/I/41Jqhe35tDL._SL500_.jpg" alt="Product Image"></a><p>321Done Blank Rustic Cards, Made in USA - 4x6 Thick, Heavy Cardstock - Make Invites, Greeting, Note, Thank You Cards - Plain Kraft for Writing, Stamping, Printing, Art - No Envelopes - Set of 50</p><p>$14.99</p><a href="https://www.amazon.com/dp/B08X4Z9TGN?tag=eloabder-20&linkCode=osi&th=1&psc=1">View Product</a></div><div class="product"><a href="https://www.amazon.com/dp/B0D2KDWBNM?tag=eloabder-20&linkCode=osi&th=1&psc=1"><img src="https://m.media-amazon.com/images/I/31dAhnBJ7aL._SL500_.jpg" alt="Product Image"></a><p>4x6 Blank White Cardstock (Set of 100) - Card Stock for Printer Postcards, Photo Paper Invitations, Greeting, Note, Thank You, DIY Making, Index Cards - Plain for Writing, Stamping, Printing, Art</p><p>$8.99</p><a href="https://www.amazon.com/dp/B0D2KDWBNM?tag=eloabder-20&linkCode=osi&th=1&psc=1">View Product</a></div><div class="product"><a href="https://www.amazon.com/dp/B0BB858RYN?tag=eloabder-20&linkCode=osi&th=1&psc=1"><img src="https://m.media-amazon.com/images/I/317zmriPKNL._SL500_.jpg" alt="Product Image"></a><p>WANDERINGS Handmade White Deckle Edge Blank Greeting Cards- Folded to 5x7” - Pack of 25 - Writers, Artists, Crafters - Thank Yous, Invitations, Menus, Greeting Cards, Notes - Thick 150 GSM</p><p>$21.99 ($0.88 / Count)</p><a href="https://www.amazon.com/dp/B0BB858RYN?tag=eloabder-20&linkCode=osi&th=1&psc=1">View Product</a></div><div class="product"><a href="https://www.amazon.com/dp/B0BZPPXRZW?tag=eloabder-20&linkCode=osi&th=1&psc=1"><img src="https://m.media-amazon.com/images/I/21Da-WQhrpL._SL500_.jpg" alt="Product Image"></a><p>100 Pack Thick Paper Cardstock Blank Heavy Cards Stock for Invitations, Greeting Cards Making, Postcards, Photos, 250GSM Thick Paper (White, 2x3.5 inches)</p><p>$5.99</p><a href="https://www.amazon.com/dp/B0BZPPXRZW?tag=eloabder-20&linkCode=osi&th=1&psc=1">View Product</a></div>
<div class="product"><a href="https://www.amazon.com/dp/B0BZRDQKH6?tag=eloabder-20&linkCode=osi&th=1&psc=1"><img src="https://m.media-amazon.com/images/I/41GYYRiusgL._SL500_.jpg" alt="Product Image"></a><p>feela 8 Pack Unlined Kraft Paper Notebooks, Blank Journal Note Pad for Drawing Writing, Small Sketchbook Travel Journal Bulk for Women Kids Students Office School Supplies, A5, 60 Pages, 8.3” X 5.5”</p><p>$9.99</p><a href="https://www.amazon.com/dp/B0BZRDQKH6?tag=eloabder-20&linkCode=osi&th=1&psc=1">View Product</a></div><div class="product"><a href="https://www.amazon.com/dp/B0BXLB74KK?tag=eloabder-20&linkCode=osi&th=1&psc=1"><img src="https://m.media-amazon.com/images/I/313vYzg7HpL._SL500_.jpg" alt="Product Image"></a><p>ZZTX 4 Pack Blank Kraft Notebooks, Blank Paper Sketchbooks for Drawing Doodling Writing,Travel Journal Set, A5, 36 Pages, 8.3” X 5.5”</p><p>$5.99</p><a href="https://www.amazon.com/dp/B0BXLB74KK?tag=eloabder-20&linkCode=osi&th=1&psc=1">View Product</a></div><div class="product"><a href="https://www.amazon.com/dp/B0BW5TNPXJ?tag=eloabder-20&linkCode=osi&th=1&psc=1"><img src="https://m.media-amazon.com/images/I/31Wu8UP78iL._SL500_.jpg" alt="Product Image"></a><p>EOOUT Kraft Notebooks, Blank Page Journals in Bulk, 16pcs A5, 8.3 X 5.5 Inches, 60 Pages, 80gsm, Travel Journal Set, for Art Camp, Travelers, Students and Office Supplies Sketchbooks Bulk for Kids</p><p>$15.99</p><a href="https://www.amazon.com/dp/B0BW5TNPXJ?tag=eloabder-20&linkCode=osi&th=1&psc=1">View Product</a></div><div class="product"><a href="https://www.amazon.com/dp/B08P3F46SD?tag=eloabder-20&linkCode=osi&th=1&psc=1"><img src="https://m.media-amazon.com/images/I/41jeBDcZJ1L._SL500_.jpg" alt="Product Image"></a><p>Krafty Soft Cover Blank Notebook Journal, Spiral Sketchbook Pad, Drawing Book, 60 Sheets/140gsm (A4)/120 Pages</p><p>$7.99</p><a href="https://www.amazon.com/dp/B08P3F46SD?tag=eloabder-20&linkCode=osi&th=1&psc=1">View Product</a></div><div class="product"><a href="https://www.amazon.com/dp/B0CWNPMC4T?tag=eloabder-20&linkCode=osi&th=1&psc=1"><img src="https://m.media-amazon.com/images/I/31BZeVGe6TL._SL500_.jpg" alt="Product Image"></a><p>zmybcpack 5 Pack Blank Journal Notebooks, Blank Paper Sketchbook for Drawing Writing, Travel Journal Notebook Kraft Paper Notebook for Travelers, Students, Office, A5, 8.26” x 5.5”, 60 Pages/30 Sheets</p><p>$8.99</p><a href="https://www.amazon.com/dp/B0CWNPMC4T?tag=eloabder-20&linkCode=osi&th=1&psc=1">View Product</a></div><div class="product"><a href="https://www.amazon.com/dp/B07WHYP9WN?tag=eloabder-20&linkCode=osi&th=1&psc=1"><img src="https://m.media-amazon.com/images/I/41ZhyCux1yL._SL500_.jpg" alt="Product Image"></a><p>Thick Blank Journal Notebook with Unlined / Unruled / Plain Pages | Deluxe 120gsm Ink Resistant Paper for Writing, Sketch Book, 160 Pages | Hardcover Sketchbook with Pen Holder, Pocket, Ribbon (Black)</p><p>$14.99</p><a href="https://www.amazon.com/dp/B07WHYP9WN?tag=eloabder-20&linkCode=osi&th=1&psc=1">View Product</a></div>
<div class="product"><a href="https://www.amazon.com/dp/B07MT7HKZW?tag=eloabder-20&linkCode=osi&th=1&psc=1"><img src="https://m.media-amazon.com/images/I/413JwH5JREL._SL500_.jpg" alt="Product Image"></a><p>Spiral Sketch Book Large Notebook（Built-in Drawing Board） Kraft Cover Blank Sketch Pad Wirebound Sketching for Drawing Painting 8.5x11-Inch (2 Pack) 200 Sheets, 100 Sheets, 200Pages Each</p><p>$17.99 ($9.00 / Count)</p><a href="https://www.amazon.com/dp/B07MT7HKZW?tag=eloabder-20&linkCode=osi&th=1&psc=1">View Product</a></div><div class="product"><a href="https://www.amazon.com/dp/B0BDQ82WB9?tag=eloabder-20&linkCode=osi&th=1&psc=1"><img src="https://m.media-amazon.com/images/I/51FoWr3GPwL._SL500_.jpg" alt="Product Image"></a><p>feela 170 Pack Blank Kraft Notebooks, Unlined Sketchbook Mini Cute Note Pad for Drawing Writing, Journal Bulk For Kids Students Office School Supplies, A6, 48 Pages, 4.25” X 5.5”, Black and Brown</p><p>$51.99</p><a href="https://www.amazon.com/dp/B0BDQ82WB9?tag=eloabder-20&linkCode=osi&th=1&psc=1">View Product</a></div><div class="product"><a href="https://www.amazon.com/dp/B0B3WWHWT2?tag=eloabder-20&linkCode=osi&th=1&psc=1"><img src="https://m.media-amazon.com/images/I/31m0FzXtPxL._SL500_.jpg" alt="Product Image"></a><p>Tamaki 6 Pack Colorful Blank Books for kids to Write, Drawing, Cute Sketchbook for Kid, 6 Colors (4.25 x 5.5 Inches)</p><p>$6.99</p><a href="https://www.amazon.com/dp/B0B3WWHWT2?tag=eloabder-20&linkCode=osi&th=1&psc=1">View Product</a></div>
<div class="product"><a href="https://www.amazon.com/dp/B0BGH2P9M6?tag=eloabder-20&linkCode=osi&th=1&psc=1"><img src="https://m.media-amazon.com/images/I/41ozOaYoHEL._SL500_.jpg" alt="Product Image"></a><p>EOOUT 100pcs A5 Kraft Notebooks, Blank Page Journals in Bulk, Sketchbooks Bulk for Kids, 60 Pages, 80GSM, 8.3 X 5.5 Inch, Travel Journal Set, for Art Camp, Travelers, Students and Office Supplies</p><p>$51.99</p><a href="https://www.amazon.com/dp/B0BGH2P9M6?tag=eloabder-20&linkCode=osi&th=1&psc=1">View Product</a></div><div class="product"><a href="https://www.amazon.com/dp/B07MT99F94?tag=eloabder-20&linkCode=osi&th=1&psc=1"><img src="https://m.media-amazon.com/images/I/41Ug7gpSWDL._SL500_.jpg" alt="Product Image"></a><p>Spiral Sketch Book Large Notebook（Built-in Drawing Board） Kraft Cover Blank Sketch Pad Wirebound Sketching for Drawing Painting 8.5x11-Inch (1 Pack) 200 Pages, 100 Sheets</p><p>$9.99</p><a href="https://www.amazon.com/dp/B07MT99F94?tag=eloabder-20&linkCode=osi&th=1&psc=1">View Product</a></div><div class="product"><a href="https://www.amazon.com/dp/B07CM32KLM?tag=eloabder-20&linkCode=osi&th=1&psc=1"><img src="https://m.media-amazon.com/images/I/41ENhBLE9DL._SL500_.jpg" alt="Product Image"></a><p>Kraft Cover Drawing Notebook & Sketchbook – Set of 2 Blank Plain Sketch Books – 125g Thick Paper A5 Size, 150x210mm Paper Ideal for Drawing & Sketching- 128 sheets/256 pages – 180 Degree Opening, 2pcs</p><p>$20.99 ($0.08 / Count)</p><a href="https://www.amazon.com/dp/B07CM32KLM?tag=eloabder-20&linkCode=osi&th=1&psc=1">View Product</a></div><div class="product"><a href="https://www.amazon.com/dp/B08ZLMLF7C?tag=eloabder-20&linkCode=osi&th=1&psc=1"><img src="https://m.media-amazon.com/images/I/41X-5yj83vL._SL500_.jpg" alt="Product Image"></a><p>BEECHMORE BOOKS Sketch Book, A4 8.5 x 11.5 inch Blank Sketchbook for Drawing, Paint and Draw, 156 Pages Thick Paper 160gsm, Hardcover Leather Art Notebook, Boxed for Gifts (Chestnut Brown)</p><p>$21.20</p><a href="https://www.amazon.com/dp/B08ZLMLF7C?tag=eloabder-20&linkCode=osi&th=1&psc=1">View Product</a></div>
<div class="product"><a href="https://www.amazon.com/dp/B075M9MSFH?tag=eloabder-20&linkCode=osi&th=1&psc=1"><img src="https://m.media-amazon.com/images/I/51x+szTX6TL._SL500_.jpg" alt="Product Image"></a><p>Bianyo Bleedproof Marker Paper Pad, A4(8.27"X11.69"), 50 Sheets, 18 LB / 70 GSM, Glue-Bound, 100% Cotton, White, Ideal for Use with Markers and Ink Mediums</p><p>$9.99</p><a href="https://www.amazon.com/dp/B075M9MSFH?tag=eloabder-20&linkCode=osi&th=1&psc=1">View Product</a></div><div class="product"><a href="https://www.amazon.com/dp/B08FX5S2NL?tag=eloabder-20&linkCode=osi&th=1&psc=1"><img src="https://m.media-amazon.com/images/I/41CA0ZfazKL._SL500_.jpg" alt="Product Image"></a><p>Marker Paper Sketchbook, Bleedproof Art Marker Pad, (8.27 X 11.69) Inch, White, 40 Sheets</p><p>$6.99</p><a href="https://www.amazon.com/dp/B08FX5S2NL?tag=eloabder-20&linkCode=osi&th=1&psc=1">View Product</a></div><div class="product"><a href="https://www.amazon.com/dp/B0CJRBFSJ8?tag=eloabder-20&linkCode=osi&th=1&psc=1"><img src="https://m.media-amazon.com/images/I/51DLA8TpwEL._SL500_.jpg" alt="Product Image"></a><p>Shuttle Art Marker Pad, 8.3”x8.9” Portable Square Sketchbook, 80 Sheets Marker Drawing Paper, 120LB/200GSM Bleedproof Art Paper, Spiral-Bound, Great for Professional Artist to Draw, Paint & Sketch</p><p>$16.99</p><a href="https://www.amazon.com/dp/B0CJRBFSJ8?tag=eloabder-20&linkCode=osi&th=1&psc=1">View Product</a></div><div class="product"><a href="https://www.amazon.com/dp/B09N7VX5Z5?tag=eloabder-20&linkCode=osi&th=1&psc=1"><img src="https://m.media-amazon.com/images/I/51xCPs9HZyL._SL500_.jpg" alt="Product Image"></a><p>Marker Paper Sketchbook - Marker Sketchbook with Bleedproof Smooth Coated Art Paper, 120 GSM 80 LBS - Marker Pad for Alcohol Markers, Sketching, Drawing - 8.11 x 8.5 Inch | 50 Sheets, 2 Pack</p><p>$15.99 ($8.00 / Count)</p><a href="https://www.amazon.com/dp/B09N7VX5Z5?tag=eloabder-20&linkCode=osi&th=1&psc=1">View Product</a></div><div class="product"><a href="https://www.amazon.com/dp/B07CK94W9T?tag=eloabder-20&linkCode=osi&th=1&psc=1"><img src="https://m.media-amazon.com/images/I/41ocoSNDjdL._SL500_.jpg" alt="Product Image"></a><p>BOXUN Premium 50 Sheets Sketch Marker Paper Pad, Bleedproof Artist Drawing Paper, 8.27 x 11.69 Inch</p><p>$8.29 ($0.17 / Count)</p><a href="https://www.amazon.com/dp/B07CK94W9T?tag=eloabder-20&linkCode=osi&th=1&psc=1">View Product</a></div><div class="product"><a href="https://www.amazon.com/dp/B0CPXWD11W?tag=eloabder-20&linkCode=osi&th=1&psc=1"><img src="https://m.media-amazon.com/images/I/51ApKzpDVNL._SL500_.jpg" alt="Product Image"></a><p>FEITAKE Marker Paper Pad Sketchbook Bleedproof for Alcohol Markers 120lb/200gsm Double Sided Thick Art Drawing Papers 60pages (30Sheets) / A4(8.3"x11.7") Gift for Artists Students Kids</p><p>$13.99 ($0.47 / Count)</p><a href="https://www.amazon.com/dp/B0CPXWD11W?tag=eloabder-20&linkCode=osi&th=1&psc=1">View Product</a></div><div class="product"><a href="https://www.amazon.com/dp/B0025TWYW6?tag=eloabder-20&linkCode=osi&th=1&psc=1"><img src="https://m.media-amazon.com/images/I/51t6UkUHCvL._SL500_.jpg" alt="Product Image"></a><p>Bee Paper Bleedproof Marker Pack, 8-1/2-Inch by 11-Inch, 50 Sheets per Pack</p><p>$17.09 ($0.34 / Count)</p><a href="https://www.amazon.com/dp/B0025TWYW6?tag=eloabder-20&linkCode=osi&th=1&psc=1">View Product</a></div><div class="product"><a href="https://www.amazon.com/dp/B0CJRBYYQB?tag=eloabder-20&linkCode=osi&th=1&psc=1"><img src="https://m.media-amazon.com/images/I/41knBnjZ25L._SL500_.jpg" alt="Product Image"></a><p>Shuttle Art Marker Pad, 8.3”x7.67” Portable Square Sketchbook, 50 Sheets Marker Drawing Paper, 60LB/90GSM Smooth Surface Bleedproof Art Paper, Glue-Bound, Great for Beginners to Draw, Paint & Sketch</p><p>$8.99 ($0.18 / Count)</p><a href="https://www.amazon.com/dp/B0CJRBYYQB?tag=eloabder-20&linkCode=osi&th=1&psc=1">View Product</a></div>
<div class="product"><a href="https://www.amazon.com/dp/B00881IU8M?tag=eloabder-20&linkCode=osi&th=1&psc=1"><img src="https://m.media-amazon.com/images/I/41hbSgdLBtL._SL500_.jpg" alt="Product Image"></a><p>Speedball Fabric & Paper Block Printing Ink 6-Color Set, 1.25-Ounce x 6</p><p>$28.99 ($28.99 / Count)</p><a href="https://www.amazon.com/dp/B00881IU8M?tag=eloabder-20&linkCode=osi&th=1&psc=1">View Product</a></div><div class="product"><a href="https://www.amazon.com/dp/B000J09PFM?tag=eloabder-20&linkCode=osi&th=1&psc=1"><img src="https://m.media-amazon.com/images/I/51yPRc4nvoL._SL500_.jpg" alt="Product Image"></a><p>Speedball Water-Soluble Block Printing Ink Starter Set, 6 Bold Colors with Satin Finish, 1.25-Ounce Tubes</p><p>$29.99 ($4.00 / Fl Oz)</p><a href="https://www.amazon.com/dp/B000J09PFM?tag=eloabder-20&linkCode=osi&th=1&psc=1">View Product</a></div><div class="product"><a href="https://www.amazon.com/dp/B000BYT24U?tag=eloabder-20&linkCode=osi&th=1&psc=1"><img src="https://m.media-amazon.com/images/I/51pDlo+LlKL._SL500_.jpg" alt="Product Image"></a><p>Speedball Water-Soluble Block Printing Ink, 8-Ounce Jar, Black</p><p>$14.49</p><a href="https://www.amazon.com/dp/B000BYT24U?tag=eloabder-20&linkCode=osi&th=1&psc=1">View Product</a></div><div class="product"><a href="https://www.amazon.com/dp/B00C1JUJWW?tag=eloabder-20&linkCode=osi&th=1&psc=1"><img src="https://m.media-amazon.com/images/I/41zDtJ6f5hL._SL500_.jpg" alt="Product Image"></a><p>Speedball Fabric Block Printing Ink, 2.5-Ounce, Black</p><p>$9.99 ($4.00 / Fl Oz)</p><a href="https://www.amazon.com/dp/B00C1JUJWW?tag=eloabder-20&linkCode=osi&th=1&psc=1">View Product</a></div><div class="product"><a href="https://www.amazon.com/dp/B004PZ1ZJG?tag=eloabder-20&linkCode=osi&th=1&psc=1"><img src="https://m.media-amazon.com/images/I/41+GkhhpR5L._SL500_.jpg" alt="Product Image"></a><p>Speedball Water-Soluble Block Printing Ink Starter Set, 4-Color Set, 1.25-Ounce Tubes</p><p>$20.99</p><a href="https://www.amazon.com/dp/B004PZ1ZJG?tag=eloabder-20&linkCode=osi&th=1&psc=1">View Product</a></div><div class="product"><a href="https://www.amazon.com/dp/B0017CZF3C?tag=eloabder-20&linkCode=osi&th=1&psc=1"><img src="https://m.media-amazon.com/images/I/41S17SYPAZL._SL500_.jpg" alt="Product Image"></a><p>Speedball Water Soluble Block Printing Ink, Black, 2-1/2 Ounces - 380663</p><p>$9.99</p><a href="https://www.amazon.com/dp/B0017CZF3C?tag=eloabder-20&linkCode=osi&th=1&psc=1">View Product</a></div><div class="product"><a href="https://www.amazon.com/dp/B0BXNX8FSH?tag=eloabder-20&linkCode=osi&th=1&psc=1"><img src="https://m.media-amazon.com/images/I/51JGm1VxVOL._SL500_.jpg" alt="Product Image"></a><p>Falling in Art Water-Soluble Block Printing Ink, 6-Color Printmaking Ink Set for Linoleum Block, 3.5 floz</p><p>$28.99</p><a href="https://www.amazon.com/dp/B0BXNX8FSH?tag=eloabder-20&linkCode=osi&th=1&psc=1">View Product</a></div><div class="product"><a href="https://www.amazon.com/dp/B0027ACJBO?tag=eloabder-20&linkCode=osi&th=1&psc=1"><img src="https://m.media-amazon.com/images/I/41OzayB9ojL._SL500_.jpg" alt="Product Image"></a><p>Speedball 3476 Oil-Based Block Printing Ink Starter Set for Professional, Permanent Prints AP Certified – 1.25 FL OZ Tubes</p><p>$33.99</p><a href="https://www.amazon.com/dp/B0027ACJBO?tag=eloabder-20&linkCode=osi&th=1&psc=1">View Product</a></div>
<div class="product"><a href="https://www.amazon.com/dp/B0027AGDWK?tag=eloabder-20&linkCode=osi&th=1&psc=1"><img src="https://m.media-amazon.com/images/I/515LDer6GPL._SL500_.jpg" alt="Product Image"></a><p>Speedball Deluxe Block Printing Kit - Includes Inks, Brayer, Bench Hook, Lino Handle and Cutters, Speedy-Carve Block, Mounted Linoleum Block</p><p>$59.99</p><a href="https://www.amazon.com/dp/B0027AGDWK?tag=eloabder-20&linkCode=osi&th=1&psc=1">View Product</a></div><div class="product"><a href="https://www.amazon.com/dp/B07ZJBZN5S?tag=eloabder-20&linkCode=osi&th=1&psc=1"><img src="https://m.media-amazon.com/images/I/41UbN58y9uS._SL500_.jpg" alt="Product Image"></a><p>SGHUO 12pcs 4"x6" Pink Rubber Carving Blocks Linoleum Block Stamp Making Kit</p><p>$22.99 ($1.92 / Count)</p><a href="https://www.amazon.com/dp/B07ZJBZN5S?tag=eloabder-20&linkCode=osi&th=1&psc=1">View Product</a></div>
<div class="product"><a href="https://www.amazon.com/dp/B00L2DYUM8?tag=eloabder-20&linkCode=osi&th=1&psc=1"><img src="https://m.media-amazon.com/images/I/51l5FZ0+5AL._SL500_.jpg" alt="Product Image"></a><p>Strathmore 300 Series Printmaking Paper Pad, Glue Bound, 5x7 inches, 40 Sheets (120g) - Artist Paper for Adults and Students - Block Printing, Linocut, Screen Printing, White</p><p>$7.26</p><a href="https://www.amazon.com/dp/B00L2DYUM8?tag=eloabder-20&linkCode=osi&th=1&psc=1">View Product</a></div><div class="product"><a href="https://www.amazon.com/dp/B07BSYS5XC?tag=eloabder-20&linkCode=osi&th=1&psc=1"><img src="https://m.media-amazon.com/images/I/51Uwfq0jv+L._SL500_.jpg" alt="Product Image"></a><p>Ucreate Printmaking Paper, 9"x12", White, 100 Sheet, P9001</p><p>$9.79</p><a href="https://www.amazon.com/dp/B07BSYS5XC?tag=eloabder-20&linkCode=osi&th=1&psc=1">View Product</a></div><div class="product"><a href="https://www.amazon.com/dp/B00K5562WA?tag=eloabder-20&linkCode=osi&th=1&psc=1"><img src="https://m.media-amazon.com/images/I/51Dm+TeJGdL._SL500_.jpg" alt="Product Image"></a><p>Strathmore Printmaking Paper Pad 8"X10"-20 Sheets -62433800, White</p><p>$10.19</p><a href="https://www.amazon.com/dp/B00K5562WA?tag=eloabder-20&linkCode=osi&th=1&psc=1">View Product</a></div><div class="product"><a href="https://www.amazon.com/dp/B001DNH8I0?tag=eloabder-20&linkCode=osi&th=1&psc=1"><img src="https://m.media-amazon.com/images/I/51UzoKdUojL._SL500_.jpg" alt="Product Image"></a><p>Black Ink 9-Inch by 12-Inch Bleached Mulberry Block Printing Paper, 25-Pack</p><p>$19.35 ($0.77 / Count)</p><a href="https://www.amazon.com/dp/B001DNH8I0?tag=eloabder-20&linkCode=osi&th=1&psc=1">View Product</a></div><div class="product"><a href="https://www.amazon.com/dp/B00C6G6L5Y?tag=eloabder-20&linkCode=osi&th=1&psc=1"><img src="https://m.media-amazon.com/images/I/5103h0Rm8sL._SL500_.jpg" alt="Product Image"></a><p>Black Ink Thai Mulberry Block Printing Paper Packs small assorted colors</p><p>$21.99</p><a href="https://www.amazon.com/dp/B00C6G6L5Y?tag=eloabder-20&linkCode=osi&th=1&psc=1">View Product</a></div>
<div class="product"><a href="https://www.amazon.com/dp/B003IG27OK?tag=eloabder-20&linkCode=osi&th=1&psc=1"><img src="https://m.media-amazon.com/images/I/416NUaYo1DL._SL500_.jpg" alt="Product Image"></a><p>Speedball Block Printing Baren - Comfortable Wooden Handle, Made in the USA - 4 Inches</p><p>$29.49</p><a href="https://www.amazon.com/dp/B003IG27OK?tag=eloabder-20&linkCode=osi&th=1&psc=1">View Product</a></div>
<div class="product"><a href="https://www.amazon.com/dp/B0CMZYY8CJ?tag=eloabder-20&linkCode=osi&th=1&psc=1"><img src="https://m.media-amazon.com/images/I/41TifSIP7SL._SL500_.jpg" alt="Product Image"></a><p>Ecoofor Blotting Paper for Flower Press, 20 Sheets Highly Absorbent and Reusable Blotter Paper for Flower Press Paper Craft 9 x 9 inch</p><p>$9.99</p><a href="https://www.amazon.com/dp/B0CMZYY8CJ?tag=eloabder-20&linkCode=osi&th=1&psc=1">View Product</a></div><div class="product"><a href="https://www.amazon.com/dp/B0CYRT3RM4?tag=eloabder-20&linkCode=osi&th=1&psc=1"><img src="https://m.media-amazon.com/images/I/31+qvVq3giL._SL500_.jpg" alt="Product Image"></a><p>Hygge & Sage Premium Natural Fiber Blotting Paper for Flower Press Art; 20 Large Sheets for a Press up to 8x11 Inches; Absorbent, Versatile, and Acid-Free Reusable Blotter Paper for Flower Pressing</p><p>$9.50 ($0.48 / Count)</p><a href="https://www.amazon.com/dp/B0CYRT3RM4?tag=eloabder-20&linkCode=osi&th=1&psc=1">View Product</a></div><div class="product"><a href="https://www.amazon.com/dp/B0D41GDLHM?tag=eloabder-20&linkCode=osi&th=1&psc=1"><img src="https://m.media-amazon.com/images/I/41LIF5dHXaL._SL500_.jpg" alt="Product Image"></a><p>Aboofx 20 Sheets Blotting Paper for Flower Press, 15" x 10" Extra Large Highly Absorbent Blotter Paper for Flower Press Reusable Herbarium Paper Craft Blotter Paper Sheets</p><p>$19.99</p><a href="https://www.amazon.com/dp/B0D41GDLHM?tag=eloabder-20&linkCode=osi&th=1&psc=1">View Product</a></div><div class="product"><a href="https://www.amazon.com/dp/B0CQMMYSBR?tag=eloabder-20&linkCode=osi&th=1&psc=1"><img src="https://m.media-amazon.com/images/I/413SlUi6IDL._SL500_.jpg" alt="Product Image"></a><p>Wisreach Blotting Paper for Flower Press, 20 Sheets Flower Press Paper Highly Absorbent and Reusable Blotter Paper for Flower Art A4 Size 8.26 x 11.4 inch</p><p>$9.99</p><a href="https://www.amazon.com/dp/B0CQMMYSBR?tag=eloabder-20&linkCode=osi&th=1&psc=1">View Product</a></div><div class="product"><a href="https://www.amazon.com/dp/B093FQ22PG?tag=eloabder-20&linkCode=osi&th=1&psc=1"><img src="https://m.media-amazon.com/images/I/41B2jXhe+QL._SL500_.jpg" alt="Product Image"></a><p>Blotting Paper for Flower Press by Berstuk® • Large A4 Flower Press Paper • Highly Absorbent and Reusable Herbarium Paper • Pack of 10 Blotter Paper Sheets</p><p>$6.99 ($69.90 / 100 Sheets)</p><a href="https://www.amazon.com/dp/B093FQ22PG?tag=eloabder-20&linkCode=osi&th=1&psc=1">View Product</a></div><div class="product"><a href="https://www.amazon.com/dp/B0C6PW4VGB?tag=eloabder-20&linkCode=osi&th=1&psc=1"><img src="https://m.media-amazon.com/images/I/21C64VB3iVL._SL500_.jpg" alt="Product Image"></a><p>PATIKIL 16"x12" Flower Press Paper, 1 Set/30 Sheet Refill Lining Blotter Paper Absorbent Reusable Blotting Paper for DIY Art Handicraft Scrapbook</p><p>$11.19</p><a href="https://www.amazon.com/dp/B0C6PW4VGB?tag=eloabder-20&linkCode=osi&th=1&psc=1">View Product</a></div><div class="product"><a href="https://www.amazon.com/dp/B0C6PTK915?tag=eloabder-20&linkCode=osi&th=1&psc=1"><img src="https://m.media-amazon.com/images/I/21UviFCGjtL._SL500_.jpg" alt="Product Image"></a><p>PATIKIL 12"x8" Flower Press Paper, 2 Set/60 Sheet Refill Lining Blotter Paper Absorbent Reusable Blotting Paper for DIY Art Handicraft Scrapbook</p><p>$13.69</p><a href="https://www.amazon.com/dp/B0C6PTK915?tag=eloabder-20&linkCode=osi&th=1&psc=1">View Product</a></div><div class="product"><a href="https://www.amazon.com/dp/B0CDJZ4MD7?tag=eloabder-20&linkCode=osi&th=1&psc=1"><img src="https://m.media-amazon.com/images/I/41iwkW+QQOL._SL500_.jpg" alt="Product Image"></a><p>30 PCS Blotting Paper for Flower Press Large A4 Flower Press Paper Highly Absorbent and Reusable Blotter Paper Refill Lining Paper for Flower Press Art Craft Scrapbook Making, 11.8 x 7.9 Inches Blue</p><p>$9.99</p><a href="https://www.amazon.com/dp/B0CDJZ4MD7?tag=eloabder-20&linkCode=osi&th=1&psc=1">View Product</a></div>

<div class="product"><a href="https://www.amazon.com/dp/B0D2T4F1DZ?tag=eloabder-20&linkCode=osi&th=1&psc=1"><img src="https://m.media-amazon.com/images/I/41KNcatyBWL._SL500_.jpg" alt="Product Image"></a><p>10pcs Book Cloth,14”x10”,Fabric Surface and Paper Backed, book cloth for book binding,book binding fabric,5 Colors Bookbinding Cloth for DIY fabric book cover,bookbinding paper (Style B)</p><p>$9.99</p><a href="https://www.amazon.com/dp/B0D2T4F1DZ?tag=eloabder-20&linkCode=osi&th=1&psc=1">View Product</a></div><div class="product"><a href="https://www.amazon.com/dp/B0CMD2LWR8?tag=eloabder-20&linkCode=osi&th=1&psc=1"><img src="https://m.media-amazon.com/images/I/31QVUZVSB+L._SL500_.jpg" alt="Product Image"></a><p>Mozeat Lens 33 ft Bookbinding Tape Book Tape Repair Book Binding Tape Cloth Book Repair Kit 2 Inch Wide Book Spine Tape Cloth Bookbinding Repair Tape White Book Tape for Reinforcing Book Spine Tape</p><p>$7.99</p><a href="https://www.amazon.com/dp/B0CMD2LWR8?tag=eloabder-20&linkCode=osi&th=1&psc=1">View Product</a></div><div class="product"><a href="https://www.amazon.com/dp/B0D1KC168C?tag=eloabder-20&linkCode=osi&th=1&psc=1"><img src="https://m.media-amazon.com/images/I/31wWgk-1V4L._SL500_.jpg" alt="Product Image"></a><p>AKONEGE Book Cloth for Book Binding 35 x 16 Inch Fabric Surface and Paper Backed, Strong, Easy to Use, Fabric Materials Bookbinding Supplies Bookcloth for Scrapbooking Album DIY Crafts, Black</p><p>$9.99</p><a href="https://www.amazon.com/dp/B0D1KC168C?tag=eloabder-20&linkCode=osi&th=1&psc=1">View Product</a></div><div class="product"><a href="https://www.amazon.com/dp/B0BC48CCWW?tag=eloabder-20&linkCode=osi&th=1&psc=1"><img src="https://m.media-amazon.com/images/I/41vTc+L-XyL._SL500_.jpg" alt="Product Image"></a><p>Wooqu Book Cloth, Fabric Surface and Paper Backed, Easy to Use, Strong, 17x29”, for Book Binding, Dark Green</p><p>$13.99</p><a href="https://www.amazon.com/dp/B0BC48CCWW?tag=eloabder-20&linkCode=osi&th=1&psc=1">View Product</a></div><div class="product"><a href="https://www.amazon.com/dp/B00W3S7LU4?tag=eloabder-20&linkCode=osi&th=1&psc=1"><img src="https://m.media-amazon.com/images/I/41mUL1LmSHS._SL500_.jpg" alt="Product Image"></a><p>BookGuard 2 inch Premium Bookbinding Repair Cloth Tape, 15 Yard Roll Burgundy</p><p>$14.95</p><a href="https://www.amazon.com/dp/B00W3S7LU4?tag=eloabder-20&linkCode=osi&th=1&psc=1">View Product</a></div>

<div class="product"><a href="https://www.amazon.com/dp/B08217DGL7?tag=eloabder-20&linkCode=osi&th=1&psc=1"><img src="https://m.media-amazon.com/images/I/51Gy-qfph7L._SL500_.jpg" alt="Product Image"></a><p>24 Colors Waxed Thread, Leather Sewing Thread,Hand Stitching Thread for Hand Sewing Leather and Bookbinding, 13Yards Per Color</p><p>$11.99 ($0.01 / Foot)</p><a href="https://www.amazon.com/dp/B08217DGL7?tag=eloabder-20&linkCode=osi&th=1&psc=1">View Product</a></div><div class="product"><a href="https://www.amazon.com/dp/B08GCHJ3FP?tag=eloabder-20&linkCode=osi&th=1&psc=1"><img src="https://m.media-amazon.com/images/I/41TK-XNxTFL._SL500_.jpg" alt="Product Image"></a><p>FANDOL 100% Natural Linen Thread Waxed thread for Bookbingding, Leather Sewing, Beading or Macrame (Natural)</p><p>$14.98</p><a href="https://www.amazon.com/dp/B08GCHJ3FP?tag=eloabder-20&linkCode=osi&th=1&psc=1">View Product</a></div><div class="product"><a href="https://www.amazon.com/dp/B0025U108E?tag=eloabder-20&linkCode=osi&th=1&psc=1"><img src="https://m.media-amazon.com/images/I/4172yrURiVL._SL500_.jpg" alt="Product Image"></a><p>Books by Hand Linen Thread, Archival Quality Natural Unbleached and Unwaxed, 50 Yards 35/3 Gauge, Ideal for Bookbinding and Sewing Signatures</p><p>$9.47</p><a href="https://www.amazon.com/dp/B0025U108E?tag=eloabder-20&linkCode=osi&th=1&psc=1">View Product</a></div><div class="product"><a href="https://www.amazon.com/dp/B08S78KLRN?tag=eloabder-20&linkCode=osi&th=1&psc=1"><img src="https://m.media-amazon.com/images/I/413NGMtJdrL._SL500_.jpg" alt="Product Image"></a><p>Jupean Waxed Thread, 150m /164Yards Beige Leather Waxed Thread, Leather Sewing Thread, Hand Stitching Thread for Hand Sewing Leather, Bookbinding, and Beginners Leather Craft DIY</p><p>$6.49 ($0.01 / Foot)</p><a href="https://www.amazon.com/dp/B08S78KLRN?tag=eloabder-20&linkCode=osi&th=1&psc=1">View Product</a></div><div class="product"><a href="https://www.amazon.com/dp/B015D9E6UM?tag=eloabder-20&linkCode=osi&th=1&psc=1"><img src="https://m.media-amazon.com/images/I/51VnWPI+Q5L._SL500_.jpg" alt="Product Image"></a><p>Lineco, Natural Waxed Linen Thread 20 Yards, Books by Hand Natural, Black, Brown Color for Sewing, Bookbinding (3/Pkg)</p><p>$13.77</p><a href="https://www.amazon.com/dp/B015D9E6UM?tag=eloabder-20&linkCode=osi&th=1&psc=1">View Product</a></div>
<div class="product"><a href="https://www.amazon.com/dp/B0CMD53C1C?tag=eloabder-20&linkCode=osi&th=1&psc=1"><img src="https://m.media-amazon.com/images/I/31dU4wqS0rL._SL500_.jpg" alt="Product Image"></a><p>5-in-1 Bookbinding Kit,Book Cover Guide, Bookbinding Cover Tool, Stainless Steel Book Binding Kit, Bookbinding Ruler, Scrapbooking Tools for Making Book Cover Chipboard Covers Album Planner</p><p>$7.88</p><a href="https://www.amazon.com/dp/B0CMD53C1C?tag=eloabder-20&linkCode=osi&th=1&psc=1">View Product</a></div>
<div class="product"><a href="https://www.amazon.com/dp/B007TIEG6U?tag=eloabder-20&linkCode=osi&th=1&psc=1"><img src="https://m.media-amazon.com/images/I/31d6r6R5lGL._SL500_.jpg" alt="Product Image"></a><p>Handy Art Empty 2 ounce Marker Bottle, Dauber Tip and Cap, 12-Each (900-003) , White</p><p>$23.12 ($1.93 / Count)</p><a href="https://www.amazon.com/dp/B007TIEG6U?tag=eloabder-20&linkCode=osi&th=1&psc=1">View Product</a></div>
<div class="product"><a href="https://www.amazon.com/dp/B07YDNKSH6?tag=eloabder-20&linkCode=osi&th=1&psc=1"><img src="https://m.media-amazon.com/images/I/41JGrHa7mSL._SL500_.jpg" alt="Product Image"></a><p>4-Inch Rubber Brayer Roller for Printmaking, Great for Gluing Application Also. (Original Version)</p><p>$6.99</p><a href="https://www.amazon.com/dp/B07YDNKSH6?tag=eloabder-20&linkCode=osi&th=1&psc=1">View Product</a></div>
<div class="product"><a href="https://www.amazon.com/dp/B005U7BNPE?tag=eloabder-20&linkCode=osi&th=1&psc=1"><img src="https://m.media-amazon.com/images/I/418YfTClSxL._SL500_.jpg" alt="Product Image"></a><p>Apple Barrel Acrylic Paint in Assorted Colors (2 oz), 20513, Bright Yellow</p><p>$0.58 ($0.29 / Fl Oz)</p><a href="https://www.amazon.com/dp/B005U7BNPE?tag=eloabder-20&linkCode=osi&th=1&psc=1">View Product</a></div><div class="product"><a href="https://www.amazon.com/dp/B099DWCRZ5?tag=eloabder-20&linkCode=osi&th=1&psc=1"><img src="https://m.media-amazon.com/images/I/41rr5hT-8TL._SL500_.jpg" alt="Product Image"></a><p>milo Fluorescent Acrylic Paint Set of 6 Colors | 4 oz Bottles | Student Neon Colors Acrylics Painting Pack | Made in the USA | Non-Toxic Art & Craft Paints for Artists, Kids, & Hobby Painters</p><p>$22.90 ($0.95 / Fl Oz)</p><a href="https://www.amazon.com/dp/B099DWCRZ5?tag=eloabder-20&linkCode=osi&th=1&psc=1">View Product</a></div><div class="product"><a href="https://www.amazon.com/dp/B07ZPPPWPL?tag=eloabder-20&linkCode=osi&th=1&psc=1"><img src="https://m.media-amazon.com/images/I/51Vqk2rrZwL._SL500_.jpg" alt="Product Image"></a><p>Apple Barrel, Pastel Dreams & Vivid Wonders Collection Acrylic Craft Paint, PROMOTCK, 2 fl oz each, 18 assorted matte colors, 18 count</p><p>$22.66 ($0.63 / Fl Oz)</p><a href="https://www.amazon.com/dp/B07ZPPPWPL?tag=eloabder-20&linkCode=osi&th=1&psc=1">View Product</a></div><div class="product"><a href="https://www.amazon.com/dp/B0CKQR52XC?tag=eloabder-20&linkCode=osi&th=1&psc=1"><img src="https://m.media-amazon.com/images/I/51WTPlhN2WL._SL500_.jpg" alt="Product Image"></a><p>ARTME Glow in The Dark Paint, 10 Bright Colors 60ml/2oz Blacklight Paint Set, Neon Craft Paint, Acrylic Glow Fluorescent Paint Perfect for Art Painting, DIY projects, Halloween and Christmas</p><p>$23.99 ($1.20 / Fl Oz)</p><a href="https://www.amazon.com/dp/B0CKQR52XC?tag=eloabder-20&linkCode=osi&th=1&psc=1">View Product</a></div><div class="product"><a href="https://www.amazon.com/dp/B09XXHBL3Y?tag=eloabder-20&linkCode=osi&th=1&psc=1"><img src="https://m.media-amazon.com/images/I/51taBeDdeIL._SL500_.jpg" alt="Product Image"></a><p>Fantastory Glow in the Dark Acrylic Paint, 10 Extra Bright Colors, 30ml/1oz Waterproof Glow in Dark Paint,Indoor Outdoor Blacklight Paint for Kids,Adults, Rocks,Walls,Halloween,Craft &Fabric</p><p>$9.99 ($1.00 / Fl Oz)</p><a href="https://www.amazon.com/dp/B09XXHBL3Y?tag=eloabder-20&linkCode=osi&th=1&psc=1">View Product</a></div><div class="product"><a href="https://www.amazon.com/dp/B0BS3JM8ZR?tag=eloabder-20&linkCode=osi&th=1&psc=1"><img src="https://m.media-amazon.com/images/I/51S8FteGgPL._SL500_.jpg" alt="Product Image"></a><p>Acrylic Paint, Shuttle Art 24 Colors Acrylic Paint Bottle Set, 250ml/8.45oz Each, Rich Pigments, High Viscosity, Bulk Paint for Artists, Beginners and Kids Painting on Rocks Crafts Canvas Wood Ceramic</p><p>$49.99 ($0.25 / Fl Oz)</p><a href="https://www.amazon.com/dp/B0BS3JM8ZR?tag=eloabder-20&linkCode=osi&th=1&psc=1">View Product</a></div><div class="product"><a href="https://www.amazon.com/dp/B00CIW3EDI?tag=eloabder-20&linkCode=osi&th=1&psc=1"><img src="https://m.media-amazon.com/images/I/41PMnxyBo5L._SL500_.jpg" alt="Product Image"></a><p>FolkArt Multi-Surface Acrylic Paint in Assorted Colors (2 oz), 2896, Bright Pink</p><p>$1.47 ($0.74 / Fl Oz)</p><a href="https://www.amazon.com/dp/B00CIW3EDI?tag=eloabder-20&linkCode=osi&th=1&psc=1">View Product</a></div><div class="product"><a href="https://www.amazon.com/dp/B085ZB5ZK9?tag=eloabder-20&linkCode=osi&th=1&psc=1"><img src="https://m.media-amazon.com/images/I/51nmRq1eicL._SL500_.jpg" alt="Product Image"></a><p>FolkArt 4 Bottle Multi-Surface Acrylic Paint Set, 2oz, Neon Blacklight Colors</p><p>$8.12 ($1.02 / Fl Oz)</p><a href="https://www.amazon.com/dp/B085ZB5ZK9?tag=eloabder-20&linkCode=osi&th=1&psc=1">View Product</a></div><div class="product"><a href="https://www.amazon.com/dp/B08N585VN5?tag=eloabder-20&linkCode=osi&th=1&psc=1"><img src="https://m.media-amazon.com/images/I/51nwFBdxwVL._SL500_.jpg" alt="Product Image"></a><p>Acrylic Paint Set Value Pack of 12 Colors | Craft Painting Kit with 2 oz Squeeze Bottles for Beginners, Artists, Professionals | Non-Toxic Water Based Paints for Canvas, Paper, Wood | Bright Hues</p><p>$11.99 ($0.50 / Fl Oz)</p><a href="https://www.amazon.com/dp/B08N585VN5?tag=eloabder-20&linkCode=osi&th=1&psc=1">View Product</a></div>
<div class="product"><a href="https://www.amazon.com/dp/B0009RRT9Y?tag=eloabder-20&linkCode=osi&th=1&psc=1"><img src="https://m.media-amazon.com/images/I/51ZhyYPOB5L._SL500_.jpg" alt="Product Image"></a><p>General Pencil Company The Masters Brush Cleaner & Preserver 2.5 0z.</p><p>$12.00</p><a href="https://www.amazon.com/dp/B0009RRT9Y?tag=eloabder-20&linkCode=osi&th=1&psc=1">View Product</a></div><div class="product"><a href="https://www.amazon.com/dp/B00F38YVQS?tag=eloabder-20&linkCode=osi&th=1&psc=1"><img src="https://m.media-amazon.com/images/I/51yjmSTzzML._SL500_.jpg" alt="Product Image"></a><p>B & J Original Brush Cleaner - 2.5 Oz/12ct Display</p><p>$12.77</p><a href="https://www.amazon.com/dp/B00F38YVQS?tag=eloabder-20&linkCode=osi&th=1&psc=1">View Product</a></div><div class="product"><a href="https://www.amazon.com/dp/B004BN7QQ8?tag=eloabder-20&linkCode=osi&th=1&psc=1"><img src="https://m.media-amazon.com/images/I/31fEWB-h4VL._SL500_.jpg" alt="Product Image"></a><p>Winsor & Newton Brush Cleaner & Restorer, 16.0-oz Bottle</p><p>$21.87 ($1.37 / Fl Oz)</p><a href="https://www.amazon.com/dp/B004BN7QQ8?tag=eloabder-20&linkCode=osi&th=1&psc=1">View Product</a></div><div class="product"><a href="https://www.amazon.com/dp/B09NCHL2LM?tag=eloabder-20&linkCode=osi&th=1&psc=1"><img src="https://m.media-amazon.com/images/I/31UzwasdL6L._SL500_.jpg" alt="Product Image"></a><p>U.S. Art Supply Brush Cleaner and Restorer, 4 Ounce Bottle - Quickly Cleans Paint Brushes, Airbrushes, Art Tools - Cleaning Solution to Remove Dried On Acrylic, Oil and Water-Based Paint Colors</p><p>$8.99 ($2.25 / Fl Oz)</p><a href="https://www.amazon.com/dp/B09NCHL2LM?tag=eloabder-20&linkCode=osi&th=1&psc=1">View Product</a></div><div class="product"><a href="https://www.amazon.com/dp/B09J8L55SK?tag=eloabder-20&linkCode=osi&th=1&psc=1"><img src="https://m.media-amazon.com/images/I/41qgWS2nSsL._SL500_.jpg" alt="Product Image"></a><p>Green Piece® Paint Brush Cleaner and Restorer for Art Paint Brushes - 100% Natural - Non-Toxic - Wet or Dry Paint - No Chemicals - Oil or Acrylic Paints, Wood and Metal - Amazing Power - 18 Oz</p><p>$19.88</p><a href="https://www.amazon.com/dp/B09J8L55SK?tag=eloabder-20&linkCode=osi&th=1&psc=1">View Product</a></div><div class="product"><a href="https://www.amazon.com/dp/B0027A79I2?tag=eloabder-20&linkCode=osi&th=1&psc=1"><img src="https://m.media-amazon.com/images/I/31J6S+mCjuL._SL500_.jpg" alt="Product Image"></a><p>Pink Soap 12-Ounce Paint Brush Cleaner and Conditioner, Solution Cleans and Restores, Removes Dried Paint on Airbrushes and Other Artist Tools & Supplies</p><p>$15.49 ($1.29 / Fl Oz)</p><a href="https://www.amazon.com/dp/B0027A79I2?tag=eloabder-20&linkCode=osi&th=1&psc=1">View Product</a></div><div class="product"><a href="https://www.amazon.com/dp/B0027AEANE?tag=eloabder-20&linkCode=osi&th=1&psc=1"><img src="https://m.media-amazon.com/images/I/51bHOLU1pVL._SL500_.jpg" alt="Product Image"></a><p>General Pencil General 105-BP Pencil Masters Brush Cleaner & Preserver, 1 Pack, Clear</p><p>$9.99 ($4.00 / Ounce)</p><a href="https://www.amazon.com/dp/B0027AEANE?tag=eloabder-20&linkCode=osi&th=1&psc=1">View Product</a></div>

<div class="product"><a href="https://www.amazon.com/dp/B00N9UUWLA?tag=eloabder-20&linkCode=osi&th=1&psc=1"><img src="https://m.media-amazon.com/images/I/41be4n09wZL._SL500_.jpg" alt="Product Image"></a><p>Pentel Arts Portable Pocket Brush Pen (Medium Point), 1Pen & 2Refills</p><p>$7.00</p><a href="https://www.amazon.com/dp/B00N9UUWLA?tag=eloabder-20&linkCode=osi&th=1&psc=1">View Product</a></div><div class="product"><a href="https://www.amazon.com/dp/B07DQ4292Y?tag=eloabder-20&linkCode=osi&th=1&psc=1"><img src="https://m.media-amazon.com/images/I/41-kgHpaPvL._SL500_.jpg" alt="Product Image"></a><p>Tombow 62039 Fudenosuke Brush Pens, 3-Pack. Soft, Hard, and Twin Tip Markers for Calligraphy and Art Drawings</p><p>$7.59 ($2.53 / Count)</p><a href="https://www.amazon.com/dp/B07DQ4292Y?tag=eloabder-20&linkCode=osi&th=1&psc=1">View Product</a></div><div class="product"><a href="https://www.amazon.com/dp/B0995FNMKW?tag=eloabder-20&linkCode=osi&th=1&psc=1"><img src="https://m.media-amazon.com/images/I/51kpGsTNvlL._SL500_.jpg" alt="Product Image"></a><p>WRITECH Arts Sign Brush Pen Brush Tip Marker Felt Tip Water Based Ink Color Pens 12 Assorted Vintage Colors Great for Lettering Journaling Calligraphy (Vintage)</p><p>$13.99 ($1.17 / Count)</p><a href="https://www.amazon.com/dp/B0995FNMKW?tag=eloabder-20&linkCode=osi&th=1&psc=1">View Product</a></div><div class="product"><a href="https://www.amazon.com/dp/B07H89R749?tag=eloabder-20&linkCode=osi&th=1&psc=1"><img src="https://m.media-amazon.com/images/I/51nTGZ-eAsL._SL500_.jpg" alt="Product Image"></a><p>Tombow Fudenosuke Brush Pen - Hard - 10 Colors Set (WS-BH10C)</p><p>$11.73</p><a href="https://www.amazon.com/dp/B07H89R749?tag=eloabder-20&linkCode=osi&th=1&psc=1">View Product</a></div><div class="product"><a href="https://www.amazon.com/dp/B002PIFTRE?tag=eloabder-20&linkCode=osi&th=1&psc=1"><img src="https://m.media-amazon.com/images/I/41IVnNPD1hL._SL500_.jpg" alt="Product Image"></a><p>Pentel Color Brush Pen, Black (GFLBP101)</p><p>$7.89</p><a href="https://www.amazon.com/dp/B002PIFTRE?tag=eloabder-20&linkCode=osi&th=1&psc=1">View Product</a></div>
<div class="product"><a href="https://www.amazon.com/dp/B0CLLSY2BT?tag=eloabder-20&linkCode=osi&th=1&psc=1"><img src="https://m.media-amazon.com/images/I/51sQM3lrN9L._SL500_.jpg" alt="Product Image"></a><p>CUGEBANNA Paint Brush Washer,Airtight Stainless Steel Brush Cleaner for Oil Painting Acrylic,Brush Washer with Cleaning Beads and Wringer</p><p>$22.99</p><a href="https://www.amazon.com/dp/B0CLLSY2BT?tag=eloabder-20&linkCode=osi&th=1&psc=1">View Product</a></div><div class="product"><a href="https://www.amazon.com/dp/B013PB35N4?tag=eloabder-20&linkCode=osi&th=1&psc=1"><img src="https://m.media-amazon.com/images/I/419miJHrhtL._SL500_.jpg" alt="Product Image"></a><p>US Art Supply Deluxe Brush Cleaner-Brush Washer with Wash Tank</p><p>$18.99</p><a href="https://www.amazon.com/dp/B013PB35N4?tag=eloabder-20&linkCode=osi&th=1&psc=1">View Product</a></div>
<div class="product"><a href="https://www.amazon.com/dp/B07GH7WGC3?tag=eloabder-20&linkCode=osi&th=1&psc=1"><img src="https://m.media-amazon.com/images/I/51vzX1OZI6L._SL500_.jpg" alt="Product Image"></a><p>BOSOBO Paint Brushes Set, 2 Pack 20 Pcs Round-Pointed Tip Paintbrushes Nylon Hair Artist Acrylic Paint Brushes for Acrylic Oil Watercolor, Face Nail Art, Miniature Detailing & Rock Painting, Blue</p><p>$7.49 ($0.37 / Count)</p><a href="https://www.amazon.com/dp/B07GH7WGC3?tag=eloabder-20&linkCode=osi&th=1&psc=1">View Product</a></div><div class="product"><a href="https://www.amazon.com/dp/B078XJ2DCJ?tag=eloabder-20&linkCode=osi&th=1&psc=1"><img src="https://m.media-amazon.com/images/I/616oHEXPN1S._SL500_.jpg" alt="Product Image"></a><p>Pro Grade - Chip Paint Brushes - 36-Pack - 2 Inch Chip Brush for Paints, Stains, Varnishes, Glues, & Gesso</p><p>$17.99</p><a href="https://www.amazon.com/dp/B078XJ2DCJ?tag=eloabder-20&linkCode=osi&th=1&psc=1">View Product</a></div>

<div class="product"><a href="https://www.amazon.com/dp/B000YQJVFA?tag=eloabder-20&linkCode=osi&th=1&psc=1"><img src="https://m.media-amazon.com/images/I/51so-OSRt+L._SL500_.jpg" alt="Product Image"></a><p>Winsor & Newton Calligraphy Ink, 30ml (1-oz) Bottle, Black</p><p>$10.07 ($10.07 / Count)</p><a href="https://www.amazon.com/dp/B000YQJVFA?tag=eloabder-20&linkCode=osi&th=1&psc=1">View Product</a></div><div class="product"><a href="https://www.amazon.com/dp/B0026SBYUE?tag=eloabder-20&linkCode=osi&th=1&psc=1"><img src="https://m.media-amazon.com/images/I/412Ga9k1q8L._SL500_.jpg" alt="Product Image"></a><p>Higgins Black Calligraphy Ink, 2.5 Ounce Bottle (44314)</p><p>$5.99</p><a href="https://www.amazon.com/dp/B0026SBYUE?tag=eloabder-20&linkCode=osi&th=1&psc=1">View Product</a></div><div class="product"><a href="https://www.amazon.com/dp/B0CXDBD77N?tag=eloabder-20&linkCode=osi&th=1&psc=1"><img src="https://m.media-amazon.com/images/I/41x1EZv3P3L._SL500_.jpg" alt="Product Image"></a><p>SEAMEW 250 ML/8.8 OZ Calligraphy and Sumi Liquid Ink - Versatile Elegance for Chinese Traditional Art Works and Japanese Brush Art</p><p>$11.49</p><a href="https://www.amazon.com/dp/B0CXDBD77N?tag=eloabder-20&linkCode=osi&th=1&psc=1">View Product</a></div><div class="product"><a href="https://www.amazon.com/dp/B0CR3ML8VS?tag=eloabder-20&linkCode=osi&th=1&psc=1"><img src="https://m.media-amazon.com/images/I/41fLIKySQZL._SL500_.jpg" alt="Product Image"></a><p>Hmayart Prepared Super Thick Liquid Black Ink for Japanese Brush Calligraphy & Chinese Traditional Artworks (MZ010 250g)</p><p>$11.99</p><a href="https://www.amazon.com/dp/B0CR3ML8VS?tag=eloabder-20&linkCode=osi&th=1&psc=1">View Product</a></div><div class="product"><a href="https://www.amazon.com/dp/B0039OQ0J4?tag=eloabder-20&linkCode=osi&th=1&psc=1"><img src="https://m.media-amazon.com/images/I/41RRlR55P9L._SL500_.jpg" alt="Product Image"></a><p>Daiso Sumi Calligraphy Liquid Ink in a 180ml Bottle (Japan Import)</p><p>$8.99</p><a href="https://www.amazon.com/dp/B0039OQ0J4?tag=eloabder-20&linkCode=osi&th=1&psc=1">View Product</a></div><div class="product"><a href="https://www.amazon.com/dp/B074KJ289G?tag=eloabder-20&linkCode=osi&th=1&psc=1"><img src="https://m.media-amazon.com/images/I/41FZT3aCChL._SL500_.jpg" alt="Product Image"></a><p>Easyou Redstar Liquid Ink for Professioanl Traditional Calligraphy and Brush Painting Chinese Ink Liquid (Black&1pcs*180ML)</p><p>$10.99</p><a href="https://www.amazon.com/dp/B074KJ289G?tag=eloabder-20&linkCode=osi&th=1&psc=1">View Product</a></div><div class="product"><a href="https://www.amazon.com/dp/B07JYJ6C1W?tag=eloabder-20&linkCode=osi&th=1&psc=1"><img src="https://m.media-amazon.com/images/I/51IAnrWkw6L._SL500_.jpg" alt="Product Image"></a><p>MZ001 HmayartBlack Sumi Liquid Ink for Japanese Brush Calligraphy & Chinese Traditional Artworks 250ml (black)</p><p>$13.99</p><a href="https://www.amazon.com/dp/B07JYJ6C1W?tag=eloabder-20&linkCode=osi&th=1&psc=1">View Product</a></div><div class="product"><a href="https://www.amazon.com/dp/B0894L9M2C?tag=eloabder-20&linkCode=osi&th=1&psc=1"><img src="https://m.media-amazon.com/images/I/51H5LBUAZcL._SL500_.jpg" alt="Product Image"></a><p>24 Colors Calligraphy Ink Set, Calligraphy Fountain Glass Dip Pen Color Ink Caligrapher Pen Ink Bottle Set, Gold Powder Drawing Writing Art Ink with Gift Box - 24 x 7ml</p><p>$21.98</p><a href="https://www.amazon.com/dp/B0894L9M2C?tag=eloabder-20&linkCode=osi&th=1&psc=1">View Product</a></div><div class="product"><a href="https://www.amazon.com/dp/B0C49WVM7L?tag=eloabder-20&linkCode=osi&th=1&psc=1"><img src="https://m.media-amazon.com/images/I/41zxtjGWS1L._SL500_.jpg" alt="Product Image"></a><p>AOKUY 24 Colors Calligraphy Ink Set,Calligraphy Inks,Colorful Dip Pen Ink Set,Gold Powder Drawing Writing Art Ink with Gift Box</p><p>$16.99</p><a href="https://www.amazon.com/dp/B0C49WVM7L?tag=eloabder-20&linkCode=osi&th=1&psc=1">View Product</a></div>
<div class="product"><a href="https://www.amazon.com/dp/B0007ZJ8QU?tag=eloabder-20&linkCode=osi&th=1&psc=1"><img src="https://m.media-amazon.com/images/I/41vTwN7L9NL._SL500_.jpg" alt="Product Image"></a><p>Speedball C-Series Lettering Pen Set - 1 Penholder w/ 6 Nibs</p><p>$11.99</p><a href="https://www.amazon.com/dp/B0007ZJ8QU?tag=eloabder-20&linkCode=osi&th=1&psc=1">View Product</a></div><div class="product"><a href="https://www.amazon.com/dp/B003IGNH30?tag=eloabder-20&linkCode=osi&th=1&psc=1"><img src="https://m.media-amazon.com/images/I/412WGB9WzGL._SL500_.jpg" alt="Product Image"></a><p>Speedball 30710 10 Pen Nib Assorted Set</p><p>$21.99</p><a href="https://www.amazon.com/dp/B003IGNH30?tag=eloabder-20&linkCode=osi&th=1&psc=1">View Product</a></div><div class="product"><a href="https://www.amazon.com/dp/B0CQTCZRYC?tag=eloabder-20&linkCode=osi&th=1&psc=1"><img src="https://m.media-amazon.com/images/I/41+d7oXaTvL._SL500_.jpg" alt="Product Image"></a><p>10PCS Oblique Calligraphy Dip Pen Set Comic Pen Nib Set Fluid Writer Pen, 2-in-1 Drawing Pen Holder with 8 Pieces Stainless Steel Pen Replacement Nibs Nib for Writing, Painting, Signing, Sketch</p><p>$6.49</p><a href="https://www.amazon.com/dp/B0CQTCZRYC?tag=eloabder-20&linkCode=osi&th=1&psc=1">View Product</a></div><div class="product"><a href="https://www.amazon.com/dp/B000BYQLT4?tag=eloabder-20&linkCode=osi&th=1&psc=1"><img src="https://m.media-amazon.com/images/I/41Tmn+y1-xL._SL500_.jpg" alt="Product Image"></a><p>Speedball Calligraphy Pen Set - 1 Penholder w/ 4 Nibs, 2 Pen Tips</p><p>$13.99</p><a href="https://www.amazon.com/dp/B000BYQLT4?tag=eloabder-20&linkCode=osi&th=1&psc=1">View Product</a></div><div class="product"><a href="https://www.amazon.com/dp/B0B3CVPWMF?tag=eloabder-20&linkCode=osi&th=1&psc=1"><img src="https://m.media-amazon.com/images/I/41Zw4tqW+HL._SL500_.jpg" alt="Product Image"></a><p>Mewutal 2Pcs/Set Comic Pen Nib Set Pen Nibs Replacements for Calligraphy Manga Writing Painting(Pumpkin Head Nib)</p><p>$7.99</p><a href="https://www.amazon.com/dp/B0B3CVPWMF?tag=eloabder-20&linkCode=osi&th=1&psc=1">View Product</a></div><div class="product"><a href="https://www.amazon.com/dp/B0BVR4M5X4?tag=eloabder-20&linkCode=osi&th=1&psc=1"><img src="https://m.media-amazon.com/images/I/515TyiGpQKL._SL500_.jpg" alt="Product Image"></a><p>Wonwood_direct Calligraphy set, 7 Calligraphy Pens with Different Nibs and 40 Ink Cartridges in 13 Colors for Beginner Writing Drawing for Greeting Card Signature Calligraphy (Type 1)</p><p>$15.99</p><a href="https://www.amazon.com/dp/B0BVR4M5X4?tag=eloabder-20&linkCode=osi&th=1&psc=1">View Product</a></div><div class="product"><a href="https://www.amazon.com/dp/B0BGRM97MF?tag=eloabder-20&linkCode=osi&th=1&psc=1"><img src="https://m.media-amazon.com/images/I/41vB7fs3VbL._SL500_.jpg" alt="Product Image"></a><p>Gullor A Bunch of Nibs for Comic Dip Pen, Assorted Calligraphy Dip Pen Nibs, Various Sizes and Shapes, 33 Nibs in Box</p><p>$9.99</p><a href="https://www.amazon.com/dp/B0BGRM97MF?tag=eloabder-20&linkCode=osi&th=1&psc=1">View Product</a></div>
<div class="product"><a href="https://www.amazon.com/dp/B000KNNVX0?tag=eloabder-20&linkCode=osi&th=1&psc=1"><img src="https://m.media-amazon.com/images/I/51RAGoN6UsL._SL500_.jpg" alt="Product Image"></a><p>Strathmore STR- 50 Sheet Tape Bound Calligraphy Pad, 8.5 by 11", White</p><p>$7.83</p><a href="https://www.amazon.com/dp/B000KNNVX0?tag=eloabder-20&linkCode=osi&th=1&psc=1">View Product</a></div><div class="product"><a href="https://www.amazon.com/dp/B00PGBVNM2?tag=eloabder-20&linkCode=osi&th=1&psc=1"><img src="https://m.media-amazon.com/images/I/51VvCXPD-QL._SL500_.jpg" alt="Product Image"></a><p>U.S. Art Supply (Pack of 2 Pads) - 9" x 12" Premium Calligraphic Practice Paper Pad, 19 Pound Bond (70gsm), Pad of 50-Sheets, Calligraphy Paper with Printed Practice Rule and Slanted Grid</p><p>$12.99</p><a href="https://www.amazon.com/dp/B00PGBVNM2?tag=eloabder-20&linkCode=osi&th=1&psc=1">View Product</a></div><div class="product"><a href="https://www.amazon.com/dp/B0CQ1VTM1R?tag=eloabder-20&linkCode=osi&th=1&psc=1"><img src="https://m.media-amazon.com/images/I/31pMzPI5pdL._SL500_.jpg" alt="Product Image"></a><p>50 Sheets Watercolor Paper 8 x 6inch Deckled Edge Paper 190 GSM Rough/Textured Handmade Paper Cotton Paper White Textured Paper for Watercolor, Writing Calligraphy, Invitations, Letters</p><p>$12.99 ($0.26 / Count)</p><a href="https://www.amazon.com/dp/B0CQ1VTM1R?tag=eloabder-20&linkCode=osi&th=1&psc=1">View Product</a></div><div class="product"><a href="https://www.amazon.com/dp/B0CGHVSX6W?tag=eloabder-20&linkCode=osi&th=1&psc=1"><img src="https://m.media-amazon.com/images/I/41pAexcoWlL._SL500_.jpg" alt="Product Image"></a><p>KYMY Chinese/Japanese Calligraphy Paper 100PCS, Sumi/Rice Paper for Writing Painting Drawing Practice, Chinese Brush Ink Xuan Paper, Half Sheng Shu (Half Raw Ripe) (34 x 34 cm (13.38 x 13.38 Inch))</p><p>$10.99 ($0.11 / Count)</p><a href="https://www.amazon.com/dp/B0CGHVSX6W?tag=eloabder-20&linkCode=osi&th=1&psc=1">View Product</a></div>
<div class="product"><a href="https://www.amazon.com/dp/B08FCZC2R3?tag=eloabder-20&linkCode=osi&th=1&psc=1"><img src="https://m.media-amazon.com/images/I/51TWqPlqpfL._SL500_.jpg" alt="Product Image"></a><p>Craft 'n' Beyond Calligraphy Brush Pens Pack of 3 Small, Medium and Large Markers for Hand Lettering, Art Drawing, Sketching, Scrapbooking, Journaling - Beginner Kit with Fadeproof Black Ink</p><p>$5.49</p><a href="https://www.amazon.com/dp/B08FCZC2R3?tag=eloabder-20&linkCode=osi&th=1&psc=1">View Product</a></div><div class="product"><a href="https://www.amazon.com/dp/B0B67TWWDG?tag=eloabder-20&linkCode=osi&th=1&psc=1"><img src="https://m.media-amazon.com/images/I/5188ARIL9sL._SL500_.jpg" alt="Product Image"></a><p>Brusarth Calligraphy Pens, 8 Size Calligraphy Pens for Writing, Brush Pens Calligraphy Set for Beginners, Hand Lettering Pens, Brush Markers Set, Black Ink Drawing Pens</p><p>$8.95</p><a href="https://www.amazon.com/dp/B0B67TWWDG?tag=eloabder-20&linkCode=osi&th=1&psc=1">View Product</a></div><div class="product"><a href="https://www.amazon.com/dp/B000SHQFEA?tag=eloabder-20&linkCode=osi&th=1&psc=1"><img src="https://m.media-amazon.com/images/I/41sx3qStImL._SL500_.jpg" alt="Product Image"></a><p>edding 1255 calligraphy pen - black - 3 pens - calligraphy nib 2 - 5 mm - fibre pens for paper, wood, terracotta, canvas - hand lettering, bullet journals, thank you cards, calligraphy books</p><p>$6.50</p><a href="https://www.amazon.com/dp/B000SHQFEA?tag=eloabder-20&linkCode=osi&th=1&psc=1">View Product</a></div><div class="product"><a href="https://www.amazon.com/dp/B001DKJLEC?tag=eloabder-20&linkCode=osi&th=1&psc=1"><img src="https://m.media-amazon.com/images/I/41x7A8wo7YL._SL500_.jpg" alt="Product Image"></a><p>Speedball Elegant Writer Calligraphy 4 Marker Set, Black, 2.0 mm, 2.5 mm & 3.0 mm Chisel Nib Tip Pens for Drawing, Journaling, and Scrapbooking</p><p>$9.99 ($2.50 / Count)</p><a href="https://www.amazon.com/dp/B001DKJLEC?tag=eloabder-20&linkCode=osi&th=1&psc=1">View Product</a></div><div class="product"><a href="https://www.amazon.com/dp/B08RYWH185?tag=eloabder-20&linkCode=osi&th=1&psc=1"><img src="https://m.media-amazon.com/images/I/51GFkyfC3iL._SL500_.jpg" alt="Product Image"></a><p>Piochoo Calligraphy Pens,8 Size Calligraphy Pens for Writing,Brush Pens Calligraphy Set for Beginners, Hand Lettering Pens</p><p>$12.99</p><a href="https://www.amazon.com/dp/B08RYWH185?tag=eloabder-20&linkCode=osi&th=1&psc=1">View Product</a></div>
<div class="product"><a href="https://www.amazon.com/dp/B0C66K9NHR?tag=eloabder-20&linkCode=osi&th=1&psc=1"><img src="https://m.media-amazon.com/images/I/51As2T+7gzL._SL500_.jpg" alt="Product Image"></a><p>Calligraphy Kit for Beginners - Calligraphy Pen Set with Calligraphy Workbook</p><p>$26.89</p><a href="https://www.amazon.com/dp/B0C66K9NHR?tag=eloabder-20&linkCode=osi&th=1&psc=1">View Product</a></div><div class="product"><a href="https://www.amazon.com/dp/B081J6QLZN?tag=eloabder-20&linkCode=osi&th=1&psc=1"><img src="https://m.media-amazon.com/images/I/41lK2Gw0JZL._SL500_.jpg" alt="Product Image"></a><p>Trustela Calligraphy Set for Beginners, Dip Pen Set with 19 Nibs, Oblique Pen Holder, Wooden Pen Set</p><p>$21.99</p><a href="https://www.amazon.com/dp/B081J6QLZN?tag=eloabder-20&linkCode=osi&th=1&psc=1">View Product</a></div><div class="product"><a href="https://www.amazon.com/dp/B0BCVDNPRJ?tag=eloabder-20&linkCode=osi&th=1&psc=1"><img src="https://m.media-amazon.com/images/I/51J-hFN4AeL._SL500_.jpg" alt="Product Image"></a><p>GC QUILL Calligraphy Pens Set 64pcs - Calligraphy Fountain Pen Set with 3 Fountain Pens, 7 Varied Nibs, 54 Ink Cartridges(10 Colors) - Writing, Drawing and Calligraphy Practice for beginner GC-F354</p><p>$23.99</p><a href="https://www.amazon.com/dp/B0BCVDNPRJ?tag=eloabder-20&linkCode=osi&th=1&psc=1">View Product</a></div>
<div class="product"><a href="https://www.amazon.com/dp/B092Q8BQC1?tag=eloabder-20&linkCode=osi&th=1&psc=1"><img src="https://m.media-amazon.com/images/I/51gdXkGIguS._SL500_.jpg" alt="Product Image"></a><p>AIYNC Feather Calligraphy Pen Ink Set, Includes Quill Pen and Wooden Dip Pen, Ink,17 Replacement Nib, Pen Base, 3 Wax Seal Sticks, Stamp, White Wax, Spoon, Envelope Letter Paper, Envelope Tool(Green)</p><p>$22.99</p><a href="https://www.amazon.com/dp/B092Q8BQC1?tag=eloabder-20&linkCode=osi&th=1&psc=1">View Product</a></div>
<div class="product"><a href="https://www.amazon.com/dp/B09J228BSF?tag=eloabder-20&linkCode=osi&th=1&psc=1"><img src="https://m.media-amazon.com/images/I/61MByvIyHGL._SL500_.jpg" alt="Product Image"></a><p>Candle dye - 18 Colors Liquid Oil-Based dye for Candle Wax, Vivid Candle Color for DIY Candle Making, Highly Concentrate Natural Candle Color</p><p>$15.59 ($2.47 / Fl Oz)</p><a href="https://www.amazon.com/dp/B09J228BSF?tag=eloabder-20&linkCode=osi&th=1&psc=1">View Product</a></div><div class="product"><a href="https://www.amazon.com/dp/B06Y3T5RV4?tag=eloabder-20&linkCode=osi&th=1&psc=1"><img src="https://m.media-amazon.com/images/I/61yZyP8eZTL._SL500_.jpg" alt="Product Image"></a><p>Candle Dyes for Soy Candle Making - Wax Сolor Dye Color Chips for Soy Wax - 16 Popular Colors Wax Dye Flakes</p><p>$16.99 ($10.62 / Ounce)</p><a href="https://www.amazon.com/dp/B06Y3T5RV4?tag=eloabder-20&linkCode=osi&th=1&psc=1">View Product</a></div><div class="product"><a href="https://www.amazon.com/dp/B0CMCPGLQZ?tag=eloabder-20&linkCode=osi&th=1&psc=1"><img src="https://m.media-amazon.com/images/I/51G9e-Epa0L._SL500_.jpg" alt="Product Image"></a><p>Candle Dye - 12 Colors Wax Melt Dye for Candle Making, Oil-Based Dye for Wax, Highly Concentrate Liquid Candle Color Dye</p><p>$8.99</p><a href="https://www.amazon.com/dp/B0CMCPGLQZ?tag=eloabder-20&linkCode=osi&th=1&psc=1">View Product</a></div><div class="product"><a href="https://www.amazon.com/dp/B09GLMZ5PS?tag=eloabder-20&linkCode=osi&th=1&psc=1"><img src="https://m.media-amazon.com/images/I/51SCG6n6Y4L._SL500_.jpg" alt="Product Image"></a><p>OSBANG Oil-Based Candle Color Dye Non-Toxic Non-Irritating 20 Colors for DIY Candle Making Supplies - Vibrant Concentrated Candle Coloring for Soy Wax Dyes, Beeswax, Gel Wax, Candle Making Kit</p><p>$14.99 ($2.22 / Fl Oz)</p><a href="https://www.amazon.com/dp/B09GLMZ5PS?tag=eloabder-20&linkCode=osi&th=1&psc=1">View Product</a></div><div class="product"><a href="https://www.amazon.com/dp/B0C8D2X4F1?tag=eloabder-20&linkCode=osi&th=1&psc=1"><img src="https://m.media-amazon.com/images/I/51e0mqPDEJL._SL500_.jpg" alt="Product Image"></a><p>Candle Dye - 14 Colors Highly Concentrate Oil-Based Liquid Candle Dye Kit, Candle Dyes for Candle Making, Beeswax, Gel Wax, Paraffin Wax - Each 0.35 fl oz</p><p>$9.99</p><a href="https://www.amazon.com/dp/B0C8D2X4F1?tag=eloabder-20&linkCode=osi&th=1&psc=1">View Product</a></div>

<div class="product"><a href="https://www.amazon.com/dp/B0C6FHSQR7?tag=eloabder-20&linkCode=osi&th=1&psc=1"><img src="https://m.media-amazon.com/images/I/41hBOCPELBL._SL500_.jpg" alt="Product Image"></a><p>Mold Release, Silicone Mold Release Spray (16.9 fl oz / 500ml) Mold Release for Epoxy Resin and Candle Mold Release Spray (1 Pack Mega Size)</p><p>$9.99 ($0.59 / Fl Oz)</p><a href="https://www.amazon.com/dp/B0C6FHSQR7?tag=eloabder-20&linkCode=osi&th=1&psc=1">View Product</a></div>

<div class="product"><a href="https://www.amazon.com/dp/B0D3HPD7WP?tag=eloabder-20&linkCode=osi&th=1&psc=1"><img src="https://m.media-amazon.com/images/I/31KSmmAWUWL._SL500_.jpg" alt="Product Image"></a><p>50 Sheets Grey Cardstock Paper, Colored Printer Paper 8.5 x 11, Thick Construction Paper for Cards Making, Scrapbook，Office Printing, Invitations, Certificates，DIY Crafting 92 lb/250gsm</p><p>$9.99</p><a href="https://www.amazon.com/dp/B0D3HPD7WP?tag=eloabder-20&linkCode=osi&th=1&psc=1">View Product</a></div>
<div class="product"><a href="https://www.amazon.com/dp/B076CP6F36?tag=eloabder-20&linkCode=osi&th=1&psc=1"><img src="https://m.media-amazon.com/images/I/51rfEIvgI+L._SL500_.jpg" alt="Product Image"></a><p>Apple Barrel, Vibrant Spectrum Collection Acrylic Craft Paint, PROMOABIII, 2 fl oz each, 16 assorted matte colors, 16 count</p><p>$15.97 ($0.50 / Fl Oz)</p><a href="https://www.amazon.com/dp/B076CP6F36?tag=eloabder-20&linkCode=osi&th=1&psc=1">View Product</a></div><div class="product"><a href="https://www.amazon.com/dp/B0BKFLSYQF?tag=eloabder-20&linkCode=osi&th=1&psc=1"><img src="https://m.media-amazon.com/images/I/51a0PmPRknL._SL500_.jpg" alt="Product Image"></a><p>72 Pack Acrylic Paint Set, Shuttle Art 60 Colors Acrylic Paint Including Extra White Black & 12 Brushes, 2oz/60ml, Rich Pigmented, Water Proof, Ideal for Artists, Beginners on Canvas Rock Wood Ceramic</p><p>$45.99 ($23.00 / Fl Oz)</p><a href="https://www.amazon.com/dp/B0BKFLSYQF?tag=eloabder-20&linkCode=osi&th=1&psc=1">View Product</a></div><div class="product"><a href="https://www.amazon.com/dp/B08CB3JH79?tag=eloabder-20&linkCode=osi&th=1&psc=1"><img src="https://m.media-amazon.com/images/I/51OUZsFdnTL._SL500_.jpg" alt="Product Image"></a><p>Acrylic Paint Set of 36 Colors 2fl oz 60ml Bottles,Non Toxic 36 Colors Acrylic Paint No Fading Rich Pigment for Kids Adults Artists Canvas Crafts Wood Painting</p><p>$32.99 ($0.46 / Fl Oz)</p><a href="https://www.amazon.com/dp/B08CB3JH79?tag=eloabder-20&linkCode=osi&th=1&psc=1">View Product</a></div><div class="product"><a href="https://www.amazon.com/dp/B0018NBVKQ?tag=eloabder-20&linkCode=osi&th=1&psc=1"><img src="https://m.media-amazon.com/images/I/31YlSvZMTCL._SL500_.jpg" alt="Product Image"></a><p>Apple Barrel Acrylic Paint in Assorted Colors (8 Ounce), 20403 White</p><p>$2.67 ($0.33 / Fl Oz)</p><a href="https://www.amazon.com/dp/B0018NBVKQ?tag=eloabder-20&linkCode=osi&th=1&psc=1">View Product</a></div><div class="product"><a href="https://www.amazon.com/dp/B077WSBLZ1?tag=eloabder-20&linkCode=osi&th=1&psc=1"><img src="https://m.media-amazon.com/images/I/51KPkXpLn1L._SL500_.jpg" alt="Product Image"></a><p>Shuttle Art Acrylic Paint Set, 30 x12ml Tubes Artist Quality Non Toxic Rich Pigments Colors Great for Kids Adults Professional Painting on Rocks Canvas Wood Clay Fabric Ceramic Crafts</p><p>$12.99 ($1.08 / Fl Oz)</p><a href="https://www.amazon.com/dp/B077WSBLZ1?tag=eloabder-20&linkCode=osi&th=1&psc=1">View Product</a></div><div class="product"><a href="https://www.amazon.com/dp/B00889Z5Y6?tag=eloabder-20&linkCode=osi&th=1&psc=1"><img src="https://m.media-amazon.com/images/I/41MQjsyDbSL._SL500_.jpg" alt="Product Image"></a><p>Apple Barrel Acrylic Paint in Assorted Colors (2 oz), 20764, Apricot</p><p>$0.58 ($0.29 / Fl Oz)</p><a href="https://www.amazon.com/dp/B00889Z5Y6?tag=eloabder-20&linkCode=osi&th=1&psc=1">View Product</a></div><div class="product"><a href="https://www.amazon.com/dp/B09TWQD5ZL?tag=eloabder-20&linkCode=osi&th=1&psc=1"><img src="https://m.media-amazon.com/images/I/41B0L003QXL._SL500_.jpg" alt="Product Image"></a><p>Artkey Acrylic Paint Set - 24 colors 2 oz/59 ml Acrylic Paints Professional Artists Painting Kit for Canvases Fabric Rock Leather Easter Egg Wood Ceramic Glass Art Craft Painting</p><p>$19.99 ($0.42 / Fl Oz)</p><a href="https://www.amazon.com/dp/B09TWQD5ZL?tag=eloabder-20&linkCode=osi&th=1&psc=1">View Product</a></div><div class="product"><a href="https://www.amazon.com/dp/B07Z93LQDB?tag=eloabder-20&linkCode=osi&th=1&psc=1"><img src="https://m.media-amazon.com/images/I/51veoN6zK0L._SL500_.jpg" alt="Product Image"></a><p>Shuttle Art Acrylic Paint Set, 36 Colors Acrylic Paint with Brushes & Palette, 2oz Bottles, Rich Pigments Non-toxic Paint for Artists Kids & Adults, Art Supplies for Canvas Rock Ceramic Wood Painting</p><p>$27.99</p><a href="https://www.amazon.com/dp/B07Z93LQDB?tag=eloabder-20&linkCode=osi&th=1&psc=1">View Product</a></div><div class="product"><a href="https://www.amazon.com/dp/B002665SYY?tag=eloabder-20&linkCode=osi&th=1&psc=1"><img src="https://m.media-amazon.com/images/I/31sJJeWK6OS._SL500_.jpg" alt="Product Image"></a><p>Liquitex BASICS Acrylic Paint, 250ml (8.5-oz) Tube, Titanium White</p><p>$9.99 ($1.18 / Fl Oz)</p><a href="https://www.amazon.com/dp/B002665SYY?tag=eloabder-20&linkCode=osi&th=1&psc=1">View Product</a></div>
<div class="product"><a href="https://www.amazon.com/dp/B0CC98XLGL?tag=eloabder-20&linkCode=osi&th=1&psc=1"><img src="https://m.media-amazon.com/images/I/51ZLw+nThiL._SL500_.jpg" alt="Product Image"></a><p>HUIRUSO 4 Pack Double Sided Tape Roller, Scrapbook Supplies, Glue Tape Roller for Crafts, Double-Sided Adhesive Tape Runner for Scrapbooking, School Office Journaling Supplies (0.31 in X 26.25 ft)</p><p>$6.99 ($1.75 / Count)</p><a href="https://www.amazon.com/dp/B0CC98XLGL?tag=eloabder-20&linkCode=osi&th=1&psc=1">View Product</a></div><div class="product"><a href="https://www.amazon.com/dp/B007XAAE6K?tag=eloabder-20&linkCode=osi&th=1&psc=1"><img src="https://m.media-amazon.com/images/I/414qxYVR0wL._SL500_.jpg" alt="Product Image"></a><p>Scotch Double Sided Tape Runner, 1-Pack, 0.27 in x 26 ft., Perfect for Holiday Crafts, Gifts, and More</p><p>$4.47</p><a href="https://www.amazon.com/dp/B007XAAE6K?tag=eloabder-20&linkCode=osi&th=1&psc=1">View Product</a></div><div class="product"><a href="https://www.amazon.com/dp/B0BZVGPFSK?tag=eloabder-20&linkCode=osi&th=1&psc=1"><img src="https://m.media-amazon.com/images/I/51-ue9+7JkL._SL500_.jpg" alt="Product Image"></a><p>Birllaid Double Sided Tape for Walls, Picture Hanging Strips Removable Mounting Dots Adhesive Heavy Duty, Removable for Art Craft, Decoration, Party Supplies, Multipurpose</p><p>$11.99</p><a href="https://www.amazon.com/dp/B0BZVGPFSK?tag=eloabder-20&linkCode=osi&th=1&psc=1">View Product</a></div><div class="product"><a href="https://www.amazon.com/dp/B0CGVN9SL1?tag=eloabder-20&linkCode=osi&th=1&psc=1"><img src="https://m.media-amazon.com/images/I/41Hy+i4CnoL._SL500_.jpg" alt="Product Image"></a><p>30Ft x 1 Inch Hook and Loop Strips with Adhesive,Double Rolls of Heavy Duty Self Adhesive Tape with Backing, Nylon Self Adhesive Tape for Home Office School and Crafting,White</p><p>$9.99</p><a href="https://www.amazon.com/dp/B0CGVN9SL1?tag=eloabder-20&linkCode=osi&th=1&psc=1">View Product</a></div><div class="product"><a href="https://www.amazon.com/dp/B07Y3VDPLF?tag=eloabder-20&linkCode=osi&th=1&psc=1"><img src="https://m.media-amazon.com/images/I/41cyKQ2OMuL._SL500_.jpg" alt="Product Image"></a><p>Melsan 1x4 inch Hook and Loop Strips with Adhesive - 15 Sets, Strong Back Adhesive Fasten Mounting Tape for Home or Office Use - Instead of Holes and Screws, Black</p><p>$7.82</p><a href="https://www.amazon.com/dp/B07Y3VDPLF?tag=eloabder-20&linkCode=osi&th=1&psc=1">View Product</a></div><div class="product"><a href="https://www.amazon.com/dp/B07V57VJT5?tag=eloabder-20&linkCode=osi&th=1&psc=1"><img src="https://m.media-amazon.com/images/I/514JO3bvl3L._SL500_.jpg" alt="Product Image"></a><p>XFasten Adhesive Roller for Scrapbooking, 8mm x 30ft 4-Pack Double Sided Glue Tape Roller, Scrapbook Supplies for Adults, Photo Tape for Scrapbooking</p><p>$9.99 ($2.50 / Count)</p><a href="https://www.amazon.com/dp/B07V57VJT5?tag=eloabder-20&linkCode=osi&th=1&psc=1">View Product</a></div><div class="product"><a href="https://www.amazon.com/dp/B07JLTGQHX?tag=eloabder-20&linkCode=osi&th=1&psc=1"><img src="https://m.media-amazon.com/images/I/51Eqfo7kUZL._SL500_.jpg" alt="Product Image"></a><p>UPINS 120 Pack Double Sided Foam Tape Square Self-Adhesive Foam Tape Black Strong Tape Pads for DIY Art Crafts Supplies</p><p>$9.99 ($0.08 / Count)</p><a href="https://www.amazon.com/dp/B07JLTGQHX?tag=eloabder-20&linkCode=osi&th=1&psc=1">View Product</a></div><div class="product"><a href="https://www.amazon.com/dp/B005FM6XF4?tag=eloabder-20&linkCode=osi&th=1&psc=1"><img src="https://m.media-amazon.com/images/I/51-vp1WJ89L._SL500_.jpg" alt="Product Image"></a><p>AdTech 5603 Permanent Crafter's Tape, 0.31" x 315", Pack of 4</p><p>$7.84 ($0.07 / Foot)</p><a href="https://www.amazon.com/dp/B005FM6XF4?tag=eloabder-20&linkCode=osi&th=1&psc=1">View Product</a></div><div class="product"><a href="https://www.amazon.com/dp/B0CJF1FLFJ?tag=eloabder-20&linkCode=osi&th=1&psc=1"><img src="https://m.media-amazon.com/images/I/51dig1RqzdL._SL500_.jpg" alt="Product Image"></a><p>UPINS 150Pack Double Sided Foam Tape Strong Sticky Double Sided Foam Pads for Crafts Self-Adhesive Mounting Foam Tape Heavy Duty for Home Wall Decor 40 * 40 * 2mm</p><p>$8.99 ($0.06 / Count)</p><a href="https://www.amazon.com/dp/B0CJF1FLFJ?tag=eloabder-20&linkCode=osi&th=1&psc=1">View Product</a></div><div class="product"><a href="https://www.amazon.com/dp/B0D4YWRGCL?tag=eloabder-20&linkCode=osi&th=1&psc=1"><img src="https://m.media-amazon.com/images/I/41EqJ553-KL._SL500_.jpg" alt="Product Image"></a><p>Amanbo Glue Tape for Scrapbooking, 6 Pack Scrapbook Tape, Double Sided Tape Roller for Crafts, Total 120 Ft x 0.24 in Tape Runner, Craft Supplies for Scrapbooking, Gift Wrapping and Photo Tape</p><p>$6.99</p><a href="https://www.amazon.com/dp/B0D4YWRGCL?tag=eloabder-20&linkCode=osi&th=1&psc=1">View Product</a></div>
<div class="product"><a href="https://www.amazon.com/dp/B0CC5HPPTN?tag=eloabder-20&linkCode=osi&th=1&psc=1"><img src="https://m.media-amazon.com/images/I/519M81S201L._SL500_.jpg" alt="Product Image"></a><p>Airbrush Paint - 30 Colors with 3 Thinner, Ready to Spray Airbrush Paint Set, Water-Based Acrylic Air brush Paints for Metal, Plastic Models, Canvas, Wood, 20ml/Bottle</p><p>$32.99 ($1.48 / Fl Oz)</p><a href="https://www.amazon.com/dp/B0CC5HPPTN?tag=eloabder-20&linkCode=osi&th=1&psc=1">View Product</a></div>
<div class="product"><a href="https://www.amazon.com/dp/B0CXPSGK36?tag=eloabder-20&linkCode=osi&th=1&psc=1"><img src="https://m.media-amazon.com/images/I/51dd2dYOtrL._SL500_.jpg" alt="Product Image"></a><p>Letter Stickers 30 Sheets 1500 PCS Large Alphabet Sticker 2 Inch Vinyl Self Adhesive Stick on Stickers for Water Bottles Cup Mailbox Number Address Craft Scrapbooking Bulletin Board Decor Multicolor</p><p>$9.99</p><a href="https://www.amazon.com/dp/B0CXPSGK36?tag=eloabder-20&linkCode=osi&th=1&psc=1">View Product</a></div><div class="product"><a href="https://www.amazon.com/dp/B07NNYFMGY?tag=eloabder-20&linkCode=osi&th=1&psc=1"><img src="https://m.media-amazon.com/images/I/51yDnU+gEXL._SL500_.jpg" alt="Product Image"></a><p>20 Sheets Alphabet Letter Stickers 10 Colors Self Adhesive Sticker Colorful PU Material Convex Feeling (Colored Letter Stickers 1)</p><p>$6.99 ($0.35 / Count)</p><a href="https://www.amazon.com/dp/B07NNYFMGY?tag=eloabder-20&linkCode=osi&th=1&psc=1">View Product</a></div>

<div class="product"><a href="https://www.amazon.com/dp/B01DDN8854?tag=eloabder-20&linkCode=osi&th=1&psc=1"><img src="https://m.media-amazon.com/images/I/61dPubDZBSL._SL500_.jpg" alt="Product Image"></a><p>Hugs 'n Kisses HNKHABY13 Applique Paper (20 Pack)</p><p>$19.72 ($0.99 / Count)</p><a href="https://www.amazon.com/dp/B01DDN8854?tag=eloabder-20&linkCode=osi&th=1&psc=1">View Product</a></div>
<div class="product"><a href="https://www.amazon.com/dp/B09KPNFJW1?tag=eloabder-20&linkCode=osi&th=1&psc=1"><img src="https://m.media-amazon.com/images/I/41abn5fELmL._SL500_.jpg" alt="Product Image"></a><p>UniPleased Disposable Aprons (50 Count), Plastic apron for Painting Party, Cooking, Housework, Picnic etc.</p><p>$5.69</p><a href="https://www.amazon.com/dp/B09KPNFJW1?tag=eloabder-20&linkCode=osi&th=1&psc=1">View Product</a></div>
<div class="product"><a href="https://www.amazon.com/dp/B087M21MM2?tag=eloabder-20&linkCode=osi&th=1&psc=1"><img src="https://m.media-amazon.com/images/I/41Xf-jehhLL._SL500_.jpg" alt="Product Image"></a><p>GOTIDEAL Stretched Canvas, Multi Pack 4x4, 5x7, 8x10,9x12, 11x14 Set of 10, Primed White - 100% Cotton Artist Canvas Boards for Painting, Acrylic Pouring, Oil Paint Dry & Wet Art Media</p><p>$24.99</p><a href="https://www.amazon.com/dp/B087M21MM2?tag=eloabder-20&linkCode=osi&th=1&psc=1">View Product</a></div><div class="product"><a href="https://www.amazon.com/dp/B00OQJYISG?tag=eloabder-20&linkCode=osi&th=1&psc=1"><img src="https://m.media-amazon.com/images/I/31fEDLPkkcL._SL500_.jpg" alt="Product Image"></a><p>6 Count 12” x 16” Super Value Canvas by Artist's Loft Necessities - Acid Free Cotton Canvas for Paint, Acrylic, & Oils - 1 Pack</p><p>$19.99</p><a href="https://www.amazon.com/dp/B00OQJYISG?tag=eloabder-20&linkCode=osi&th=1&psc=1">View Product</a></div><div class="product"><a href="https://www.amazon.com/dp/B09CDKB9HY?tag=eloabder-20&linkCode=osi&th=1&psc=1"><img src="https://m.media-amazon.com/images/I/51+p5xnClGL._SL500_.jpg" alt="Product Image"></a><p>DPDIAN Canvas Boards for Painting 40 Pack, 8 inch x 10 inch Super Value Pack, Artist Canvas Panels for Oil & Acrylic Painting</p><p>$29.99</p><a href="https://www.amazon.com/dp/B09CDKB9HY?tag=eloabder-20&linkCode=osi&th=1&psc=1">View Product</a></div><div class="product"><a href="https://www.amazon.com/dp/B0CFBGP29G?tag=eloabder-20&linkCode=osi&th=1&psc=1"><img src="https://m.media-amazon.com/images/I/3147Az5plbL._SL500_.jpg" alt="Product Image"></a><p>ArtSkills Stretched Canvases for Painting, 12x16 Canvas Painting Supplies for Artists, Blank Canvas Pack, 2-Pack</p><p>$16.99</p><a href="https://www.amazon.com/dp/B0CFBGP29G?tag=eloabder-20&linkCode=osi&th=1&psc=1">View Product</a></div><div class="product"><a href="https://www.amazon.com/dp/B07BNGQ1SS?tag=eloabder-20&linkCode=osi&th=1&psc=1"><img src="https://m.media-amazon.com/images/I/410ZVtygUwS._SL500_.jpg" alt="Product Image"></a><p>PHOENIX Stretched Canvas for Painting 8x10 Inch/10 Value Pack, 8 Oz Triple Primed 5/8 Inch Profile 100% Cotton White Blank Canvas, Artist Framed Canvas for Oil Acrylic & Pouring Art</p><p>$22.99</p><a href="https://www.amazon.com/dp/B07BNGQ1SS?tag=eloabder-20&linkCode=osi&th=1&psc=1">View Product</a></div><div class="product"><a href="https://www.amazon.com/dp/B0922JP1H4?tag=eloabder-20&linkCode=osi&th=1&psc=1"><img src="https://m.media-amazon.com/images/I/41BmiEND1KL._SL500_.jpg" alt="Product Image"></a><p>GOTIDEAL Canvases for Painting, 18 Pack Canvas Boards Multipack 4x4, 5x7, 8x10, 9x12,11x14,Primed White Blank Artist Canvas Variety Pack for Acrylic Paint, Oil Paint, Watercolor, Gouache</p><p>$19.99</p><a href="https://www.amazon.com/dp/B0922JP1H4?tag=eloabder-20&linkCode=osi&th=1&psc=1">View Product</a></div>


<div class="product"><a href="https://www.amazon.com/dp/B0872VFHBH?tag=eloabder-20&linkCode=osi&th=1&psc=1"><img src="https://m.media-amazon.com/images/I/51k3bekQheS._SL500_.jpg" alt="Product Image"></a><p>Bachmore Drawing Pad 9X12 Inch (110lb/180g), 60 Sheets, Top Spiral Bound Multi-Media for Artist Pro & Amateurs | Acrylic Art, Ink, Paint, Oil Pastels,Watercolor Mixed Media Sketch</p><p>$11.99</p><a href="https://www.amazon.com/dp/B0872VFHBH?tag=eloabder-20&linkCode=osi&th=1&psc=1">View Product</a></div><div class="product"><a href="https://www.amazon.com/dp/B0027A75A4?tag=eloabder-20&linkCode=osi&th=1&psc=1"><img src="https://m.media-amazon.com/images/I/51dyOxxcgYL._SL500_.jpg" alt="Product Image"></a><p>Strathmore 200 Series Sketch Pad, 9x12 inch, 100 Sheets, Tape Bound - Artist Sketchbook for Drawing, Illustration, Art Class Students</p><p>$6.99 ($0.07 / Count)</p><a href="https://www.amazon.com/dp/B0027A75A4?tag=eloabder-20&linkCode=osi&th=1&psc=1">View Product</a></div><div class="product"><a href="https://www.amazon.com/dp/B0BV13YQKX?tag=eloabder-20&linkCode=osi&th=1&psc=1"><img src="https://m.media-amazon.com/images/I/41VYfMpvXUL._SL500_.jpg" alt="Product Image"></a><p>Canson Graduate Watercolor Pad, Foldover, 9x12 inch, 20 Sheets | Artist Paper for Adults and Students - Painting, Gouache, Mixed Media and Ink</p><p>$4.97 ($0.41 / Count)</p><a href="https://www.amazon.com/dp/B0BV13YQKX?tag=eloabder-20&linkCode=osi&th=1&psc=1">View Product</a></div><div class="product"><a href="https://www.amazon.com/dp/B0024KMQ6K?tag=eloabder-20&linkCode=osi&th=1&psc=1"><img src="https://m.media-amazon.com/images/I/51sYdvPPUCL._SL500_.jpg" alt="Product Image"></a><p>Strathmore 400 Series Pastel Pad, Assorted Colors, 9"x12" Glue Bound, 24 Sheets</p><p>$9.11</p><a href="https://www.amazon.com/dp/B0024KMQ6K?tag=eloabder-20&linkCode=osi&th=1&psc=1">View Product</a></div><div class="product"><a href="https://www.amazon.com/dp/B00246O6PI?tag=eloabder-20&linkCode=osi&th=1&psc=1"><img src="https://m.media-amazon.com/images/I/517TUmckOIL._SL500_.jpg" alt="Product Image"></a><p>Strathmore 300 Series Drawing Paper Pad, Top Wire Bound, 11x14 inches, 50 Sheets (70lb/114g) - Artist Paper for Adults and Students - Charcoal, Colored Pencil, Ink, Pastel, Marker</p><p>$13.33</p><a href="https://www.amazon.com/dp/B00246O6PI?tag=eloabder-20&linkCode=osi&th=1&psc=1">View Product</a></div>
<div class="product"><a href="https://www.amazon.com/dp/B08ZMH7LJY?tag=eloabder-20&linkCode=osi&th=1&psc=1"><img src="https://m.media-amazon.com/images/I/51mJIsLJA-S._SL500_.jpg" alt="Product Image"></a><p>PANDAFLY Professional Drawing Sketching Pencil Set - 12 Pieces Graphite Pencils(14B - 2H), Ideal for Drawing Art, Sketching, Shading, Artist Pencils for Beginners & Pro Artists</p><p>$5.11</p><a href="https://www.amazon.com/dp/B08ZMH7LJY?tag=eloabder-20&linkCode=osi&th=1&psc=1">View Product</a></div><div class="product"><a href="https://www.amazon.com/dp/B088K1G5NL?tag=eloabder-20&linkCode=osi&th=1&psc=1"><img src="https://m.media-amazon.com/images/I/51F2bOMZWnL._SL500_.jpg" alt="Product Image"></a><p>MARKART Professional Drawing Sketching Pencil Set - 14 Pieces,Graphite,(12B - 4H), Ideal for Drawing Art, Sketching, Shading, Artist Pencils for Beginners & Pro Artists</p><p>$5.24</p><a href="https://www.amazon.com/dp/B088K1G5NL?tag=eloabder-20&linkCode=osi&th=1&psc=1">View Product</a></div><div class="product"><a href="https://www.amazon.com/dp/B08FHMRW4L?tag=eloabder-20&linkCode=osi&th=1&psc=1"><img src="https://m.media-amazon.com/images/I/51Pmn5gjyzL._SL500_.jpg" alt="Product Image"></a><p>Mr. Pen- Sketch Pencils for Drawing, 14 Pack, Drawing Pencils, Art Pencils, Graphite Pencils, Graphite Pencils for Drawing, Art Pencils for Drawing and Shading</p><p>$5.95</p><a href="https://www.amazon.com/dp/B08FHMRW4L?tag=eloabder-20&linkCode=osi&th=1&psc=1">View Product</a></div><div class="product"><a href="https://www.amazon.com/dp/B0BNQ58DC4?tag=eloabder-20&linkCode=osi&th=1&psc=1"><img src="https://m.media-amazon.com/images/I/51e-gQtCcCL._SL500_.jpg" alt="Product Image"></a><p>MARTCOLOR Drawing Sketching Pencils Set, 12 Pack Graphite Pencils(14B - 2H), Ideal for Drawing Art, Sketching, Shading, Artist Pencils for Beginners & Pro Artists</p><p>$5.99</p><a href="https://www.amazon.com/dp/B0BNQ58DC4?tag=eloabder-20&linkCode=osi&th=1&psc=1">View Product</a></div>

<div class="product"><a href="https://www.amazon.com/dp/B0851M3749?tag=eloabder-20&linkCode=osi&th=1&psc=1"><img src="https://m.media-amazon.com/images/I/41KKSGSDl5L._SL500_.jpg" alt="Product Image"></a><p>N NOROCME 12 PCS Blending Stumps and Tortillions Paper Art Blenders with Sandpaper Pencil Sharpener Pointer for Student Artist Charcoal Sketch Drawing Tools</p><p>$4.99</p><a href="https://www.amazon.com/dp/B0851M3749?tag=eloabder-20&linkCode=osi&th=1&psc=1">View Product</a></div><div class="product"><a href="https://www.amazon.com/dp/B09J3HKN8F?tag=eloabder-20&linkCode=osi&th=1&psc=1"><img src="https://m.media-amazon.com/images/I/51Qvx81eQLL._SL500_.jpg" alt="Product Image"></a><p>Eraser Pencils Set for Artists, Wooden Sketch Eraser Pen for Charcoal Drawings, Professional Highlight Painting Eraser for Sketching, Revise Erasing Details for Students Limner</p><p>$6.99</p><a href="https://www.amazon.com/dp/B09J3HKN8F?tag=eloabder-20&linkCode=osi&th=1&psc=1">View Product</a></div>
<div class="product"><a href="https://www.amazon.com/dp/B09WCQ89T8?tag=eloabder-20&linkCode=osi&th=1&psc=1"><img src="https://m.media-amazon.com/images/I/41gZz0qgBFL._SL500_.jpg" alt="Product Image"></a><p>Bernat BABY BLANKET BB Blue Dreams Yarn - 1 Pack of 10.5oz/300g - Polyester - #6 Super Bulky - 220 Yards - Knitting/Crochet</p><p>$6.97</p><a href="https://www.amazon.com/dp/B09WCQ89T8?tag=eloabder-20&linkCode=osi&th=1&psc=1">View Product</a></div><div class="product"><a href="https://www.amazon.com/dp/B07V5JVNFD?tag=eloabder-20&linkCode=osi&th=1&psc=1"><img src="https://m.media-amazon.com/images/I/41IS+HdtiOL._SL500_.jpg" alt="Product Image"></a><p>Lion Brand Yarn Basic Stitch Anti-Pilling Knitting Yarn, Yarn for Crocheting, 1-Pack, Baby Blue</p><p>$8.40 ($0.02 / Foot)</p><a href="https://www.amazon.com/dp/B07V5JVNFD?tag=eloabder-20&linkCode=osi&th=1&psc=1">View Product</a></div><div class="product"><a href="https://www.amazon.com/dp/B01M0AJID2?tag=eloabder-20&linkCode=osi&th=1&psc=1"><img src="https://m.media-amazon.com/images/I/41yVau0AUpL._SL500_.jpg" alt="Product Image"></a><p>Lion Brand Yarn (1 Skein) Lion Brand Yarn Babysoft Baby Yarn Yarn, Little Boy Blue Multicolor</p><p>$7.19 ($0.01 / Foot)</p><a href="https://www.amazon.com/dp/B01M0AJID2?tag=eloabder-20&linkCode=osi&th=1&psc=1">View Product</a></div><div class="product"><a href="https://www.amazon.com/dp/B09W1KHF42?tag=eloabder-20&linkCode=osi&th=1&psc=1"><img src="https://m.media-amazon.com/images/I/41maDlrio5L._SL500_.jpg" alt="Product Image"></a><p>Red Heart Super Saver Light Blue Yarn - 3 Pack of 198g/7oz - Acrylic - 4 Medium (Worsted) - 364 Yards - Knitting/Crochet</p><p>$13.29 ($4.43 / Count)</p><a href="https://www.amazon.com/dp/B09W1KHF42?tag=eloabder-20&linkCode=osi&th=1&psc=1">View Product</a></div><div class="product"><a href="https://www.amazon.com/dp/B08LKVZ3CX?tag=eloabder-20&linkCode=osi&th=1&psc=1"><img src="https://m.media-amazon.com/images/I/41GLizNx8UL._SL500_.jpg" alt="Product Image"></a><p>Bernat Baby Blanket Baby Blue Yarn - 3 Pack of 100g/3.5oz - Polyester - 6 Super Bulky - 72 Yards - Knitting/Crochet</p><p>$21.81</p><a href="https://www.amazon.com/dp/B08LKVZ3CX?tag=eloabder-20&linkCode=osi&th=1&psc=1">View Product</a></div><div class="product"><a href="https://www.amazon.com/dp/B0CHJ95WHJ?tag=eloabder-20&linkCode=osi&th=1&psc=1"><img src="https://m.media-amazon.com/images/I/314E1EQdihL._SL500_.jpg" alt="Product Image"></a><p>NORCIA Soft Velvet Yarn Chenille Yarn for Crocheting Baby Blanket Yarn for Knitting Amigurumi Yarn Fancy Yarn for Crochet Weaving Craft (Baby Blue, 1 Skein)</p><p>$9.99</p><a href="https://www.amazon.com/dp/B0CHJ95WHJ?tag=eloabder-20&linkCode=osi&th=1&psc=1">View Product</a></div>
<div class="product"><a href="https://www.amazon.com/dp/B0779F2TXJ?tag=eloabder-20&linkCode=osi&th=1&psc=1"><img src="https://m.media-amazon.com/images/I/31kqZr8DJzL._SL500_.jpg" alt="Product Image"></a><p>OPENDGO Feather Ballpoint Pen ，Black Ink Vintage Feather Quill Refined Plated Rod Quill Ballpoint Pen For School Writing ▏Wedding Gift Signature Pen (Black)</p><p>$6.97</p><a href="https://www.amazon.com/dp/B0779F2TXJ?tag=eloabder-20&linkCode=osi&th=1&psc=1">View Product</a></div><div class="product"><a href="https://www.amazon.com/dp/B0CQF3BJ3S?tag=eloabder-20&linkCode=osi&th=1&psc=1"><img src="https://m.media-amazon.com/images/I/41gs6AOiP6L._SL500_.jpg" alt="Product Image"></a><p>3 in 1 Retractable Ballpoint Pen with Light and Stylus, Nice Pens for Journaling Writing in The Dark - White/Red Light Tip- 0.7mm Black Ink</p><p>$12.99</p><a href="https://www.amazon.com/dp/B0CQF3BJ3S?tag=eloabder-20&linkCode=osi&th=1&psc=1">View Product</a></div><div class="product"><a href="https://www.amazon.com/dp/B08BBZ3B8G?tag=eloabder-20&linkCode=osi&th=1&psc=1"><img src="https://m.media-amazon.com/images/I/41cMHyw60wL._SL500_.jpg" alt="Product Image"></a><p>Mr. Pen- Pens, Black Pens, 12 Pack, Fast Dry, No Smear Pens, Bible Pens, Pens for Journaling, Pens No Bleed Through, Pens Fine Point, Journal Pens, Fine Tip, Planner Pens, Ball Point Journal Pens</p><p>$9.99</p><a href="https://www.amazon.com/dp/B08BBZ3B8G?tag=eloabder-20&linkCode=osi&th=1&psc=1">View Product</a></div><div class="product"><a href="https://www.amazon.com/dp/B0D4YWWGX6?tag=eloabder-20&linkCode=osi&th=1&psc=1"><img src="https://m.media-amazon.com/images/I/31xHBCCzJqL._SL500_.jpg" alt="Product Image"></a><p>PATIKIL 21cm/8" Feather Ballpoint Pen, 1Pcs Ink Vintage Quill Pen Refined Plated Dip Pen for Calligraphy Writing Signature Wedding Gift, Yellow</p><p>$7.49</p><a href="https://www.amazon.com/dp/B0D4YWWGX6?tag=eloabder-20&linkCode=osi&th=1&psc=1">View Product</a></div>

<div class="product"><a href="https://www.amazon.com/dp/B001TLDEVQ?tag=eloabder-20&linkCode=osi&th=1&psc=1"><img src="https://m.media-amazon.com/images/I/41jYF39F6lL._SL500_.jpg" alt="Product Image"></a><p>Beadalon SuppleMax Illusion Beading Cord, 0.40 mm / 0.016 in, Clear Monofilament, 50 m / 164 ft</p><p>$4.74</p><a href="https://www.amazon.com/dp/B001TLDEVQ?tag=eloabder-20&linkCode=osi&th=1&psc=1">View Product</a></div><div class="product"><a href="https://www.amazon.com/dp/B0D2HVFZ7Q?tag=eloabder-20&linkCode=osi&th=1&psc=1"><img src="https://m.media-amazon.com/images/I/41R66LMYz7L._SL500_.jpg" alt="Product Image"></a><p>Zxiixz 116Yards 0.5mm Bracelet String, Waxed String Cord for Bracelet Making, Beading Thread for Bracelet Beads, Friendship Bracelet String for Bracelet Making, Waxed Polyester Cord for Jewelry Making</p><p>$6.99</p><a href="https://www.amazon.com/dp/B0D2HVFZ7Q?tag=eloabder-20&linkCode=osi&th=1&psc=1">View Product</a></div><div class="product"><a href="https://www.amazon.com/dp/B07BNF8KH5?tag=eloabder-20&linkCode=osi&th=1&psc=1"><img src="https://m.media-amazon.com/images/I/51jVByheyVL._SL500_.jpg" alt="Product Image"></a><p>PH PandaHall 100 Yards 1mm Waxed Cotton Cord Thread Beading String for Bracelet Necklace Making Crafting Beading Macrame Vase Decor, Burlywood</p><p>$7.19 ($0.02 / Foot)</p><a href="https://www.amazon.com/dp/B07BNF8KH5?tag=eloabder-20&linkCode=osi&th=1&psc=1">View Product</a></div><div class="product"><a href="https://www.amazon.com/dp/B07HBPGXJG?tag=eloabder-20&linkCode=osi&th=1&psc=1"><img src="https://m.media-amazon.com/images/I/41xi8gO6kDL._SL500_.jpg" alt="Product Image"></a><p>Paxcoo 0.8mm Elastic String, Stretchy Bracelet String Crystal String Bead Cord for Bracelet, Beading and Jewelry Making (120m)</p><p>$6.99 ($0.02 / Foot)</p><a href="https://www.amazon.com/dp/B07HBPGXJG?tag=eloabder-20&linkCode=osi&th=1&psc=1">View Product</a></div><div class="product"><a href="https://www.amazon.com/dp/B0CNPST7D9?tag=eloabder-20&linkCode=osi&th=1&psc=1"><img src="https://m.media-amazon.com/images/I/41A9VISFC4L._SL500_.jpg" alt="Product Image"></a><p>Kblick Black Nylon String Cord - 1MM 100 Yards Black Twine, Bracelet String for Bracelet Making, Braided Ornament Lanyard Sting, Jewelry Thread Clay Bead String for Crafts, Macrame Satin Cord</p><p>$5.99 ($0.02 / Foot)</p><a href="https://www.amazon.com/dp/B0CNPST7D9?tag=eloabder-20&linkCode=osi&th=1&psc=1">View Product</a></div><div class="product"><a href="https://www.amazon.com/dp/B08GC3JF9X?tag=eloabder-20&linkCode=osi&th=1&psc=1"><img src="https://m.media-amazon.com/images/I/41FQZYhvQpL._SL500_.jpg" alt="Product Image"></a><p>Cheriswelry 100M 0.8mm Nylon Beading Cord Black Chinese Knotting Rattail Macrame Thread String Roll for Jewelry Making Kumihimo Wrapping Supplies DIY Crafts</p><p>$6.99 ($0.02 / Fl Oz)</p><a href="https://www.amazon.com/dp/B08GC3JF9X?tag=eloabder-20&linkCode=osi&th=1&psc=1">View Product</a></div><div class="product"><a href="https://www.amazon.com/dp/B0B3V9RWQC?tag=eloabder-20&linkCode=osi&th=1&psc=1"><img src="https://m.media-amazon.com/images/I/41F-OP+yCxL._SL500_.jpg" alt="Product Image"></a><p>Griffin Silk Bead Cord Perlseide – Black Color – Size 3 (0.50mm) – 2 Meters per Card – Stainless Steel Needle Attached – for Knotting Pearls, Gemstones, Crystals and Beads</p><p>$4.99 ($0.76 / Foot)</p><a href="https://www.amazon.com/dp/B0B3V9RWQC?tag=eloabder-20&linkCode=osi&th=1&psc=1">View Product</a></div><div class="product"><a href="https://www.amazon.com/dp/B08F49YVQP?tag=eloabder-20&linkCode=osi&th=1&psc=1"><img src="https://m.media-amazon.com/images/I/41yCMIpj0rS._SL500_.jpg" alt="Product Image"></a><p>1mm Stretchy Bracelet String, Sturdy Rainbow Elastic String Elastic Cord for Jewelry Making, Necklaces, Beading and Crafts</p><p>$6.99 ($0.04 / Foot)</p><a href="https://www.amazon.com/dp/B08F49YVQP?tag=eloabder-20&linkCode=osi&th=1&psc=1">View Product</a></div>

<div class="product"><a href="https://www.amazon.com/dp/B001GMUBJ6?tag=eloabder-20&linkCode=osi&th=1&psc=1"><img src="https://m.media-amazon.com/images/I/41V5qzn3H5L._SL500_.jpg" alt="Product Image"></a><p>The Beadsmith Fireline by Berkley – Micro-Fused Braided Thread – 6lb. Test, 006”/.15mm Diameter, 50 Yard Spool, Crystal Color – Super Strong Stringing Material for Jewelry Making and Bead Weaving</p><p>$12.59</p><a href="https://www.amazon.com/dp/B001GMUBJ6?tag=eloabder-20&linkCode=osi&th=1&psc=1">View Product</a></div><div class="product"><a href="https://www.amazon.com/dp/B001UAKK0Y?tag=eloabder-20&linkCode=osi&th=1&psc=1"><img src="https://m.media-amazon.com/images/I/41rY1D0wfuL._SL500_.jpg" alt="Product Image"></a><p>Beadalon Wildfire, 0.006 in, 0.15 mm, Break Strength 10 lb / 4.5 kg, Frost, 50 yd / 45 m</p><p>$8.85 ($0.06 / Foot)</p><a href="https://www.amazon.com/dp/B001UAKK0Y?tag=eloabder-20&linkCode=osi&th=1&psc=1">View Product</a></div><div class="product"><a href="https://www.amazon.com/dp/B095WY58F4?tag=eloabder-20&linkCode=osi&th=1&psc=1"><img src="https://m.media-amazon.com/images/I/41mXRfJqcjL._SL500_.jpg" alt="Product Image"></a><p>PH PandaHall 0.1mm Nylon Seed Bead Thread 100 Yards Black White Bracelet Cord Beading Thread Invisible Sewing Thread Nylon Braided Thread String for Leather Stitching Beading Jewelry Bracelets Making</p><p>$9.99 ($0.03 / Foot)</p><a href="https://www.amazon.com/dp/B095WY58F4?tag=eloabder-20&linkCode=osi&th=1&psc=1">View Product</a></div><div class="product"><a href="https://www.amazon.com/dp/B08RN2R2SZ?tag=eloabder-20&linkCode=osi&th=1&psc=1"><img src="https://m.media-amazon.com/images/I/41Tg2MMC++L._SL500_.jpg" alt="Product Image"></a><p>KO Nylon Beading Thread, White Color, Japanese Pre-Waxed 100% Nylon, 330TEX, Tangle Resistant Knotting Cords, 50m /55 yds Spool, Use for Seed Bead Projects, Loom Work & Bead Weaving</p><p>$7.06 ($0.04 / Foot)</p><a href="https://www.amazon.com/dp/B08RN2R2SZ?tag=eloabder-20&linkCode=osi&th=1&psc=1">View Product</a></div><div class="product"><a href="https://www.amazon.com/dp/B09J89ST79?tag=eloabder-20&linkCode=osi&th=1&psc=1"><img src="https://m.media-amazon.com/images/I/41hLuuOZeXL._SL500_.jpg" alt="Product Image"></a><p>2 Roll Polyester Thread, Heavy Duty Thread, 1500Yard/Reel 210D/3 nylon thread for sewing, Sewing Thread for Upholstery, Outdoor Market, Drapery, Leather, Beading, Crafts</p><p>$7.99 ($0.00 / Foot)</p><a href="https://www.amazon.com/dp/B09J89ST79?tag=eloabder-20&linkCode=osi&th=1&psc=1">View Product</a></div><div class="product"><a href="https://www.amazon.com/dp/B0C6MSY7QQ?tag=eloabder-20&linkCode=osi&th=1&psc=1"><img src="https://m.media-amazon.com/images/I/31Bn-MyA62L._SL500_.jpg" alt="Product Image"></a><p>PH PandaHall 0.1mm Nylon String 100 Yards Beading Thread White Nylon Seed Bead Thread Bracelet Beading Thread Sewing String for Leather Stitching Beading Jewelry Bracelets Making</p><p>$7.99 ($0.03 / Foot)</p><a href="https://www.amazon.com/dp/B0C6MSY7QQ?tag=eloabder-20&linkCode=osi&th=1&psc=1">View Product</a></div>

<div class="product"><a href="https://www.amazon.com/dp/B07NMNDT1W?tag=eloabder-20&linkCode=osi&th=1&psc=1"><img src="https://m.media-amazon.com/images/I/41-zwQIcVcL._SL500_.jpg" alt="Product Image"></a><p>Howemon White Beeswax Pellets 2LB 100% Pure and Natural Triple Filtered for Skin, Face, Body and Hair Care DIY Creams, Lotions, Lip Balm and Soap Making Supplies</p><p>$13.99 ($0.44 / Fl Oz)</p><a href="https://www.amazon.com/dp/B07NMNDT1W?tag=eloabder-20&linkCode=osi&th=1&psc=1">View Product</a></div><div class="product"><a href="https://www.amazon.com/dp/B00B3U0FW4?tag=eloabder-20&linkCode=osi&th=1&psc=1"><img src="https://m.media-amazon.com/images/I/51rWFCST+TL._SL500_.jpg" alt="Product Image"></a><p>Beesworks Yellow Beeswax Pellets (1 lb) | 100% Pure, Cosmetic Grade, Triple-Filtered Beeswax for DIY Skin care, Lip Balm, Lotion, and Candle Making</p><p>$13.99 ($0.87 / Ounce)</p><a href="https://www.amazon.com/dp/B00B3U0FW4?tag=eloabder-20&linkCode=osi&th=1&psc=1">View Product</a></div><div class="product"><a href="https://www.amazon.com/dp/B01LWX2IO1?tag=eloabder-20&linkCode=osi&th=1&psc=1"><img src="https://m.media-amazon.com/images/I/41MlNqhDyCL._SL500_.jpg" alt="Product Image"></a><p>Beesworks Yellow Beeswax Bars (6 oz) | 100% Pure, Cosmetic Grade, Triple-Filtered Beeswax for DIY Skin Care, Lip Balm, Lotion and Candle Making (1 oz Bars - Pack of 6)</p><p>$6.99</p><a href="https://www.amazon.com/dp/B01LWX2IO1?tag=eloabder-20&linkCode=osi&th=1&psc=1">View Product</a></div><div class="product"><a href="https://www.amazon.com/dp/B0BV77F19N?tag=eloabder-20&linkCode=osi&th=1&psc=1"><img src="https://m.media-amazon.com/images/I/41xzHaO1-EL._SL500_.jpg" alt="Product Image"></a><p>Beeswax Pellets 10LB Cosmetic Beeswax Triple Filtered Beeswax Pastilles for Candle Making Great for DIY Projects Creams Lotions Lip Balm and Soap Making Supplies(10LB)</p><p>$32.99</p><a href="https://www.amazon.com/dp/B0BV77F19N?tag=eloabder-20&linkCode=osi&th=1&psc=1">View Product</a></div><div class="product"><a href="https://www.amazon.com/dp/B0C9QSG3CY?tag=eloabder-20&linkCode=osi&th=1&psc=1"><img src="https://m.media-amazon.com/images/I/414XQcU6SRL._SL500_.jpg" alt="Product Image"></a><p>YASNAY White Beeswax Pellets 2LB, 100% Organic Beeswax, Beeswax for Candle Making, Body, Skin Care DIY, Lip Balm and Soap Making Supplies</p><p>$11.99</p><a href="https://www.amazon.com/dp/B0C9QSG3CY?tag=eloabder-20&linkCode=osi&th=1&psc=1">View Product</a></div><div class="product"><a href="https://www.amazon.com/dp/B097HTC4WN?tag=eloabder-20&linkCode=osi&th=1&psc=1"><img src="https://m.media-amazon.com/images/I/51pwMM7C6-L._SL500_.jpg" alt="Product Image"></a><p>Eco Lux 8 Yellow Beeswax Blocks 100% Pure Natural Organic Bees Wax 6.5oz</p><p>$8.49 ($1.35 / Ounce)</p><a href="https://www.amazon.com/dp/B097HTC4WN?tag=eloabder-20&linkCode=osi&th=1&psc=1">View Product</a></div><div class="product"><a href="https://www.amazon.com/dp/B00HDHQQCE?tag=eloabder-20&linkCode=osi&th=1&psc=1"><img src="https://m.media-amazon.com/images/I/41vF-7MwNhL._SL500_.jpg" alt="Product Image"></a><p>Murray's 100% Pure Beeswax 4 oz</p><p>$5.98 ($1.50 / Ounce)</p><a href="https://www.amazon.com/dp/B00HDHQQCE?tag=eloabder-20&linkCode=osi&th=1&psc=1">View Product</a></div><div class="product"><a href="https://www.amazon.com/dp/B09YM8JTLM?tag=eloabder-20&linkCode=osi&th=1&psc=1"><img src="https://m.media-amazon.com/images/I/41cjNuBnFEL._SL500_.jpg" alt="Product Image"></a><p>TRINIDa Beeswax Pellets 2LB(32 oz), 100% Organic Yellow Bees Wax for DIY Candles, Beeswax for Candle Making, Skin, Body, Face, and Hair Care, Lotions, DIY Creams, Lip Balm and Soap Making Supplies</p><p>$11.99</p><a href="https://www.amazon.com/dp/B09YM8JTLM?tag=eloabder-20&linkCode=osi&th=1&psc=1">View Product</a></div><div class="product"><a href="https://www.amazon.com/dp/B00F3CNMV4?tag=eloabder-20&linkCode=osi&th=1&psc=1"><img src="https://m.media-amazon.com/images/I/31pjrRAEa4L._SL500_.jpg" alt="Product Image"></a><p>Stakich Yellow Beeswax Block - Natural, Triple Filtered - 1 Pound, Honey Scent</p><p>$13.95 ($0.87 / Ounce)</p><a href="https://www.amazon.com/dp/B00F3CNMV4?tag=eloabder-20&linkCode=osi&th=1&psc=1">View Product</a></div><div class="product"><a href="https://www.amazon.com/dp/B0BXFZBZS9?tag=eloabder-20&linkCode=osi&th=1&psc=1"><img src="https://m.media-amazon.com/images/I/4178i9IB9KL._SL500_.jpg" alt="Product Image"></a><p>5LB Beeswax Pellets Beeswax for Candle Making Organic Beeswax Pellets for Skin Beeswax Beads Beeswax Bulk Beeswax for Lotion Making Organic for DIY and Craft Project</p><p>$22.99</p><a href="https://www.amazon.com/dp/B0BXFZBZS9?tag=eloabder-20&linkCode=osi&th=1&psc=1">View Product</a></div>
<div class="product"><a href="https://www.amazon.com/dp/B0052F1BVK?tag=eloabder-20&linkCode=osi&th=1&psc=1"><img src="https://m.media-amazon.com/images/I/41zE9eiGoLL._SL500_.jpg" alt="Product Image"></a><p>ACC Staples Large Binder Clips, 2" Width, 1" Capacity, Black, 12/Pk</p><p>$6.30</p><a href="https://www.amazon.com/dp/B0052F1BVK?tag=eloabder-20&linkCode=osi&th=1&psc=1">View Product</a></div><div class="product"><a href="https://www.amazon.com/dp/B07MLFR771?tag=eloabder-20&linkCode=osi&th=1&psc=1"><img src="https://m.media-amazon.com/images/I/51N2wxA7N0L._SL500_.jpg" alt="Product Image"></a><p>CooBigo 50 Pack Binder Ring, Metal Book Ring Paper Ring Holder 5/8-Inch Loose Leaf Binder Ring Clip for Index Card, Flash Card Ring, Card Calendar, Keychain Key Ring - Bronze</p><p>$6.99</p><a href="https://www.amazon.com/dp/B07MLFR771?tag=eloabder-20&linkCode=osi&th=1&psc=1">View Product</a></div><div class="product"><a href="https://www.amazon.com/dp/B01563NHGY?tag=eloabder-20&linkCode=osi&th=1&psc=1"><img src="https://m.media-amazon.com/images/I/41gj+0ZftqL._SL500_.jpg" alt="Product Image"></a><p>vanki Pack of 40 Cute Lovely Smiling Face Spring-Loaded File Organizer Paper Holder Metal Binder Clips, Assorted Color</p><p>$8.99</p><a href="https://www.amazon.com/dp/B01563NHGY?tag=eloabder-20&linkCode=osi&th=1&psc=1">View Product</a></div><div class="product"><a href="https://www.amazon.com/dp/B000GOUDSO?tag=eloabder-20&linkCode=osi&th=1&psc=1"><img src="https://m.media-amazon.com/images/I/41ZANISHgML._SL500_.jpg" alt="Product Image"></a><p>Small Binder Clips .75" 8/Pkg-Assorted Colors</p><p>$4.46</p><a href="https://www.amazon.com/dp/B000GOUDSO?tag=eloabder-20&linkCode=osi&th=1&psc=1">View Product</a></div>
<div class="product"><a href="https://www.amazon.com/dp/B07PRPX4VR?tag=eloabder-20&linkCode=osi&th=1&psc=1"><img src="https://m.media-amazon.com/images/I/41IMH12fdPL._SL500_.jpg" alt="Product Image"></a><p>Durable Sheet Lifters, Durable Easy Flow, 11" x 3", Lifts Sheets Over Rings and Protects Sheets from Tearing, Fit Standard 3-Ring Binders, Black (20 Pack)</p><p>$14.99</p><a href="https://www.amazon.com/dp/B07PRPX4VR?tag=eloabder-20&linkCode=osi&th=1&psc=1">View Product</a></div><div class="product"><a href="https://www.amazon.com/dp/B0CM8QJHFW?tag=eloabder-20&linkCode=osi&th=1&psc=1"><img src="https://m.media-amazon.com/images/I/31cJGS74oCL._SL500_.jpg" alt="Product Image"></a><p>Wantane D-Shaped Tape Storage Ring Tape Storage Ring 4" D-Shaped Washi Tape Storage Ring for DIY Decoration and Storage（Nickel）-2PCS</p><p>$7.99</p><a href="https://www.amazon.com/dp/B0CM8QJHFW?tag=eloabder-20&linkCode=osi&th=1&psc=1">View Product</a></div>
<div class="product"><a href="https://www.amazon.com/dp/B00006IAS3?tag=eloabder-20&linkCode=osi&th=1&psc=1"><img src="https://m.media-amazon.com/images/I/317DvSXhT1L._SL500_.jpg" alt="Product Image"></a><p>GBC Binding System, Manual, Desktop Binding Punch, 6 Sheet Punch Capacity, ProClick P50 (2515650)</p><p>$123.89</p><a href="https://www.amazon.com/dp/B00006IAS3?tag=eloabder-20&linkCode=osi&th=1&psc=1">View Product</a></div><div class="product"><a href="https://www.amazon.com/dp/B004BP81KQ?tag=eloabder-20&linkCode=osi&th=1&psc=1"><img src="https://m.media-amazon.com/images/I/51SqfeZ12KL._SL500_.jpg" alt="Product Image"></a><p>We R Memory Keepers Cinch Book Binding Wire (1-Inch, Silver (2 Pack))</p><p>$5.99</p><a href="https://www.amazon.com/dp/B004BP81KQ?tag=eloabder-20&linkCode=osi&th=1&psc=1">View Product</a></div>

<div class="product"><a href="https://www.amazon.com/dp/B0007ZJ8TM?tag=eloabder-20&linkCode=osi&th=1&psc=1"><img src="https://m.media-amazon.com/images/I/41i49sz3UAL._SL500_.jpg" alt="Product Image"></a><p>Speedball Super Black India Ink, 2-Ounce</p><p>$9.99 ($9.99 / Count)</p><a href="https://www.amazon.com/dp/B0007ZJ8TM?tag=eloabder-20&linkCode=osi&th=1&psc=1">View Product</a></div><div class="product"><a href="https://www.amazon.com/dp/B0026I10AI?tag=eloabder-20&linkCode=osi&th=1&psc=1"><img src="https://m.media-amazon.com/images/I/31vklP4uBsL._SL500_.jpg" alt="Product Image"></a><p>Dr. Ph. Martin's Bombay India (7BY) Ink Bottle, 1.0 oz, Black</p><p>$6.99</p><a href="https://www.amazon.com/dp/B0026I10AI?tag=eloabder-20&linkCode=osi&th=1&psc=1">View Product</a></div><div class="product"><a href="https://www.amazon.com/dp/B000KNP96C?tag=eloabder-20&linkCode=osi&th=1&psc=1"><img src="https://m.media-amazon.com/images/I/51e9srYtG0L._SL500_.jpg" alt="Product Image"></a><p>Winsor & Newton Drawing Ink, 14ml Bottle, Black Indian</p><p>$10.99</p><a href="https://www.amazon.com/dp/B000KNP96C?tag=eloabder-20&linkCode=osi&th=1&psc=1">View Product</a></div><div class="product"><a href="https://www.amazon.com/dp/B07BQG5QF4?tag=eloabder-20&linkCode=osi&th=1&psc=1"><img src="https://m.media-amazon.com/images/I/41nEMDYZaiL._SL500_.jpg" alt="Product Image"></a><p>Speedball Super Black India Ink, 16-Ounce</p><p>$19.99</p><a href="https://www.amazon.com/dp/B07BQG5QF4?tag=eloabder-20&linkCode=osi&th=1&psc=1">View Product</a></div><div class="product"><a href="https://www.amazon.com/dp/B001038NLY?tag=eloabder-20&linkCode=osi&th=1&psc=1"><img src="https://m.media-amazon.com/images/I/418i4sxJJ0L._SL500_.jpg" alt="Product Image"></a><p>Speedball Fabric Screen Printing Ink, 8-Ounce, Black for T-Shirt and Silkscreen Printmaking</p><p>$12.99 ($1.62 / Fl Oz)</p><a href="https://www.amazon.com/dp/B001038NLY?tag=eloabder-20&linkCode=osi&th=1&psc=1">View Product</a></div><div class="product"><a href="https://www.amazon.com/dp/B00161OPSA?tag=eloabder-20&linkCode=osi&th=1&psc=1"><img src="https://m.media-amazon.com/images/I/41C32y3CJAL._SL500_.jpg" alt="Product Image"></a><p>Tsukineko VersaFine inkpad, Full-Size, Onyx Black</p><p>$4.99 ($4.99 / Count)</p><a href="https://www.amazon.com/dp/B00161OPSA?tag=eloabder-20&linkCode=osi&th=1&psc=1">View Product</a></div>
<div class="product"><a href="https://www.amazon.com/dp/B07Q4TJCDJ?tag=eloabder-20&linkCode=osi&th=1&psc=1"><img src="https://m.media-amazon.com/images/I/315HYvYg-BL._SL500_.jpg" alt="Product Image"></a><p>Primbeeks 300pcs Blank Business Cards, Premium Blank White Cards, 3.5" x 2.2" Small Blank Cards, Blank Cardstock Cards, Small Note Cards, white blank cards, white business cards, kraft paper cards</p><p>$7.99</p><a href="https://www.amazon.com/dp/B07Q4TJCDJ?tag=eloabder-20&linkCode=osi&th=1&psc=1">View Product</a></div><div class="product"><a href="https://www.amazon.com/dp/B0CRGHFLT8?tag=eloabder-20&linkCode=osi&th=1&psc=1"><img src="https://m.media-amazon.com/images/I/41S1NLpb8hL._SL500_.jpg" alt="Product Image"></a><p>Watercolor Cards and Envelopes Set - 50 Folded 5x7 Inch Blank Heavyweight Paper Cards (140lb/300gsm) with Matching Envelopes for DIY Greeting Cards, Festivals, and Events</p><p>$17.99 ($0.36 / Count)</p><a href="https://www.amazon.com/dp/B0CRGHFLT8?tag=eloabder-20&linkCode=osi&th=1&psc=1">View Product</a></div><div class="product"><a href="https://www.amazon.com/dp/B08MX4TZ3H?tag=eloabder-20&linkCode=osi&th=1&psc=1"><img src="https://m.media-amazon.com/images/I/41D2u4vdLQL._SL500_.jpg" alt="Product Image"></a><p>50 Pack Blank Kraft Cards Cardstock Thick Paper Brown Greeting Cards for DIY Gift Card Menus, Baby Shower and Wedding Invitations (Multicolored, 5x7IN)</p><p>$8.99</p><a href="https://www.amazon.com/dp/B08MX4TZ3H?tag=eloabder-20&linkCode=osi&th=1&psc=1">View Product</a></div><div class="product"><a href="https://www.amazon.com/dp/B08BDGGVMK?tag=eloabder-20&linkCode=osi&th=1&psc=1"><img src="https://m.media-amazon.com/images/I/41W-dTUoBqL._SL500_.jpg" alt="Product Image"></a><p>100pcs 3.54"x2" Blank Kraft Paper Business Card, Words Message Notes paper Tags, Mini Craft Cardboard Festival gifts - 6 colors</p><p>$5.98</p><a href="https://www.amazon.com/dp/B08BDGGVMK?tag=eloabder-20&linkCode=osi&th=1&psc=1">View Product</a></div><div class="product"><a href="https://www.amazon.com/dp/B08BFDJJ78?tag=eloabder-20&linkCode=osi&th=1&psc=1"><img src="https://m.media-amazon.com/images/I/61LZ1Csb+dL._SL500_.jpg" alt="Product Image"></a><p>Nettbe 100pcs 3.54"x2" Blank Kraft Paper Business Card, Words Message Notes paper Tags, Mini Craft Cardboard Festival gifts</p><p>$5.99</p><a href="https://www.amazon.com/dp/B08BFDJJ78?tag=eloabder-20&linkCode=osi&th=1&psc=1">View Product</a></div><div class="product"><a href="https://www.amazon.com/dp/B07Q8YBJM3?tag=eloabder-20&linkCode=osi&th=1&psc=1"><img src="https://m.media-amazon.com/images/I/31w6U4cCqEL._SL500_.jpg" alt="Product Image"></a><p>Primbeeks 228pcs Blank Business Cards, Premium Blank White Cards, 3.5" x 2.2" Small Blank Cards, Blank Cardstock Cards, Small Note Cards, white blank cards, white business cards, kraft paper cards</p><p>$5.99</p><a href="https://www.amazon.com/dp/B07Q8YBJM3?tag=eloabder-20&linkCode=osi&th=1&psc=1">View Product</a></div><div class="product"><a href="https://www.amazon.com/dp/B08X4Z9TGN?tag=eloabder-20&linkCode=osi&th=1&psc=1"><img src="https://m.media-amazon.com/images/I/41Jqhe35tDL._SL500_.jpg" alt="Product Image"></a><p>321Done Blank Rustic Cards, Made in USA - 4x6 Thick, Heavy Cardstock - Make Invites, Greeting, Note, Thank You Cards - Plain Kraft for Writing, Stamping, Printing, Art - No Envelopes - Set of 50</p><p>$14.99</p><a href="https://www.amazon.com/dp/B08X4Z9TGN?tag=eloabder-20&linkCode=osi&th=1&psc=1">View Product</a></div><div class="product"><a href="https://www.amazon.com/dp/B0D2KDWBNM?tag=eloabder-20&linkCode=osi&th=1&psc=1"><img src="https://m.media-amazon.com/images/I/31dAhnBJ7aL._SL500_.jpg" alt="Product Image"></a><p>4x6 Blank White Cardstock (Set of 100) - Card Stock for Printer Postcards, Photo Paper Invitations, Greeting, Note, Thank You, DIY Making, Index Cards - Plain for Writing, Stamping, Printing, Art</p><p>$8.99</p><a href="https://www.amazon.com/dp/B0D2KDWBNM?tag=eloabder-20&linkCode=osi&th=1&psc=1">View Product</a></div><div class="product"><a href="https://www.amazon.com/dp/B0BB858RYN?tag=eloabder-20&linkCode=osi&th=1&psc=1"><img src="https://m.media-amazon.com/images/I/317zmriPKNL._SL500_.jpg" alt="Product Image"></a><p>WANDERINGS Handmade White Deckle Edge Blank Greeting Cards- Folded to 5x7” - Pack of 25 - Writers, Artists, Crafters - Thank Yous, Invitations, Menus, Greeting Cards, Notes - Thick 150 GSM</p><p>$21.99 ($0.88 / Count)</p><a href="https://www.amazon.com/dp/B0BB858RYN?tag=eloabder-20&linkCode=osi&th=1&psc=1">View Product</a></div><div class="product"><a href="https://www.amazon.com/dp/B0BZPPXRZW?tag=eloabder-20&linkCode=osi&th=1&psc=1"><img src="https://m.media-amazon.com/images/I/21Da-WQhrpL._SL500_.jpg" alt="Product Image"></a><p>100 Pack Thick Paper Cardstock Blank Heavy Cards Stock for Invitations, Greeting Cards Making, Postcards, Photos, 250GSM Thick Paper (White, 2x3.5 inches)</p><p>$5.99</p><a href="https://www.amazon.com/dp/B0BZPPXRZW?tag=eloabder-20&linkCode=osi&th=1&psc=1">View Product</a></div>
<div class="product"><a href="https://www.amazon.com/dp/B0BZRDQKH6?tag=eloabder-20&linkCode=osi&th=1&psc=1"><img src="https://m.media-amazon.com/images/I/41GYYRiusgL._SL500_.jpg" alt="Product Image"></a><p>feela 8 Pack Unlined Kraft Paper Notebooks, Blank Journal Note Pad for Drawing Writing, Small Sketchbook Travel Journal Bulk for Women Kids Students Office School Supplies, A5, 60 Pages, 8.3” X 5.5”</p><p>$9.99</p><a href="https://www.amazon.com/dp/B0BZRDQKH6?tag=eloabder-20&linkCode=osi&th=1&psc=1">View Product</a></div><div class="product"><a href="https://www.amazon.com/dp/B0BXLB74KK?tag=eloabder-20&linkCode=osi&th=1&psc=1"><img src="https://m.media-amazon.com/images/I/313vYzg7HpL._SL500_.jpg" alt="Product Image"></a><p>ZZTX 4 Pack Blank Kraft Notebooks, Blank Paper Sketchbooks for Drawing Doodling Writing,Travel Journal Set, A5, 36 Pages, 8.3” X 5.5”</p><p>$5.99</p><a href="https://www.amazon.com/dp/B0BXLB74KK?tag=eloabder-20&linkCode=osi&th=1&psc=1">View Product</a></div><div class="product"><a href="https://www.amazon.com/dp/B0BW5TNPXJ?tag=eloabder-20&linkCode=osi&th=1&psc=1"><img src="https://m.media-amazon.com/images/I/31Wu8UP78iL._SL500_.jpg" alt="Product Image"></a><p>EOOUT Kraft Notebooks, Blank Page Journals in Bulk, 16pcs A5, 8.3 X 5.5 Inches, 60 Pages, 80gsm, Travel Journal Set, for Art Camp, Travelers, Students and Office Supplies Sketchbooks Bulk for Kids</p><p>$15.99</p><a href="https://www.amazon.com/dp/B0BW5TNPXJ?tag=eloabder-20&linkCode=osi&th=1&psc=1">View Product</a></div><div class="product"><a href="https://www.amazon.com/dp/B08P3F46SD?tag=eloabder-20&linkCode=osi&th=1&psc=1"><img src="https://m.media-amazon.com/images/I/41jeBDcZJ1L._SL500_.jpg" alt="Product Image"></a><p>Krafty Soft Cover Blank Notebook Journal, Spiral Sketchbook Pad, Drawing Book, 60 Sheets/140gsm (A4)/120 Pages</p><p>$7.99</p><a href="https://www.amazon.com/dp/B08P3F46SD?tag=eloabder-20&linkCode=osi&th=1&psc=1">View Product</a></div><div class="product"><a href="https://www.amazon.com/dp/B0CWNPMC4T?tag=eloabder-20&linkCode=osi&th=1&psc=1"><img src="https://m.media-amazon.com/images/I/31BZeVGe6TL._SL500_.jpg" alt="Product Image"></a><p>zmybcpack 5 Pack Blank Journal Notebooks, Blank Paper Sketchbook for Drawing Writing, Travel Journal Notebook Kraft Paper Notebook for Travelers, Students, Office, A5, 8.26” x 5.5”, 60 Pages/30 Sheets</p><p>$8.99</p><a href="https://www.amazon.com/dp/B0CWNPMC4T?tag=eloabder-20&linkCode=osi&th=1&psc=1">View Product</a></div><div class="product"><a href="https://www.amazon.com/dp/B07WHYP9WN?tag=eloabder-20&linkCode=osi&th=1&psc=1"><img src="https://m.media-amazon.com/images/I/41ZhyCux1yL._SL500_.jpg" alt="Product Image"></a><p>Thick Blank Journal Notebook with Unlined / Unruled / Plain Pages | Deluxe 120gsm Ink Resistant Paper for Writing, Sketch Book, 160 Pages | Hardcover Sketchbook with Pen Holder, Pocket, Ribbon (Black)</p><p>$14.99</p><a href="https://www.amazon.com/dp/B07WHYP9WN?tag=eloabder-20&linkCode=osi&th=1&psc=1">View Product</a></div>
<div class="product"><a href="https://www.amazon.com/dp/B07MT7HKZW?tag=eloabder-20&linkCode=osi&th=1&psc=1"><img src="https://m.media-amazon.com/images/I/413JwH5JREL._SL500_.jpg" alt="Product Image"></a><p>Spiral Sketch Book Large Notebook（Built-in Drawing Board） Kraft Cover Blank Sketch Pad Wirebound Sketching for Drawing Painting 8.5x11-Inch (2 Pack) 200 Sheets, 100 Sheets, 200Pages Each</p><p>$17.99 ($9.00 / Count)</p><a href="https://www.amazon.com/dp/B07MT7HKZW?tag=eloabder-20&linkCode=osi&th=1&psc=1">View Product</a></div><div class="product"><a href="https://www.amazon.com/dp/B0BDQ82WB9?tag=eloabder-20&linkCode=osi&th=1&psc=1"><img src="https://m.media-amazon.com/images/I/51FoWr3GPwL._SL500_.jpg" alt="Product Image"></a><p>feela 170 Pack Blank Kraft Notebooks, Unlined Sketchbook Mini Cute Note Pad for Drawing Writing, Journal Bulk For Kids Students Office School Supplies, A6, 48 Pages, 4.25” X 5.5”, Black and Brown</p><p>$51.99</p><a href="https://www.amazon.com/dp/B0BDQ82WB9?tag=eloabder-20&linkCode=osi&th=1&psc=1">View Product</a></div><div class="product"><a href="https://www.amazon.com/dp/B0B3WWHWT2?tag=eloabder-20&linkCode=osi&th=1&psc=1"><img src="https://m.media-amazon.com/images/I/31m0FzXtPxL._SL500_.jpg" alt="Product Image"></a><p>Tamaki 6 Pack Colorful Blank Books for kids to Write, Drawing, Cute Sketchbook for Kid, 6 Colors (4.25 x 5.5 Inches)</p><p>$6.99</p><a href="https://www.amazon.com/dp/B0B3WWHWT2?tag=eloabder-20&linkCode=osi&th=1&psc=1">View Product</a></div>
<div class="product"><a href="https://www.amazon.com/dp/B0BGH2P9M6?tag=eloabder-20&linkCode=osi&th=1&psc=1"><img src="https://m.media-amazon.com/images/I/41ozOaYoHEL._SL500_.jpg" alt="Product Image"></a><p>EOOUT 100pcs A5 Kraft Notebooks, Blank Page Journals in Bulk, Sketchbooks Bulk for Kids, 60 Pages, 80GSM, 8.3 X 5.5 Inch, Travel Journal Set, for Art Camp, Travelers, Students and Office Supplies</p><p>$51.99</p><a href="https://www.amazon.com/dp/B0BGH2P9M6?tag=eloabder-20&linkCode=osi&th=1&psc=1">View Product</a></div><div class="product"><a href="https://www.amazon.com/dp/B07MT99F94?tag=eloabder-20&linkCode=osi&th=1&psc=1"><img src="https://m.media-amazon.com/images/I/41Ug7gpSWDL._SL500_.jpg" alt="Product Image"></a><p>Spiral Sketch Book Large Notebook（Built-in Drawing Board） Kraft Cover Blank Sketch Pad Wirebound Sketching for Drawing Painting 8.5x11-Inch (1 Pack) 200 Pages, 100 Sheets</p><p>$9.99</p><a href="https://www.amazon.com/dp/B07MT99F94?tag=eloabder-20&linkCode=osi&th=1&psc=1">View Product</a></div><div class="product"><a href="https://www.amazon.com/dp/B07CM32KLM?tag=eloabder-20&linkCode=osi&th=1&psc=1"><img src="https://m.media-amazon.com/images/I/41ENhBLE9DL._SL500_.jpg" alt="Product Image"></a><p>Kraft Cover Drawing Notebook & Sketchbook – Set of 2 Blank Plain Sketch Books – 125g Thick Paper A5 Size, 150x210mm Paper Ideal for Drawing & Sketching- 128 sheets/256 pages – 180 Degree Opening, 2pcs</p><p>$20.99 ($0.08 / Count)</p><a href="https://www.amazon.com/dp/B07CM32KLM?tag=eloabder-20&linkCode=osi&th=1&psc=1">View Product</a></div><div class="product"><a href="https://www.amazon.com/dp/B08ZLMLF7C?tag=eloabder-20&linkCode=osi&th=1&psc=1"><img src="https://m.media-amazon.com/images/I/41X-5yj83vL._SL500_.jpg" alt="Product Image"></a><p>BEECHMORE BOOKS Sketch Book, A4 8.5 x 11.5 inch Blank Sketchbook for Drawing, Paint and Draw, 156 Pages Thick Paper 160gsm, Hardcover Leather Art Notebook, Boxed for Gifts (Chestnut Brown)</p><p>$21.20</p><a href="https://www.amazon.com/dp/B08ZLMLF7C?tag=eloabder-20&linkCode=osi&th=1&psc=1">View Product</a></div>
<div class="product"><a href="https://www.amazon.com/dp/B075M9MSFH?tag=eloabder-20&linkCode=osi&th=1&psc=1"><img src="https://m.media-amazon.com/images/I/51x+szTX6TL._SL500_.jpg" alt="Product Image"></a><p>Bianyo Bleedproof Marker Paper Pad, A4(8.27"X11.69"), 50 Sheets, 18 LB / 70 GSM, Glue-Bound, 100% Cotton, White, Ideal for Use with Markers and Ink Mediums</p><p>$9.99</p><a href="https://www.amazon.com/dp/B075M9MSFH?tag=eloabder-20&linkCode=osi&th=1&psc=1">View Product</a></div><div class="product"><a href="https://www.amazon.com/dp/B08FX5S2NL?tag=eloabder-20&linkCode=osi&th=1&psc=1"><img src="https://m.media-amazon.com/images/I/41CA0ZfazKL._SL500_.jpg" alt="Product Image"></a><p>Marker Paper Sketchbook, Bleedproof Art Marker Pad, (8.27 X 11.69) Inch, White, 40 Sheets</p><p>$6.99</p><a href="https://www.amazon.com/dp/B08FX5S2NL?tag=eloabder-20&linkCode=osi&th=1&psc=1">View Product</a></div><div class="product"><a href="https://www.amazon.com/dp/B0CJRBFSJ8?tag=eloabder-20&linkCode=osi&th=1&psc=1"><img src="https://m.media-amazon.com/images/I/51DLA8TpwEL._SL500_.jpg" alt="Product Image"></a><p>Shuttle Art Marker Pad, 8.3”x8.9” Portable Square Sketchbook, 80 Sheets Marker Drawing Paper, 120LB/200GSM Bleedproof Art Paper, Spiral-Bound, Great for Professional Artist to Draw, Paint & Sketch</p><p>$16.99</p><a href="https://www.amazon.com/dp/B0CJRBFSJ8?tag=eloabder-20&linkCode=osi&th=1&psc=1">View Product</a></div><div class="product"><a href="https://www.amazon.com/dp/B09N7VX5Z5?tag=eloabder-20&linkCode=osi&th=1&psc=1"><img src="https://m.media-amazon.com/images/I/51xCPs9HZyL._SL500_.jpg" alt="Product Image"></a><p>Marker Paper Sketchbook - Marker Sketchbook with Bleedproof Smooth Coated Art Paper, 120 GSM 80 LBS - Marker Pad for Alcohol Markers, Sketching, Drawing - 8.11 x 8.5 Inch | 50 Sheets, 2 Pack</p><p>$15.99 ($8.00 / Count)</p><a href="https://www.amazon.com/dp/B09N7VX5Z5?tag=eloabder-20&linkCode=osi&th=1&psc=1">View Product</a></div><div class="product"><a href="https://www.amazon.com/dp/B07CK94W9T?tag=eloabder-20&linkCode=osi&th=1&psc=1"><img src="https://m.media-amazon.com/images/I/41ocoSNDjdL._SL500_.jpg" alt="Product Image"></a><p>BOXUN Premium 50 Sheets Sketch Marker Paper Pad, Bleedproof Artist Drawing Paper, 8.27 x 11.69 Inch</p><p>$8.29 ($0.17 / Count)</p><a href="https://www.amazon.com/dp/B07CK94W9T?tag=eloabder-20&linkCode=osi&th=1&psc=1">View Product</a></div><div class="product"><a href="https://www.amazon.com/dp/B0CPXWD11W?tag=eloabder-20&linkCode=osi&th=1&psc=1"><img src="https://m.media-amazon.com/images/I/51ApKzpDVNL._SL500_.jpg" alt="Product Image"></a><p>FEITAKE Marker Paper Pad Sketchbook Bleedproof for Alcohol Markers 120lb/200gsm Double Sided Thick Art Drawing Papers 60pages (30Sheets) / A4(8.3"x11.7") Gift for Artists Students Kids</p><p>$13.99 ($0.47 / Count)</p><a href="https://www.amazon.com/dp/B0CPXWD11W?tag=eloabder-20&linkCode=osi&th=1&psc=1">View Product</a></div><div class="product"><a href="https://www.amazon.com/dp/B0025TWYW6?tag=eloabder-20&linkCode=osi&th=1&psc=1"><img src="https://m.media-amazon.com/images/I/51t6UkUHCvL._SL500_.jpg" alt="Product Image"></a><p>Bee Paper Bleedproof Marker Pack, 8-1/2-Inch by 11-Inch, 50 Sheets per Pack</p><p>$17.09 ($0.34 / Count)</p><a href="https://www.amazon.com/dp/B0025TWYW6?tag=eloabder-20&linkCode=osi&th=1&psc=1">View Product</a></div><div class="product"><a href="https://www.amazon.com/dp/B0CJRBYYQB?tag=eloabder-20&linkCode=osi&th=1&psc=1"><img src="https://m.media-amazon.com/images/I/41knBnjZ25L._SL500_.jpg" alt="Product Image"></a><p>Shuttle Art Marker Pad, 8.3”x7.67” Portable Square Sketchbook, 50 Sheets Marker Drawing Paper, 60LB/90GSM Smooth Surface Bleedproof Art Paper, Glue-Bound, Great for Beginners to Draw, Paint & Sketch</p><p>$8.99 ($0.18 / Count)</p><a href="https://www.amazon.com/dp/B0CJRBYYQB?tag=eloabder-20&linkCode=osi&th=1&psc=1">View Product</a></div>
<div class="product"><a href="https://www.amazon.com/dp/B00881IU8M?tag=eloabder-20&linkCode=osi&th=1&psc=1"><img src="https://m.media-amazon.com/images/I/41hbSgdLBtL._SL500_.jpg" alt="Product Image"></a><p>Speedball Fabric & Paper Block Printing Ink 6-Color Set, 1.25-Ounce x 6</p><p>$28.99 ($28.99 / Count)</p><a href="https://www.amazon.com/dp/B00881IU8M?tag=eloabder-20&linkCode=osi&th=1&psc=1">View Product</a></div><div class="product"><a href="https://www.amazon.com/dp/B000J09PFM?tag=eloabder-20&linkCode=osi&th=1&psc=1"><img src="https://m.media-amazon.com/images/I/51yPRc4nvoL._SL500_.jpg" alt="Product Image"></a><p>Speedball Water-Soluble Block Printing Ink Starter Set, 6 Bold Colors with Satin Finish, 1.25-Ounce Tubes</p><p>$29.99 ($4.00 / Fl Oz)</p><a href="https://www.amazon.com/dp/B000J09PFM?tag=eloabder-20&linkCode=osi&th=1&psc=1">View Product</a></div><div class="product"><a href="https://www.amazon.com/dp/B000BYT24U?tag=eloabder-20&linkCode=osi&th=1&psc=1"><img src="https://m.media-amazon.com/images/I/51pDlo+LlKL._SL500_.jpg" alt="Product Image"></a><p>Speedball Water-Soluble Block Printing Ink, 8-Ounce Jar, Black</p><p>$14.49</p><a href="https://www.amazon.com/dp/B000BYT24U?tag=eloabder-20&linkCode=osi&th=1&psc=1">View Product</a></div><div class="product"><a href="https://www.amazon.com/dp/B00C1JUJWW?tag=eloabder-20&linkCode=osi&th=1&psc=1"><img src="https://m.media-amazon.com/images/I/41zDtJ6f5hL._SL500_.jpg" alt="Product Image"></a><p>Speedball Fabric Block Printing Ink, 2.5-Ounce, Black</p><p>$9.99 ($4.00 / Fl Oz)</p><a href="https://www.amazon.com/dp/B00C1JUJWW?tag=eloabder-20&linkCode=osi&th=1&psc=1">View Product</a></div><div class="product"><a href="https://www.amazon.com/dp/B004PZ1ZJG?tag=eloabder-20&linkCode=osi&th=1&psc=1"><img src="https://m.media-amazon.com/images/I/41+GkhhpR5L._SL500_.jpg" alt="Product Image"></a><p>Speedball Water-Soluble Block Printing Ink Starter Set, 4-Color Set, 1.25-Ounce Tubes</p><p>$20.99</p><a href="https://www.amazon.com/dp/B004PZ1ZJG?tag=eloabder-20&linkCode=osi&th=1&psc=1">View Product</a></div><div class="product"><a href="https://www.amazon.com/dp/B0017CZF3C?tag=eloabder-20&linkCode=osi&th=1&psc=1"><img src="https://m.media-amazon.com/images/I/41S17SYPAZL._SL500_.jpg" alt="Product Image"></a><p>Speedball Water Soluble Block Printing Ink, Black, 2-1/2 Ounces - 380663</p><p>$9.99</p><a href="https://www.amazon.com/dp/B0017CZF3C?tag=eloabder-20&linkCode=osi&th=1&psc=1">View Product</a></div><div class="product"><a href="https://www.amazon.com/dp/B0BXNX8FSH?tag=eloabder-20&linkCode=osi&th=1&psc=1"><img src="https://m.media-amazon.com/images/I/51JGm1VxVOL._SL500_.jpg" alt="Product Image"></a><p>Falling in Art Water-Soluble Block Printing Ink, 6-Color Printmaking Ink Set for Linoleum Block, 3.5 floz</p><p>$28.99</p><a href="https://www.amazon.com/dp/B0BXNX8FSH?tag=eloabder-20&linkCode=osi&th=1&psc=1">View Product</a></div><div class="product"><a href="https://www.amazon.com/dp/B0027ACJBO?tag=eloabder-20&linkCode=osi&th=1&psc=1"><img src="https://m.media-amazon.com/images/I/41OzayB9ojL._SL500_.jpg" alt="Product Image"></a><p>Speedball 3476 Oil-Based Block Printing Ink Starter Set for Professional, Permanent Prints AP Certified – 1.25 FL OZ Tubes</p><p>$33.99</p><a href="https://www.amazon.com/dp/B0027ACJBO?tag=eloabder-20&linkCode=osi&th=1&psc=1">View Product</a></div>
<div class="product"><a href="https://www.amazon.com/dp/B0027AGDWK?tag=eloabder-20&linkCode=osi&th=1&psc=1"><img src="https://m.media-amazon.com/images/I/515LDer6GPL._SL500_.jpg" alt="Product Image"></a><p>Speedball Deluxe Block Printing Kit - Includes Inks, Brayer, Bench Hook, Lino Handle and Cutters, Speedy-Carve Block, Mounted Linoleum Block</p><p>$59.99</p><a href="https://www.amazon.com/dp/B0027AGDWK?tag=eloabder-20&linkCode=osi&th=1&psc=1">View Product</a></div><div class="product"><a href="https://www.amazon.com/dp/B07ZJBZN5S?tag=eloabder-20&linkCode=osi&th=1&psc=1"><img src="https://m.media-amazon.com/images/I/41UbN58y9uS._SL500_.jpg" alt="Product Image"></a><p>SGHUO 12pcs 4"x6" Pink Rubber Carving Blocks Linoleum Block Stamp Making Kit</p><p>$22.99 ($1.92 / Count)</p><a href="https://www.amazon.com/dp/B07ZJBZN5S?tag=eloabder-20&linkCode=osi&th=1&psc=1">View Product</a></div>
<div class="product"><a href="https://www.amazon.com/dp/B00L2DYUM8?tag=eloabder-20&linkCode=osi&th=1&psc=1"><img src="https://m.media-amazon.com/images/I/51l5FZ0+5AL._SL500_.jpg" alt="Product Image"></a><p>Strathmore 300 Series Printmaking Paper Pad, Glue Bound, 5x7 inches, 40 Sheets (120g) - Artist Paper for Adults and Students - Block Printing, Linocut, Screen Printing, White</p><p>$7.26</p><a href="https://www.amazon.com/dp/B00L2DYUM8?tag=eloabder-20&linkCode=osi&th=1&psc=1">View Product</a></div><div class="product"><a href="https://www.amazon.com/dp/B07BSYS5XC?tag=eloabder-20&linkCode=osi&th=1&psc=1"><img src="https://m.media-amazon.com/images/I/51Uwfq0jv+L._SL500_.jpg" alt="Product Image"></a><p>Ucreate Printmaking Paper, 9"x12", White, 100 Sheet, P9001</p><p>$9.79</p><a href="https://www.amazon.com/dp/B07BSYS5XC?tag=eloabder-20&linkCode=osi&th=1&psc=1">View Product</a></div><div class="product"><a href="https://www.amazon.com/dp/B00K5562WA?tag=eloabder-20&linkCode=osi&th=1&psc=1"><img src="https://m.media-amazon.com/images/I/51Dm+TeJGdL._SL500_.jpg" alt="Product Image"></a><p>Strathmore Printmaking Paper Pad 8"X10"-20 Sheets -62433800, White</p><p>$10.19</p><a href="https://www.amazon.com/dp/B00K5562WA?tag=eloabder-20&linkCode=osi&th=1&psc=1">View Product</a></div><div class="product"><a href="https://www.amazon.com/dp/B001DNH8I0?tag=eloabder-20&linkCode=osi&th=1&psc=1"><img src="https://m.media-amazon.com/images/I/51UzoKdUojL._SL500_.jpg" alt="Product Image"></a><p>Black Ink 9-Inch by 12-Inch Bleached Mulberry Block Printing Paper, 25-Pack</p><p>$19.35 ($0.77 / Count)</p><a href="https://www.amazon.com/dp/B001DNH8I0?tag=eloabder-20&linkCode=osi&th=1&psc=1">View Product</a></div><div class="product"><a href="https://www.amazon.com/dp/B00C6G6L5Y?tag=eloabder-20&linkCode=osi&th=1&psc=1"><img src="https://m.media-amazon.com/images/I/5103h0Rm8sL._SL500_.jpg" alt="Product Image"></a><p>Black Ink Thai Mulberry Block Printing Paper Packs small assorted colors</p><p>$21.99</p><a href="https://www.amazon.com/dp/B00C6G6L5Y?tag=eloabder-20&linkCode=osi&th=1&psc=1">View Product</a></div>
<div class="product"><a href="https://www.amazon.com/dp/B003IG27OK?tag=eloabder-20&linkCode=osi&th=1&psc=1"><img src="https://m.media-amazon.com/images/I/416NUaYo1DL._SL500_.jpg" alt="Product Image"></a><p>Speedball Block Printing Baren - Comfortable Wooden Handle, Made in the USA - 4 Inches</p><p>$29.49</p><a href="https://www.amazon.com/dp/B003IG27OK?tag=eloabder-20&linkCode=osi&th=1&psc=1">View Product</a></div>
<div class="product"><a href="https://www.amazon.com/dp/B0CMZYY8CJ?tag=eloabder-20&linkCode=osi&th=1&psc=1"><img src="https://m.media-amazon.com/images/I/41TifSIP7SL._SL500_.jpg" alt="Product Image"></a><p>Ecoofor Blotting Paper for Flower Press, 20 Sheets Highly Absorbent and Reusable Blotter Paper for Flower Press Paper Craft 9 x 9 inch</p><p>$9.99</p><a href="https://www.amazon.com/dp/B0CMZYY8CJ?tag=eloabder-20&linkCode=osi&th=1&psc=1">View Product</a></div><div class="product"><a href="https://www.amazon.com/dp/B0CYRT3RM4?tag=eloabder-20&linkCode=osi&th=1&psc=1"><img src="https://m.media-amazon.com/images/I/31+qvVq3giL._SL500_.jpg" alt="Product Image"></a><p>Hygge & Sage Premium Natural Fiber Blotting Paper for Flower Press Art; 20 Large Sheets for a Press up to 8x11 Inches; Absorbent, Versatile, and Acid-Free Reusable Blotter Paper for Flower Pressing</p><p>$9.50 ($0.48 / Count)</p><a href="https://www.amazon.com/dp/B0CYRT3RM4?tag=eloabder-20&linkCode=osi&th=1&psc=1">View Product</a></div><div class="product"><a href="https://www.amazon.com/dp/B0D41GDLHM?tag=eloabder-20&linkCode=osi&th=1&psc=1"><img src="https://m.media-amazon.com/images/I/41LIF5dHXaL._SL500_.jpg" alt="Product Image"></a><p>Aboofx 20 Sheets Blotting Paper for Flower Press, 15" x 10" Extra Large Highly Absorbent Blotter Paper for Flower Press Reusable Herbarium Paper Craft Blotter Paper Sheets</p><p>$19.99</p><a href="https://www.amazon.com/dp/B0D41GDLHM?tag=eloabder-20&linkCode=osi&th=1&psc=1">View Product</a></div><div class="product"><a href="https://www.amazon.com/dp/B0CQMMYSBR?tag=eloabder-20&linkCode=osi&th=1&psc=1"><img src="https://m.media-amazon.com/images/I/413SlUi6IDL._SL500_.jpg" alt="Product Image"></a><p>Wisreach Blotting Paper for Flower Press, 20 Sheets Flower Press Paper Highly Absorbent and Reusable Blotter Paper for Flower Art A4 Size 8.26 x 11.4 inch</p><p>$9.99</p><a href="https://www.amazon.com/dp/B0CQMMYSBR?tag=eloabder-20&linkCode=osi&th=1&psc=1">View Product</a></div><div class="product"><a href="https://www.amazon.com/dp/B093FQ22PG?tag=eloabder-20&linkCode=osi&th=1&psc=1"><img src="https://m.media-amazon.com/images/I/41B2jXhe+QL._SL500_.jpg" alt="Product Image"></a><p>Blotting Paper for Flower Press by Berstuk® • Large A4 Flower Press Paper • Highly Absorbent and Reusable Herbarium Paper • Pack of 10 Blotter Paper Sheets</p><p>$6.99 ($69.90 / 100 Sheets)</p><a href="https://www.amazon.com/dp/B093FQ22PG?tag=eloabder-20&linkCode=osi&th=1&psc=1">View Product</a></div><div class="product"><a href="https://www.amazon.com/dp/B0C6PW4VGB?tag=eloabder-20&linkCode=osi&th=1&psc=1"><img src="https://m.media-amazon.com/images/I/21C64VB3iVL._SL500_.jpg" alt="Product Image"></a><p>PATIKIL 16"x12" Flower Press Paper, 1 Set/30 Sheet Refill Lining Blotter Paper Absorbent Reusable Blotting Paper for DIY Art Handicraft Scrapbook</p><p>$11.19</p><a href="https://www.amazon.com/dp/B0C6PW4VGB?tag=eloabder-20&linkCode=osi&th=1&psc=1">View Product</a></div><div class="product"><a href="https://www.amazon.com/dp/B0C6PTK915?tag=eloabder-20&linkCode=osi&th=1&psc=1"><img src="https://m.media-amazon.com/images/I/21UviFCGjtL._SL500_.jpg" alt="Product Image"></a><p>PATIKIL 12"x8" Flower Press Paper, 2 Set/60 Sheet Refill Lining Blotter Paper Absorbent Reusable Blotting Paper for DIY Art Handicraft Scrapbook</p><p>$13.69</p><a href="https://www.amazon.com/dp/B0C6PTK915?tag=eloabder-20&linkCode=osi&th=1&psc=1">View Product</a></div><div class="product"><a href="https://www.amazon.com/dp/B0CDJZ4MD7?tag=eloabder-20&linkCode=osi&th=1&psc=1"><img src="https://m.media-amazon.com/images/I/41iwkW+QQOL._SL500_.jpg" alt="Product Image"></a><p>30 PCS Blotting Paper for Flower Press Large A4 Flower Press Paper Highly Absorbent and Reusable Blotter Paper Refill Lining Paper for Flower Press Art Craft Scrapbook Making, 11.8 x 7.9 Inches Blue</p><p>$9.99</p><a href="https://www.amazon.com/dp/B0CDJZ4MD7?tag=eloabder-20&linkCode=osi&th=1&psc=1">View Product</a></div>

<div class="product"><a href="https://www.amazon.com/dp/B0D2T4F1DZ?tag=eloabder-20&linkCode=osi&th=1&psc=1"><img src="https://m.media-amazon.com/images/I/41KNcatyBWL._SL500_.jpg" alt="Product Image"></a><p>10pcs Book Cloth,14”x10”,Fabric Surface and Paper Backed, book cloth for book binding,book binding fabric,5 Colors Bookbinding Cloth for DIY fabric book cover,bookbinding paper (Style B)</p><p>$9.99</p><a href="https://www.amazon.com/dp/B0D2T4F1DZ?tag=eloabder-20&linkCode=osi&th=1&psc=1">View Product</a></div><div class="product"><a href="https://www.amazon.com/dp/B0CMD2LWR8?tag=eloabder-20&linkCode=osi&th=1&psc=1"><img src="https://m.media-amazon.com/images/I/31QVUZVSB+L._SL500_.jpg" alt="Product Image"></a><p>Mozeat Lens 33 ft Bookbinding Tape Book Tape Repair Book Binding Tape Cloth Book Repair Kit 2 Inch Wide Book Spine Tape Cloth Bookbinding Repair Tape White Book Tape for Reinforcing Book Spine Tape</p><p>$7.99</p><a href="https://www.amazon.com/dp/B0CMD2LWR8?tag=eloabder-20&linkCode=osi&th=1&psc=1">View Product</a></div><div class="product"><a href="https://www.amazon.com/dp/B0D1KC168C?tag=eloabder-20&linkCode=osi&th=1&psc=1"><img src="https://m.media-amazon.com/images/I/31wWgk-1V4L._SL500_.jpg" alt="Product Image"></a><p>AKONEGE Book Cloth for Book Binding 35 x 16 Inch Fabric Surface and Paper Backed, Strong, Easy to Use, Fabric Materials Bookbinding Supplies Bookcloth for Scrapbooking Album DIY Crafts, Black</p><p>$9.99</p><a href="https://www.amazon.com/dp/B0D1KC168C?tag=eloabder-20&linkCode=osi&th=1&psc=1">View Product</a></div><div class="product"><a href="https://www.amazon.com/dp/B0BC48CCWW?tag=eloabder-20&linkCode=osi&th=1&psc=1"><img src="https://m.media-amazon.com/images/I/41vTc+L-XyL._SL500_.jpg" alt="Product Image"></a><p>Wooqu Book Cloth, Fabric Surface and Paper Backed, Easy to Use, Strong, 17x29”, for Book Binding, Dark Green</p><p>$13.99</p><a href="https://www.amazon.com/dp/B0BC48CCWW?tag=eloabder-20&linkCode=osi&th=1&psc=1">View Product</a></div><div class="product"><a href="https://www.amazon.com/dp/B00W3S7LU4?tag=eloabder-20&linkCode=osi&th=1&psc=1"><img src="https://m.media-amazon.com/images/I/41mUL1LmSHS._SL500_.jpg" alt="Product Image"></a><p>BookGuard 2 inch Premium Bookbinding Repair Cloth Tape, 15 Yard Roll Burgundy</p><p>$14.95</p><a href="https://www.amazon.com/dp/B00W3S7LU4?tag=eloabder-20&linkCode=osi&th=1&psc=1">View Product</a></div>

<div class="product"><a href="https://www.amazon.com/dp/B08217DGL7?tag=eloabder-20&linkCode=osi&th=1&psc=1"><img src="https://m.media-amazon.com/images/I/51Gy-qfph7L._SL500_.jpg" alt="Product Image"></a><p>24 Colors Waxed Thread, Leather Sewing Thread,Hand Stitching Thread for Hand Sewing Leather and Bookbinding, 13Yards Per Color</p><p>$11.99 ($0.01 / Foot)</p><a href="https://www.amazon.com/dp/B08217DGL7?tag=eloabder-20&linkCode=osi&th=1&psc=1">View Product</a></div><div class="product"><a href="https://www.amazon.com/dp/B08GCHJ3FP?tag=eloabder-20&linkCode=osi&th=1&psc=1"><img src="https://m.media-amazon.com/images/I/41TK-XNxTFL._SL500_.jpg" alt="Product Image"></a><p>FANDOL 100% Natural Linen Thread Waxed thread for Bookbingding, Leather Sewing, Beading or Macrame (Natural)</p><p>$14.98</p><a href="https://www.amazon.com/dp/B08GCHJ3FP?tag=eloabder-20&linkCode=osi&th=1&psc=1">View Product</a></div><div class="product"><a href="https://www.amazon.com/dp/B0025U108E?tag=eloabder-20&linkCode=osi&th=1&psc=1"><img src="https://m.media-amazon.com/images/I/4172yrURiVL._SL500_.jpg" alt="Product Image"></a><p>Books by Hand Linen Thread, Archival Quality Natural Unbleached and Unwaxed, 50 Yards 35/3 Gauge, Ideal for Bookbinding and Sewing Signatures</p><p>$9.47</p><a href="https://www.amazon.com/dp/B0025U108E?tag=eloabder-20&linkCode=osi&th=1&psc=1">View Product</a></div><div class="product"><a href="https://www.amazon.com/dp/B08S78KLRN?tag=eloabder-20&linkCode=osi&th=1&psc=1"><img src="https://m.media-amazon.com/images/I/413NGMtJdrL._SL500_.jpg" alt="Product Image"></a><p>Jupean Waxed Thread, 150m /164Yards Beige Leather Waxed Thread, Leather Sewing Thread, Hand Stitching Thread for Hand Sewing Leather, Bookbinding, and Beginners Leather Craft DIY</p><p>$6.49 ($0.01 / Foot)</p><a href="https://www.amazon.com/dp/B08S78KLRN?tag=eloabder-20&linkCode=osi&th=1&psc=1">View Product</a></div><div class="product"><a href="https://www.amazon.com/dp/B015D9E6UM?tag=eloabder-20&linkCode=osi&th=1&psc=1"><img src="https://m.media-amazon.com/images/I/51VnWPI+Q5L._SL500_.jpg" alt="Product Image"></a><p>Lineco, Natural Waxed Linen Thread 20 Yards, Books by Hand Natural, Black, Brown Color for Sewing, Bookbinding (3/Pkg)</p><p>$13.77</p><a href="https://www.amazon.com/dp/B015D9E6UM?tag=eloabder-20&linkCode=osi&th=1&psc=1">View Product</a></div>
<div class="product"><a href="https://www.amazon.com/dp/B0CMD53C1C?tag=eloabder-20&linkCode=osi&th=1&psc=1"><img src="https://m.media-amazon.com/images/I/31dU4wqS0rL._SL500_.jpg" alt="Product Image"></a><p>5-in-1 Bookbinding Kit,Book Cover Guide, Bookbinding Cover Tool, Stainless Steel Book Binding Kit, Bookbinding Ruler, Scrapbooking Tools for Making Book Cover Chipboard Covers Album Planner</p><p>$7.88</p><a href="https://www.amazon.com/dp/B0CMD53C1C?tag=eloabder-20&linkCode=osi&th=1&psc=1">View Product</a></div>
<div class="product"><a href="https://www.amazon.com/dp/B007TIEG6U?tag=eloabder-20&linkCode=osi&th=1&psc=1"><img src="https://m.media-amazon.com/images/I/31d6r6R5lGL._SL500_.jpg" alt="Product Image"></a><p>Handy Art Empty 2 ounce Marker Bottle, Dauber Tip and Cap, 12-Each (900-003) , White</p><p>$23.12 ($1.93 / Count)</p><a href="https://www.amazon.com/dp/B007TIEG6U?tag=eloabder-20&linkCode=osi&th=1&psc=1">View Product</a></div>
<div class="product"><a href="https://www.amazon.com/dp/B07YDNKSH6?tag=eloabder-20&linkCode=osi&th=1&psc=1"><img src="https://m.media-amazon.com/images/I/41JGrHa7mSL._SL500_.jpg" alt="Product Image"></a><p>4-Inch Rubber Brayer Roller for Printmaking, Great for Gluing Application Also. (Original Version)</p><p>$6.99</p><a href="https://www.amazon.com/dp/B07YDNKSH6?tag=eloabder-20&linkCode=osi&th=1&psc=1">View Product</a></div>
<div class="product"><a href="https://www.amazon.com/dp/B005U7BNPE?tag=eloabder-20&linkCode=osi&th=1&psc=1"><img src="https://m.media-amazon.com/images/I/418YfTClSxL._SL500_.jpg" alt="Product Image"></a><p>Apple Barrel Acrylic Paint in Assorted Colors (2 oz), 20513, Bright Yellow</p><p>$0.58 ($0.29 / Fl Oz)</p><a href="https://www.amazon.com/dp/B005U7BNPE?tag=eloabder-20&linkCode=osi&th=1&psc=1">View Product</a></div><div class="product"><a href="https://www.amazon.com/dp/B099DWCRZ5?tag=eloabder-20&linkCode=osi&th=1&psc=1"><img src="https://m.media-amazon.com/images/I/41rr5hT-8TL._SL500_.jpg" alt="Product Image"></a><p>milo Fluorescent Acrylic Paint Set of 6 Colors | 4 oz Bottles | Student Neon Colors Acrylics Painting Pack | Made in the USA | Non-Toxic Art & Craft Paints for Artists, Kids, & Hobby Painters</p><p>$22.90 ($0.95 / Fl Oz)</p><a href="https://www.amazon.com/dp/B099DWCRZ5?tag=eloabder-20&linkCode=osi&th=1&psc=1">View Product</a></div><div class="product"><a href="https://www.amazon.com/dp/B07ZPPPWPL?tag=eloabder-20&linkCode=osi&th=1&psc=1"><img src="https://m.media-amazon.com/images/I/51Vqk2rrZwL._SL500_.jpg" alt="Product Image"></a><p>Apple Barrel, Pastel Dreams & Vivid Wonders Collection Acrylic Craft Paint, PROMOTCK, 2 fl oz each, 18 assorted matte colors, 18 count</p><p>$22.66 ($0.63 / Fl Oz)</p><a href="https://www.amazon.com/dp/B07ZPPPWPL?tag=eloabder-20&linkCode=osi&th=1&psc=1">View Product</a></div><div class="product"><a href="https://www.amazon.com/dp/B0CKQR52XC?tag=eloabder-20&linkCode=osi&th=1&psc=1"><img src="https://m.media-amazon.com/images/I/51WTPlhN2WL._SL500_.jpg" alt="Product Image"></a><p>ARTME Glow in The Dark Paint, 10 Bright Colors 60ml/2oz Blacklight Paint Set, Neon Craft Paint, Acrylic Glow Fluorescent Paint Perfect for Art Painting, DIY projects, Halloween and Christmas</p><p>$23.99 ($1.20 / Fl Oz)</p><a href="https://www.amazon.com/dp/B0CKQR52XC?tag=eloabder-20&linkCode=osi&th=1&psc=1">View Product</a></div><div class="product"><a href="https://www.amazon.com/dp/B09XXHBL3Y?tag=eloabder-20&linkCode=osi&th=1&psc=1"><img src="https://m.media-amazon.com/images/I/51taBeDdeIL._SL500_.jpg" alt="Product Image"></a><p>Fantastory Glow in the Dark Acrylic Paint, 10 Extra Bright Colors, 30ml/1oz Waterproof Glow in Dark Paint,Indoor Outdoor Blacklight Paint for Kids,Adults, Rocks,Walls,Halloween,Craft &Fabric</p><p>$9.99 ($1.00 / Fl Oz)</p><a href="https://www.amazon.com/dp/B09XXHBL3Y?tag=eloabder-20&linkCode=osi&th=1&psc=1">View Product</a></div><div class="product"><a href="https://www.amazon.com/dp/B0BS3JM8ZR?tag=eloabder-20&linkCode=osi&th=1&psc=1"><img src="https://m.media-amazon.com/images/I/51S8FteGgPL._SL500_.jpg" alt="Product Image"></a><p>Acrylic Paint, Shuttle Art 24 Colors Acrylic Paint Bottle Set, 250ml/8.45oz Each, Rich Pigments, High Viscosity, Bulk Paint for Artists, Beginners and Kids Painting on Rocks Crafts Canvas Wood Ceramic</p><p>$49.99 ($0.25 / Fl Oz)</p><a href="https://www.amazon.com/dp/B0BS3JM8ZR?tag=eloabder-20&linkCode=osi&th=1&psc=1">View Product</a></div><div class="product"><a href="https://www.amazon.com/dp/B00CIW3EDI?tag=eloabder-20&linkCode=osi&th=1&psc=1"><img src="https://m.media-amazon.com/images/I/41PMnxyBo5L._SL500_.jpg" alt="Product Image"></a><p>FolkArt Multi-Surface Acrylic Paint in Assorted Colors (2 oz), 2896, Bright Pink</p><p>$1.47 ($0.74 / Fl Oz)</p><a href="https://www.amazon.com/dp/B00CIW3EDI?tag=eloabder-20&linkCode=osi&th=1&psc=1">View Product</a></div><div class="product"><a href="https://www.amazon.com/dp/B085ZB5ZK9?tag=eloabder-20&linkCode=osi&th=1&psc=1"><img src="https://m.media-amazon.com/images/I/51nmRq1eicL._SL500_.jpg" alt="Product Image"></a><p>FolkArt 4 Bottle Multi-Surface Acrylic Paint Set, 2oz, Neon Blacklight Colors</p><p>$8.12 ($1.02 / Fl Oz)</p><a href="https://www.amazon.com/dp/B085ZB5ZK9?tag=eloabder-20&linkCode=osi&th=1&psc=1">View Product</a></div><div class="product"><a href="https://www.amazon.com/dp/B08N585VN5?tag=eloabder-20&linkCode=osi&th=1&psc=1"><img src="https://m.media-amazon.com/images/I/51nwFBdxwVL._SL500_.jpg" alt="Product Image"></a><p>Acrylic Paint Set Value Pack of 12 Colors | Craft Painting Kit with 2 oz Squeeze Bottles for Beginners, Artists, Professionals | Non-Toxic Water Based Paints for Canvas, Paper, Wood | Bright Hues</p><p>$11.99 ($0.50 / Fl Oz)</p><a href="https://www.amazon.com/dp/B08N585VN5?tag=eloabder-20&linkCode=osi&th=1&psc=1">View Product</a></div>
<div class="product"><a href="https://www.amazon.com/dp/B0009RRT9Y?tag=eloabder-20&linkCode=osi&th=1&psc=1"><img src="https://m.media-amazon.com/images/I/51ZhyYPOB5L._SL500_.jpg" alt="Product Image"></a><p>General Pencil Company The Masters Brush Cleaner & Preserver 2.5 0z.</p><p>$12.00</p><a href="https://www.amazon.com/dp/B0009RRT9Y?tag=eloabder-20&linkCode=osi&th=1&psc=1">View Product</a></div><div class="product"><a href="https://www.amazon.com/dp/B00F38YVQS?tag=eloabder-20&linkCode=osi&th=1&psc=1"><img src="https://m.media-amazon.com/images/I/51yjmSTzzML._SL500_.jpg" alt="Product Image"></a><p>B & J Original Brush Cleaner - 2.5 Oz/12ct Display</p><p>$12.77</p><a href="https://www.amazon.com/dp/B00F38YVQS?tag=eloabder-20&linkCode=osi&th=1&psc=1">View Product</a></div><div class="product"><a href="https://www.amazon.com/dp/B004BN7QQ8?tag=eloabder-20&linkCode=osi&th=1&psc=1"><img src="https://m.media-amazon.com/images/I/31fEWB-h4VL._SL500_.jpg" alt="Product Image"></a><p>Winsor & Newton Brush Cleaner & Restorer, 16.0-oz Bottle</p><p>$21.87 ($1.37 / Fl Oz)</p><a href="https://www.amazon.com/dp/B004BN7QQ8?tag=eloabder-20&linkCode=osi&th=1&psc=1">View Product</a></div><div class="product"><a href="https://www.amazon.com/dp/B09NCHL2LM?tag=eloabder-20&linkCode=osi&th=1&psc=1"><img src="https://m.media-amazon.com/images/I/31UzwasdL6L._SL500_.jpg" alt="Product Image"></a><p>U.S. Art Supply Brush Cleaner and Restorer, 4 Ounce Bottle - Quickly Cleans Paint Brushes, Airbrushes, Art Tools - Cleaning Solution to Remove Dried On Acrylic, Oil and Water-Based Paint Colors</p><p>$8.99 ($2.25 / Fl Oz)</p><a href="https://www.amazon.com/dp/B09NCHL2LM?tag=eloabder-20&linkCode=osi&th=1&psc=1">View Product</a></div><div class="product"><a href="https://www.amazon.com/dp/B09J8L55SK?tag=eloabder-20&linkCode=osi&th=1&psc=1"><img src="https://m.media-amazon.com/images/I/41qgWS2nSsL._SL500_.jpg" alt="Product Image"></a><p>Green Piece® Paint Brush Cleaner and Restorer for Art Paint Brushes - 100% Natural - Non-Toxic - Wet or Dry Paint - No Chemicals - Oil or Acrylic Paints, Wood and Metal - Amazing Power - 18 Oz</p><p>$19.88</p><a href="https://www.amazon.com/dp/B09J8L55SK?tag=eloabder-20&linkCode=osi&th=1&psc=1">View Product</a></div><div class="product"><a href="https://www.amazon.com/dp/B0027A79I2?tag=eloabder-20&linkCode=osi&th=1&psc=1"><img src="https://m.media-amazon.com/images/I/31J6S+mCjuL._SL500_.jpg" alt="Product Image"></a><p>Pink Soap 12-Ounce Paint Brush Cleaner and Conditioner, Solution Cleans and Restores, Removes Dried Paint on Airbrushes and Other Artist Tools & Supplies</p><p>$15.49 ($1.29 / Fl Oz)</p><a href="https://www.amazon.com/dp/B0027A79I2?tag=eloabder-20&linkCode=osi&th=1&psc=1">View Product</a></div><div class="product"><a href="https://www.amazon.com/dp/B0027AEANE?tag=eloabder-20&linkCode=osi&th=1&psc=1"><img src="https://m.media-amazon.com/images/I/51bHOLU1pVL._SL500_.jpg" alt="Product Image"></a><p>General Pencil General 105-BP Pencil Masters Brush Cleaner & Preserver, 1 Pack, Clear</p><p>$9.99 ($4.00 / Ounce)</p><a href="https://www.amazon.com/dp/B0027AEANE?tag=eloabder-20&linkCode=osi&th=1&psc=1">View Product</a></div>

<div class="product"><a href="https://www.amazon.com/dp/B00N9UUWLA?tag=eloabder-20&linkCode=osi&th=1&psc=1"><img src="https://m.media-amazon.com/images/I/41be4n09wZL._SL500_.jpg" alt="Product Image"></a><p>Pentel Arts Portable Pocket Brush Pen (Medium Point), 1Pen & 2Refills</p><p>$7.00</p><a href="https://www.amazon.com/dp/B00N9UUWLA?tag=eloabder-20&linkCode=osi&th=1&psc=1">View Product</a></div><div class="product"><a href="https://www.amazon.com/dp/B07DQ4292Y?tag=eloabder-20&linkCode=osi&th=1&psc=1"><img src="https://m.media-amazon.com/images/I/41-kgHpaPvL._SL500_.jpg" alt="Product Image"></a><p>Tombow 62039 Fudenosuke Brush Pens, 3-Pack. Soft, Hard, and Twin Tip Markers for Calligraphy and Art Drawings</p><p>$7.59 ($2.53 / Count)</p><a href="https://www.amazon.com/dp/B07DQ4292Y?tag=eloabder-20&linkCode=osi&th=1&psc=1">View Product</a></div><div class="product"><a href="https://www.amazon.com/dp/B0995FNMKW?tag=eloabder-20&linkCode=osi&th=1&psc=1"><img src="https://m.media-amazon.com/images/I/51kpGsTNvlL._SL500_.jpg" alt="Product Image"></a><p>WRITECH Arts Sign Brush Pen Brush Tip Marker Felt Tip Water Based Ink Color Pens 12 Assorted Vintage Colors Great for Lettering Journaling Calligraphy (Vintage)</p><p>$13.99 ($1.17 / Count)</p><a href="https://www.amazon.com/dp/B0995FNMKW?tag=eloabder-20&linkCode=osi&th=1&psc=1">View Product</a></div><div class="product"><a href="https://www.amazon.com/dp/B07H89R749?tag=eloabder-20&linkCode=osi&th=1&psc=1"><img src="https://m.media-amazon.com/images/I/51nTGZ-eAsL._SL500_.jpg" alt="Product Image"></a><p>Tombow Fudenosuke Brush Pen - Hard - 10 Colors Set (WS-BH10C)</p><p>$11.73</p><a href="https://www.amazon.com/dp/B07H89R749?tag=eloabder-20&linkCode=osi&th=1&psc=1">View Product</a></div><div class="product"><a href="https://www.amazon.com/dp/B002PIFTRE?tag=eloabder-20&linkCode=osi&th=1&psc=1"><img src="https://m.media-amazon.com/images/I/41IVnNPD1hL._SL500_.jpg" alt="Product Image"></a><p>Pentel Color Brush Pen, Black (GFLBP101)</p><p>$7.89</p><a href="https://www.amazon.com/dp/B002PIFTRE?tag=eloabder-20&linkCode=osi&th=1&psc=1">View Product</a></div>
<div class="product"><a href="https://www.amazon.com/dp/B0CLLSY2BT?tag=eloabder-20&linkCode=osi&th=1&psc=1"><img src="https://m.media-amazon.com/images/I/51sQM3lrN9L._SL500_.jpg" alt="Product Image"></a><p>CUGEBANNA Paint Brush Washer,Airtight Stainless Steel Brush Cleaner for Oil Painting Acrylic,Brush Washer with Cleaning Beads and Wringer</p><p>$22.99</p><a href="https://www.amazon.com/dp/B0CLLSY2BT?tag=eloabder-20&linkCode=osi&th=1&psc=1">View Product</a></div><div class="product"><a href="https://www.amazon.com/dp/B013PB35N4?tag=eloabder-20&linkCode=osi&th=1&psc=1"><img src="https://m.media-amazon.com/images/I/419miJHrhtL._SL500_.jpg" alt="Product Image"></a><p>US Art Supply Deluxe Brush Cleaner-Brush Washer with Wash Tank</p><p>$18.99</p><a href="https://www.amazon.com/dp/B013PB35N4?tag=eloabder-20&linkCode=osi&th=1&psc=1">View Product</a></div>
<div class="product"><a href="https://www.amazon.com/dp/B07GH7WGC3?tag=eloabder-20&linkCode=osi&th=1&psc=1"><img src="https://m.media-amazon.com/images/I/51vzX1OZI6L._SL500_.jpg" alt="Product Image"></a><p>BOSOBO Paint Brushes Set, 2 Pack 20 Pcs Round-Pointed Tip Paintbrushes Nylon Hair Artist Acrylic Paint Brushes for Acrylic Oil Watercolor, Face Nail Art, Miniature Detailing & Rock Painting, Blue</p><p>$7.49 ($0.37 / Count)</p><a href="https://www.amazon.com/dp/B07GH7WGC3?tag=eloabder-20&linkCode=osi&th=1&psc=1">View Product</a></div><div class="product"><a href="https://www.amazon.com/dp/B078XJ2DCJ?tag=eloabder-20&linkCode=osi&th=1&psc=1"><img src="https://m.media-amazon.com/images/I/616oHEXPN1S._SL500_.jpg" alt="Product Image"></a><p>Pro Grade - Chip Paint Brushes - 36-Pack - 2 Inch Chip Brush for Paints, Stains, Varnishes, Glues, & Gesso</p><p>$17.99</p><a href="https://www.amazon.com/dp/B078XJ2DCJ?tag=eloabder-20&linkCode=osi&th=1&psc=1">View Product</a></div>

<div class="product"><a href="https://www.amazon.com/dp/B000YQJVFA?tag=eloabder-20&linkCode=osi&th=1&psc=1"><img src="https://m.media-amazon.com/images/I/51so-OSRt+L._SL500_.jpg" alt="Product Image"></a><p>Winsor & Newton Calligraphy Ink, 30ml (1-oz) Bottle, Black</p><p>$10.07 ($10.07 / Count)</p><a href="https://www.amazon.com/dp/B000YQJVFA?tag=eloabder-20&linkCode=osi&th=1&psc=1">View Product</a></div><div class="product"><a href="https://www.amazon.com/dp/B0026SBYUE?tag=eloabder-20&linkCode=osi&th=1&psc=1"><img src="https://m.media-amazon.com/images/I/412Ga9k1q8L._SL500_.jpg" alt="Product Image"></a><p>Higgins Black Calligraphy Ink, 2.5 Ounce Bottle (44314)</p><p>$5.99</p><a href="https://www.amazon.com/dp/B0026SBYUE?tag=eloabder-20&linkCode=osi&th=1&psc=1">View Product</a></div><div class="product"><a href="https://www.amazon.com/dp/B0CXDBD77N?tag=eloabder-20&linkCode=osi&th=1&psc=1"><img src="https://m.media-amazon.com/images/I/41x1EZv3P3L._SL500_.jpg" alt="Product Image"></a><p>SEAMEW 250 ML/8.8 OZ Calligraphy and Sumi Liquid Ink - Versatile Elegance for Chinese Traditional Art Works and Japanese Brush Art</p><p>$11.49</p><a href="https://www.amazon.com/dp/B0CXDBD77N?tag=eloabder-20&linkCode=osi&th=1&psc=1">View Product</a></div><div class="product"><a href="https://www.amazon.com/dp/B0CR3ML8VS?tag=eloabder-20&linkCode=osi&th=1&psc=1"><img src="https://m.media-amazon.com/images/I/41fLIKySQZL._SL500_.jpg" alt="Product Image"></a><p>Hmayart Prepared Super Thick Liquid Black Ink for Japanese Brush Calligraphy & Chinese Traditional Artworks (MZ010 250g)</p><p>$11.99</p><a href="https://www.amazon.com/dp/B0CR3ML8VS?tag=eloabder-20&linkCode=osi&th=1&psc=1">View Product</a></div><div class="product"><a href="https://www.amazon.com/dp/B0039OQ0J4?tag=eloabder-20&linkCode=osi&th=1&psc=1"><img src="https://m.media-amazon.com/images/I/41RRlR55P9L._SL500_.jpg" alt="Product Image"></a><p>Daiso Sumi Calligraphy Liquid Ink in a 180ml Bottle (Japan Import)</p><p>$8.99</p><a href="https://www.amazon.com/dp/B0039OQ0J4?tag=eloabder-20&linkCode=osi&th=1&psc=1">View Product</a></div><div class="product"><a href="https://www.amazon.com/dp/B074KJ289G?tag=eloabder-20&linkCode=osi&th=1&psc=1"><img src="https://m.media-amazon.com/images/I/41FZT3aCChL._SL500_.jpg" alt="Product Image"></a><p>Easyou Redstar Liquid Ink for Professioanl Traditional Calligraphy and Brush Painting Chinese Ink Liquid (Black&1pcs*180ML)</p><p>$10.99</p><a href="https://www.amazon.com/dp/B074KJ289G?tag=eloabder-20&linkCode=osi&th=1&psc=1">View Product</a></div><div class="product"><a href="https://www.amazon.com/dp/B07JYJ6C1W?tag=eloabder-20&linkCode=osi&th=1&psc=1"><img src="https://m.media-amazon.com/images/I/51IAnrWkw6L._SL500_.jpg" alt="Product Image"></a><p>MZ001 HmayartBlack Sumi Liquid Ink for Japanese Brush Calligraphy & Chinese Traditional Artworks 250ml (black)</p><p>$13.99</p><a href="https://www.amazon.com/dp/B07JYJ6C1W?tag=eloabder-20&linkCode=osi&th=1&psc=1">View Product</a></div><div class="product"><a href="https://www.amazon.com/dp/B0894L9M2C?tag=eloabder-20&linkCode=osi&th=1&psc=1"><img src="https://m.media-amazon.com/images/I/51H5LBUAZcL._SL500_.jpg" alt="Product Image"></a><p>24 Colors Calligraphy Ink Set, Calligraphy Fountain Glass Dip Pen Color Ink Caligrapher Pen Ink Bottle Set, Gold Powder Drawing Writing Art Ink with Gift Box - 24 x 7ml</p><p>$21.98</p><a href="https://www.amazon.com/dp/B0894L9M2C?tag=eloabder-20&linkCode=osi&th=1&psc=1">View Product</a></div><div class="product"><a href="https://www.amazon.com/dp/B0C49WVM7L?tag=eloabder-20&linkCode=osi&th=1&psc=1"><img src="https://m.media-amazon.com/images/I/41zxtjGWS1L._SL500_.jpg" alt="Product Image"></a><p>AOKUY 24 Colors Calligraphy Ink Set,Calligraphy Inks,Colorful Dip Pen Ink Set,Gold Powder Drawing Writing Art Ink with Gift Box</p><p>$16.99</p><a href="https://www.amazon.com/dp/B0C49WVM7L?tag=eloabder-20&linkCode=osi&th=1&psc=1">View Product</a></div>
<div class="product"><a href="https://www.amazon.com/dp/B0007ZJ8QU?tag=eloabder-20&linkCode=osi&th=1&psc=1"><img src="https://m.media-amazon.com/images/I/41vTwN7L9NL._SL500_.jpg" alt="Product Image"></a><p>Speedball C-Series Lettering Pen Set - 1 Penholder w/ 6 Nibs</p><p>$11.99</p><a href="https://www.amazon.com/dp/B0007ZJ8QU?tag=eloabder-20&linkCode=osi&th=1&psc=1">View Product</a></div><div class="product"><a href="https://www.amazon.com/dp/B003IGNH30?tag=eloabder-20&linkCode=osi&th=1&psc=1"><img src="https://m.media-amazon.com/images/I/412WGB9WzGL._SL500_.jpg" alt="Product Image"></a><p>Speedball 30710 10 Pen Nib Assorted Set</p><p>$21.99</p><a href="https://www.amazon.com/dp/B003IGNH30?tag=eloabder-20&linkCode=osi&th=1&psc=1">View Product</a></div><div class="product"><a href="https://www.amazon.com/dp/B0CQTCZRYC?tag=eloabder-20&linkCode=osi&th=1&psc=1"><img src="https://m.media-amazon.com/images/I/41+d7oXaTvL._SL500_.jpg" alt="Product Image"></a><p>10PCS Oblique Calligraphy Dip Pen Set Comic Pen Nib Set Fluid Writer Pen, 2-in-1 Drawing Pen Holder with 8 Pieces Stainless Steel Pen Replacement Nibs Nib for Writing, Painting, Signing, Sketch</p><p>$6.49</p><a href="https://www.amazon.com/dp/B0CQTCZRYC?tag=eloabder-20&linkCode=osi&th=1&psc=1">View Product</a></div><div class="product"><a href="https://www.amazon.com/dp/B000BYQLT4?tag=eloabder-20&linkCode=osi&th=1&psc=1"><img src="https://m.media-amazon.com/images/I/41Tmn+y1-xL._SL500_.jpg" alt="Product Image"></a><p>Speedball Calligraphy Pen Set - 1 Penholder w/ 4 Nibs, 2 Pen Tips</p><p>$13.99</p><a href="https://www.amazon.com/dp/B000BYQLT4?tag=eloabder-20&linkCode=osi&th=1&psc=1">View Product</a></div><div class="product"><a href="https://www.amazon.com/dp/B0B3CVPWMF?tag=eloabder-20&linkCode=osi&th=1&psc=1"><img src="https://m.media-amazon.com/images/I/41Zw4tqW+HL._SL500_.jpg" alt="Product Image"></a><p>Mewutal 2Pcs/Set Comic Pen Nib Set Pen Nibs Replacements for Calligraphy Manga Writing Painting(Pumpkin Head Nib)</p><p>$7.99</p><a href="https://www.amazon.com/dp/B0B3CVPWMF?tag=eloabder-20&linkCode=osi&th=1&psc=1">View Product</a></div><div class="product"><a href="https://www.amazon.com/dp/B0BVR4M5X4?tag=eloabder-20&linkCode=osi&th=1&psc=1"><img src="https://m.media-amazon.com/images/I/515TyiGpQKL._SL500_.jpg" alt="Product Image"></a><p>Wonwood_direct Calligraphy set, 7 Calligraphy Pens with Different Nibs and 40 Ink Cartridges in 13 Colors for Beginner Writing Drawing for Greeting Card Signature Calligraphy (Type 1)</p><p>$15.99</p><a href="https://www.amazon.com/dp/B0BVR4M5X4?tag=eloabder-20&linkCode=osi&th=1&psc=1">View Product</a></div><div class="product"><a href="https://www.amazon.com/dp/B0BGRM97MF?tag=eloabder-20&linkCode=osi&th=1&psc=1"><img src="https://m.media-amazon.com/images/I/41vB7fs3VbL._SL500_.jpg" alt="Product Image"></a><p>Gullor A Bunch of Nibs for Comic Dip Pen, Assorted Calligraphy Dip Pen Nibs, Various Sizes and Shapes, 33 Nibs in Box</p><p>$9.99</p><a href="https://www.amazon.com/dp/B0BGRM97MF?tag=eloabder-20&linkCode=osi&th=1&psc=1">View Product</a></div>
<div class="product"><a href="https://www.amazon.com/dp/B000KNNVX0?tag=eloabder-20&linkCode=osi&th=1&psc=1"><img src="https://m.media-amazon.com/images/I/51RAGoN6UsL._SL500_.jpg" alt="Product Image"></a><p>Strathmore STR- 50 Sheet Tape Bound Calligraphy Pad, 8.5 by 11", White</p><p>$7.83</p><a href="https://www.amazon.com/dp/B000KNNVX0?tag=eloabder-20&linkCode=osi&th=1&psc=1">View Product</a></div><div class="product"><a href="https://www.amazon.com/dp/B00PGBVNM2?tag=eloabder-20&linkCode=osi&th=1&psc=1"><img src="https://m.media-amazon.com/images/I/51VvCXPD-QL._SL500_.jpg" alt="Product Image"></a><p>U.S. Art Supply (Pack of 2 Pads) - 9" x 12" Premium Calligraphic Practice Paper Pad, 19 Pound Bond (70gsm), Pad of 50-Sheets, Calligraphy Paper with Printed Practice Rule and Slanted Grid</p><p>$12.99</p><a href="https://www.amazon.com/dp/B00PGBVNM2?tag=eloabder-20&linkCode=osi&th=1&psc=1">View Product</a></div><div class="product"><a href="https://www.amazon.com/dp/B0CQ1VTM1R?tag=eloabder-20&linkCode=osi&th=1&psc=1"><img src="https://m.media-amazon.com/images/I/31pMzPI5pdL._SL500_.jpg" alt="Product Image"></a><p>50 Sheets Watercolor Paper 8 x 6inch Deckled Edge Paper 190 GSM Rough/Textured Handmade Paper Cotton Paper White Textured Paper for Watercolor, Writing Calligraphy, Invitations, Letters</p><p>$12.99 ($0.26 / Count)</p><a href="https://www.amazon.com/dp/B0CQ1VTM1R?tag=eloabder-20&linkCode=osi&th=1&psc=1">View Product</a></div><div class="product"><a href="https://www.amazon.com/dp/B0CGHVSX6W?tag=eloabder-20&linkCode=osi&th=1&psc=1"><img src="https://m.media-amazon.com/images/I/41pAexcoWlL._SL500_.jpg" alt="Product Image"></a><p>KYMY Chinese/Japanese Calligraphy Paper 100PCS, Sumi/Rice Paper for Writing Painting Drawing Practice, Chinese Brush Ink Xuan Paper, Half Sheng Shu (Half Raw Ripe) (34 x 34 cm (13.38 x 13.38 Inch))</p><p>$10.99 ($0.11 / Count)</p><a href="https://www.amazon.com/dp/B0CGHVSX6W?tag=eloabder-20&linkCode=osi&th=1&psc=1">View Product</a></div>
<div class="product"><a href="https://www.amazon.com/dp/B08FCZC2R3?tag=eloabder-20&linkCode=osi&th=1&psc=1"><img src="https://m.media-amazon.com/images/I/51TWqPlqpfL._SL500_.jpg" alt="Product Image"></a><p>Craft 'n' Beyond Calligraphy Brush Pens Pack of 3 Small, Medium and Large Markers for Hand Lettering, Art Drawing, Sketching, Scrapbooking, Journaling - Beginner Kit with Fadeproof Black Ink</p><p>$5.49</p><a href="https://www.amazon.com/dp/B08FCZC2R3?tag=eloabder-20&linkCode=osi&th=1&psc=1">View Product</a></div><div class="product"><a href="https://www.amazon.com/dp/B0B67TWWDG?tag=eloabder-20&linkCode=osi&th=1&psc=1"><img src="https://m.media-amazon.com/images/I/5188ARIL9sL._SL500_.jpg" alt="Product Image"></a><p>Brusarth Calligraphy Pens, 8 Size Calligraphy Pens for Writing, Brush Pens Calligraphy Set for Beginners, Hand Lettering Pens, Brush Markers Set, Black Ink Drawing Pens</p><p>$8.95</p><a href="https://www.amazon.com/dp/B0B67TWWDG?tag=eloabder-20&linkCode=osi&th=1&psc=1">View Product</a></div><div class="product"><a href="https://www.amazon.com/dp/B000SHQFEA?tag=eloabder-20&linkCode=osi&th=1&psc=1"><img src="https://m.media-amazon.com/images/I/41sx3qStImL._SL500_.jpg" alt="Product Image"></a><p>edding 1255 calligraphy pen - black - 3 pens - calligraphy nib 2 - 5 mm - fibre pens for paper, wood, terracotta, canvas - hand lettering, bullet journals, thank you cards, calligraphy books</p><p>$6.50</p><a href="https://www.amazon.com/dp/B000SHQFEA?tag=eloabder-20&linkCode=osi&th=1&psc=1">View Product</a></div><div class="product"><a href="https://www.amazon.com/dp/B001DKJLEC?tag=eloabder-20&linkCode=osi&th=1&psc=1"><img src="https://m.media-amazon.com/images/I/41x7A8wo7YL._SL500_.jpg" alt="Product Image"></a><p>Speedball Elegant Writer Calligraphy 4 Marker Set, Black, 2.0 mm, 2.5 mm & 3.0 mm Chisel Nib Tip Pens for Drawing, Journaling, and Scrapbooking</p><p>$9.99 ($2.50 / Count)</p><a href="https://www.amazon.com/dp/B001DKJLEC?tag=eloabder-20&linkCode=osi&th=1&psc=1">View Product</a></div><div class="product"><a href="https://www.amazon.com/dp/B08RYWH185?tag=eloabder-20&linkCode=osi&th=1&psc=1"><img src="https://m.media-amazon.com/images/I/51GFkyfC3iL._SL500_.jpg" alt="Product Image"></a><p>Piochoo Calligraphy Pens,8 Size Calligraphy Pens for Writing,Brush Pens Calligraphy Set for Beginners, Hand Lettering Pens</p><p>$12.99</p><a href="https://www.amazon.com/dp/B08RYWH185?tag=eloabder-20&linkCode=osi&th=1&psc=1">View Product</a></div>
<div class="product"><a href="https://www.amazon.com/dp/B0C66K9NHR?tag=eloabder-20&linkCode=osi&th=1&psc=1"><img src="https://m.media-amazon.com/images/I/51As2T+7gzL._SL500_.jpg" alt="Product Image"></a><p>Calligraphy Kit for Beginners - Calligraphy Pen Set with Calligraphy Workbook</p><p>$26.89</p><a href="https://www.amazon.com/dp/B0C66K9NHR?tag=eloabder-20&linkCode=osi&th=1&psc=1">View Product</a></div><div class="product"><a href="https://www.amazon.com/dp/B081J6QLZN?tag=eloabder-20&linkCode=osi&th=1&psc=1"><img src="https://m.media-amazon.com/images/I/41lK2Gw0JZL._SL500_.jpg" alt="Product Image"></a><p>Trustela Calligraphy Set for Beginners, Dip Pen Set with 19 Nibs, Oblique Pen Holder, Wooden Pen Set</p><p>$21.99</p><a href="https://www.amazon.com/dp/B081J6QLZN?tag=eloabder-20&linkCode=osi&th=1&psc=1">View Product</a></div><div class="product"><a href="https://www.amazon.com/dp/B0BCVDNPRJ?tag=eloabder-20&linkCode=osi&th=1&psc=1"><img src="https://m.media-amazon.com/images/I/51J-hFN4AeL._SL500_.jpg" alt="Product Image"></a><p>GC QUILL Calligraphy Pens Set 64pcs - Calligraphy Fountain Pen Set with 3 Fountain Pens, 7 Varied Nibs, 54 Ink Cartridges(10 Colors) - Writing, Drawing and Calligraphy Practice for beginner GC-F354</p><p>$23.99</p><a href="https://www.amazon.com/dp/B0BCVDNPRJ?tag=eloabder-20&linkCode=osi&th=1&psc=1">View Product</a></div>
<div class="product"><a href="https://www.amazon.com/dp/B092Q8BQC1?tag=eloabder-20&linkCode=osi&th=1&psc=1"><img src="https://m.media-amazon.com/images/I/51gdXkGIguS._SL500_.jpg" alt="Product Image"></a><p>AIYNC Feather Calligraphy Pen Ink Set, Includes Quill Pen and Wooden Dip Pen, Ink,17 Replacement Nib, Pen Base, 3 Wax Seal Sticks, Stamp, White Wax, Spoon, Envelope Letter Paper, Envelope Tool(Green)</p><p>$22.99</p><a href="https://www.amazon.com/dp/B092Q8BQC1?tag=eloabder-20&linkCode=osi&th=1&psc=1">View Product</a></div>
<div class="product"><a href="https://www.amazon.com/dp/B09J228BSF?tag=eloabder-20&linkCode=osi&th=1&psc=1"><img src="https://m.media-amazon.com/images/I/61MByvIyHGL._SL500_.jpg" alt="Product Image"></a><p>Candle dye - 18 Colors Liquid Oil-Based dye for Candle Wax, Vivid Candle Color for DIY Candle Making, Highly Concentrate Natural Candle Color</p><p>$15.59 ($2.47 / Fl Oz)</p><a href="https://www.amazon.com/dp/B09J228BSF?tag=eloabder-20&linkCode=osi&th=1&psc=1">View Product</a></div><div class="product"><a href="https://www.amazon.com/dp/B06Y3T5RV4?tag=eloabder-20&linkCode=osi&th=1&psc=1"><img src="https://m.media-amazon.com/images/I/61yZyP8eZTL._SL500_.jpg" alt="Product Image"></a><p>Candle Dyes for Soy Candle Making - Wax Сolor Dye Color Chips for Soy Wax - 16 Popular Colors Wax Dye Flakes</p><p>$16.99 ($10.62 / Ounce)</p><a href="https://www.amazon.com/dp/B06Y3T5RV4?tag=eloabder-20&linkCode=osi&th=1&psc=1">View Product</a></div><div class="product"><a href="https://www.amazon.com/dp/B0CMCPGLQZ?tag=eloabder-20&linkCode=osi&th=1&psc=1"><img src="https://m.media-amazon.com/images/I/51G9e-Epa0L._SL500_.jpg" alt="Product Image"></a><p>Candle Dye - 12 Colors Wax Melt Dye for Candle Making, Oil-Based Dye for Wax, Highly Concentrate Liquid Candle Color Dye</p><p>$8.99</p><a href="https://www.amazon.com/dp/B0CMCPGLQZ?tag=eloabder-20&linkCode=osi&th=1&psc=1">View Product</a></div><div class="product"><a href="https://www.amazon.com/dp/B09GLMZ5PS?tag=eloabder-20&linkCode=osi&th=1&psc=1"><img src="https://m.media-amazon.com/images/I/51SCG6n6Y4L._SL500_.jpg" alt="Product Image"></a><p>OSBANG Oil-Based Candle Color Dye Non-Toxic Non-Irritating 20 Colors for DIY Candle Making Supplies - Vibrant Concentrated Candle Coloring for Soy Wax Dyes, Beeswax, Gel Wax, Candle Making Kit</p><p>$14.99 ($2.22 / Fl Oz)</p><a href="https://www.amazon.com/dp/B09GLMZ5PS?tag=eloabder-20&linkCode=osi&th=1&psc=1">View Product</a></div><div class="product"><a href="https://www.amazon.com/dp/B0C8D2X4F1?tag=eloabder-20&linkCode=osi&th=1&psc=1"><img src="https://m.media-amazon.com/images/I/51e0mqPDEJL._SL500_.jpg" alt="Product Image"></a><p>Candle Dye - 14 Colors Highly Concentrate Oil-Based Liquid Candle Dye Kit, Candle Dyes for Candle Making, Beeswax, Gel Wax, Paraffin Wax - Each 0.35 fl oz</p><p>$9.99</p><a href="https://www.amazon.com/dp/B0C8D2X4F1?tag=eloabder-20&linkCode=osi&th=1&psc=1">View Product</a></div>

<div class="product"><a href="https://www.amazon.com/dp/B0C6FHSQR7?tag=eloabder-20&linkCode=osi&th=1&psc=1"><img src="https://m.media-amazon.com/images/I/41hBOCPELBL._SL500_.jpg" alt="Product Image"></a><p>Mold Release, Silicone Mold Release Spray (16.9 fl oz / 500ml) Mold Release for Epoxy Resin and Candle Mold Release Spray (1 Pack Mega Size)</p><p>$9.99 ($0.59 / Fl Oz)</p><a href="https://www.amazon.com/dp/B0C6FHSQR7?tag=eloabder-20&linkCode=osi&th=1&psc=1">View Product</a></div>
<div class="product"><a href="https://www.amazon.com/dp/B015W8DWUO?tag=eloabder-20&linkCode=osi&th=1&psc=1"><img src="https://m.media-amazon.com/images/I/41umHqV4zhL._SL500_.jpg" alt="Product Image"></a><p>EricX Light 100 Piece Cotton Candle Wick 6" Pre-Waxed for Candle Making,Candle DIY</p><p>$5.35</p><a href="https://www.amazon.com/dp/B015W8DWUO?tag=eloabder-20&linkCode=osi&th=1&psc=1">View Product</a></div><div class="product"><a href="https://www.amazon.com/dp/B08XZB43NZ?tag=eloabder-20&linkCode=osi&th=1&psc=1"><img src="https://m.media-amazon.com/images/I/51cyFvwhpJL._SL500_.jpg" alt="Product Image"></a><p>Candle Wicks 100 Pcs 6 inch with 30Pcs Candle Wick Stickers and 10 Pcs Wooden Candle Wick Centering Device for Soy Beeswax Candle Making and Candle DIY</p><p>$4.99</p><a href="https://www.amazon.com/dp/B08XZB43NZ?tag=eloabder-20&linkCode=osi&th=1&psc=1">View Product</a></div><div class="product"><a href="https://www.amazon.com/dp/B084ZSZQ4T?tag=eloabder-20&linkCode=osi&th=1&psc=1"><img src="https://m.media-amazon.com/images/I/41vLRbXIHhL._SL500_.jpg" alt="Product Image"></a><p>Candle Wick,100 Piece Candle Wicks for Candle Making DIY, 6 Inch Pre-Waxed Cotton Wick with Tabs</p><p>$4.79</p><a href="https://www.amazon.com/dp/B084ZSZQ4T?tag=eloabder-20&linkCode=osi&th=1&psc=1">View Product</a></div><div class="product"><a href="https://www.amazon.com/dp/B097D7S6KB?tag=eloabder-20&linkCode=osi&th=1&psc=1"><img src="https://m.media-amazon.com/images/I/41jpnnrDAjL._SL500_.jpg" alt="Product Image"></a><p>CandMak Candle Wick Kit, 60 Cotton Candle Wicks with Candle Making Tools for Candle Making (Thick 4"+6"+8")</p><p>$5.99</p><a href="https://www.amazon.com/dp/B097D7S6KB?tag=eloabder-20&linkCode=osi&th=1&psc=1">View Product</a></div><div class="product"><a href="https://www.amazon.com/dp/B08DLSG8NW?tag=eloabder-20&linkCode=osi&th=1&psc=1"><img src="https://m.media-amazon.com/images/I/41QkciWLWjL._SL500_.jpg" alt="Product Image"></a><p>Bulk 6inch Candle Wicks 100 Pcs with 60Pcs Candle Wick Stickers and 10 Pcs Wooden Candle Wick Centering Device for Soy Beeswax Candle Making (6inch)</p><p>$5.45</p><a href="https://www.amazon.com/dp/B08DLSG8NW?tag=eloabder-20&linkCode=osi&th=1&psc=1">View Product</a></div><div class="product"><a href="https://www.amazon.com/dp/B08Z334W66?tag=eloabder-20&linkCode=osi&th=1&psc=1"><img src="https://m.media-amazon.com/images/I/51nsfCzAwwL._SL500_.jpg" alt="Product Image"></a><p>DINGPAI 100pcs Cotton Candle Wicks, 6 inches Low Smoke Pre-Waxed Candle Wicks for Candle Making, Candle DIY</p><p>$4.99</p><a href="https://www.amazon.com/dp/B08Z334W66?tag=eloabder-20&linkCode=osi&th=1&psc=1">View Product</a></div><div class="product"><a href="https://www.amazon.com/dp/B0BV1NCQ28?tag=eloabder-20&linkCode=osi&th=1&psc=1"><img src="https://m.media-amazon.com/images/I/41lmQ4K9ccL._SL500_.jpg" alt="Product Image"></a><p>Ziosxin 100pcs Smokeless Cherry Wood Candle Wicks, Long Lasting Flame, Easily Burn, Natural Candle Cores with Stand and Glue Dot, Warning Label for DIY Candle Making</p><p>$9.99</p><a href="https://www.amazon.com/dp/B0BV1NCQ28?tag=eloabder-20&linkCode=osi&th=1&psc=1">View Product</a></div><div class="product"><a href="https://www.amazon.com/dp/B08LPKTVZW?tag=eloabder-20&linkCode=osi&th=1&psc=1"><img src="https://m.media-amazon.com/images/I/41AtaynrIqL._SL500_.jpg" alt="Product Image"></a><p>BEADNOVA Candle Cotton Wicks 4 Inch 150pcs Short Candle Making Wicks Cotton Wicks for Candle Making DIY</p><p>$4.99</p><a href="https://www.amazon.com/dp/B08LPKTVZW?tag=eloabder-20&linkCode=osi&th=1&psc=1">View Product</a></div><div class="product"><a href="https://www.amazon.com/dp/B0925G2VBY?tag=eloabder-20&linkCode=osi&th=1&psc=1"><img src="https://m.media-amazon.com/images/I/51EzgDRsxoL._SL500_.jpg" alt="Product Image"></a><p>CHEFBEE 200 FT Organic Hemp Wick, Hemp Wick Well Coated Natural Beeswax for Hemp Wick Lighter or Candle Making, Slow Burn, No Dripping, Standard Size(1.1mm)</p><p>$6.99</p><a href="https://www.amazon.com/dp/B0925G2VBY?tag=eloabder-20&linkCode=osi&th=1&psc=1">View Product</a></div>

<div class="product"><a href="https://www.amazon.com/dp/B0D3HPD7WP?tag=eloabder-20&linkCode=osi&th=1&psc=1"><img src="https://m.media-amazon.com/images/I/31KSmmAWUWL._SL500_.jpg" alt="Product Image"></a><p>50 Sheets Grey Cardstock Paper, Colored Printer Paper 8.5 x 11, Thick Construction Paper for Cards Making, Scrapbook，Office Printing, Invitations, Certificates，DIY Crafting 92 lb/250gsm</p><p>$9.99</p><a href="https://www.amazon.com/dp/B0D3HPD7WP?tag=eloabder-20&linkCode=osi&th=1&psc=1">View Product</a></div>
<div class="product"><a href="https://www.amazon.com/dp/B076CP6F36?tag=eloabder-20&linkCode=osi&th=1&psc=1"><img src="https://m.media-amazon.com/images/I/51rfEIvgI+L._SL500_.jpg" alt="Product Image"></a><p>Apple Barrel, Vibrant Spectrum Collection Acrylic Craft Paint, PROMOABIII, 2 fl oz each, 16 assorted matte colors, 16 count</p><p>$15.97 ($0.50 / Fl Oz)</p><a href="https://www.amazon.com/dp/B076CP6F36?tag=eloabder-20&linkCode=osi&th=1&psc=1">View Product</a></div><div class="product"><a href="https://www.amazon.com/dp/B0BKFLSYQF?tag=eloabder-20&linkCode=osi&th=1&psc=1"><img src="https://m.media-amazon.com/images/I/51a0PmPRknL._SL500_.jpg" alt="Product Image"></a><p>72 Pack Acrylic Paint Set, Shuttle Art 60 Colors Acrylic Paint Including Extra White Black & 12 Brushes, 2oz/60ml, Rich Pigmented, Water Proof, Ideal for Artists, Beginners on Canvas Rock Wood Ceramic</p><p>$45.99 ($23.00 / Fl Oz)</p><a href="https://www.amazon.com/dp/B0BKFLSYQF?tag=eloabder-20&linkCode=osi&th=1&psc=1">View Product</a></div><div class="product"><a href="https://www.amazon.com/dp/B08CB3JH79?tag=eloabder-20&linkCode=osi&th=1&psc=1"><img src="https://m.media-amazon.com/images/I/51OUZsFdnTL._SL500_.jpg" alt="Product Image"></a><p>Acrylic Paint Set of 36 Colors 2fl oz 60ml Bottles,Non Toxic 36 Colors Acrylic Paint No Fading Rich Pigment for Kids Adults Artists Canvas Crafts Wood Painting</p><p>$32.99 ($0.46 / Fl Oz)</p><a href="https://www.amazon.com/dp/B08CB3JH79?tag=eloabder-20&linkCode=osi&th=1&psc=1">View Product</a></div><div class="product"><a href="https://www.amazon.com/dp/B0018NBVKQ?tag=eloabder-20&linkCode=osi&th=1&psc=1"><img src="https://m.media-amazon.com/images/I/31YlSvZMTCL._SL500_.jpg" alt="Product Image"></a><p>Apple Barrel Acrylic Paint in Assorted Colors (8 Ounce), 20403 White</p><p>$2.67 ($0.33 / Fl Oz)</p><a href="https://www.amazon.com/dp/B0018NBVKQ?tag=eloabder-20&linkCode=osi&th=1&psc=1">View Product</a></div><div class="product"><a href="https://www.amazon.com/dp/B077WSBLZ1?tag=eloabder-20&linkCode=osi&th=1&psc=1"><img src="https://m.media-amazon.com/images/I/51KPkXpLn1L._SL500_.jpg" alt="Product Image"></a><p>Shuttle Art Acrylic Paint Set, 30 x12ml Tubes Artist Quality Non Toxic Rich Pigments Colors Great for Kids Adults Professional Painting on Rocks Canvas Wood Clay Fabric Ceramic Crafts</p><p>$12.99 ($1.08 / Fl Oz)</p><a href="https://www.amazon.com/dp/B077WSBLZ1?tag=eloabder-20&linkCode=osi&th=1&psc=1">View Product</a></div><div class="product"><a href="https://www.amazon.com/dp/B00889Z5Y6?tag=eloabder-20&linkCode=osi&th=1&psc=1"><img src="https://m.media-amazon.com/images/I/41MQjsyDbSL._SL500_.jpg" alt="Product Image"></a><p>Apple Barrel Acrylic Paint in Assorted Colors (2 oz), 20764, Apricot</p><p>$0.58 ($0.29 / Fl Oz)</p><a href="https://www.amazon.com/dp/B00889Z5Y6?tag=eloabder-20&linkCode=osi&th=1&psc=1">View Product</a></div><div class="product"><a href="https://www.amazon.com/dp/B09TWQD5ZL?tag=eloabder-20&linkCode=osi&th=1&psc=1"><img src="https://m.media-amazon.com/images/I/41B0L003QXL._SL500_.jpg" alt="Product Image"></a><p>Artkey Acrylic Paint Set - 24 colors 2 oz/59 ml Acrylic Paints Professional Artists Painting Kit for Canvases Fabric Rock Leather Easter Egg Wood Ceramic Glass Art Craft Painting</p><p>$19.99 ($0.42 / Fl Oz)</p><a href="https://www.amazon.com/dp/B09TWQD5ZL?tag=eloabder-20&linkCode=osi&th=1&psc=1">View Product</a></div><div class="product"><a href="https://www.amazon.com/dp/B07Z93LQDB?tag=eloabder-20&linkCode=osi&th=1&psc=1"><img src="https://m.media-amazon.com/images/I/51veoN6zK0L._SL500_.jpg" alt="Product Image"></a><p>Shuttle Art Acrylic Paint Set, 36 Colors Acrylic Paint with Brushes & Palette, 2oz Bottles, Rich Pigments Non-toxic Paint for Artists Kids & Adults, Art Supplies for Canvas Rock Ceramic Wood Painting</p><p>$27.99</p><a href="https://www.amazon.com/dp/B07Z93LQDB?tag=eloabder-20&linkCode=osi&th=1&psc=1">View Product</a></div><div class="product"><a href="https://www.amazon.com/dp/B002665SYY?tag=eloabder-20&linkCode=osi&th=1&psc=1"><img src="https://m.media-amazon.com/images/I/31sJJeWK6OS._SL500_.jpg" alt="Product Image"></a><p>Liquitex BASICS Acrylic Paint, 250ml (8.5-oz) Tube, Titanium White</p><p>$9.99 ($1.18 / Fl Oz)</p><a href="https://www.amazon.com/dp/B002665SYY?tag=eloabder-20&linkCode=osi&th=1&psc=1">View Product</a></div>
<div class="product"><a href="https://www.amazon.com/dp/B0CC98XLGL?tag=eloabder-20&linkCode=osi&th=1&psc=1"><img src="https://m.media-amazon.com/images/I/51ZLw+nThiL._SL500_.jpg" alt="Product Image"></a><p>HUIRUSO 4 Pack Double Sided Tape Roller, Scrapbook Supplies, Glue Tape Roller for Crafts, Double-Sided Adhesive Tape Runner for Scrapbooking, School Office Journaling Supplies (0.31 in X 26.25 ft)</p><p>$6.99 ($1.75 / Count)</p><a href="https://www.amazon.com/dp/B0CC98XLGL?tag=eloabder-20&linkCode=osi&th=1&psc=1">View Product</a></div><div class="product"><a href="https://www.amazon.com/dp/B007XAAE6K?tag=eloabder-20&linkCode=osi&th=1&psc=1"><img src="https://m.media-amazon.com/images/I/414qxYVR0wL._SL500_.jpg" alt="Product Image"></a><p>Scotch Double Sided Tape Runner, 1-Pack, 0.27 in x 26 ft., Perfect for Holiday Crafts, Gifts, and More</p><p>$4.47</p><a href="https://www.amazon.com/dp/B007XAAE6K?tag=eloabder-20&linkCode=osi&th=1&psc=1">View Product</a></div><div class="product"><a href="https://www.amazon.com/dp/B0BZVGPFSK?tag=eloabder-20&linkCode=osi&th=1&psc=1"><img src="https://m.media-amazon.com/images/I/51-ue9+7JkL._SL500_.jpg" alt="Product Image"></a><p>Birllaid Double Sided Tape for Walls, Picture Hanging Strips Removable Mounting Dots Adhesive Heavy Duty, Removable for Art Craft, Decoration, Party Supplies, Multipurpose</p><p>$11.99</p><a href="https://www.amazon.com/dp/B0BZVGPFSK?tag=eloabder-20&linkCode=osi&th=1&psc=1">View Product</a></div><div class="product"><a href="https://www.amazon.com/dp/B0CGVN9SL1?tag=eloabder-20&linkCode=osi&th=1&psc=1"><img src="https://m.media-amazon.com/images/I/41Hy+i4CnoL._SL500_.jpg" alt="Product Image"></a><p>30Ft x 1 Inch Hook and Loop Strips with Adhesive,Double Rolls of Heavy Duty Self Adhesive Tape with Backing, Nylon Self Adhesive Tape for Home Office School and Crafting,White</p><p>$9.99</p><a href="https://www.amazon.com/dp/B0CGVN9SL1?tag=eloabder-20&linkCode=osi&th=1&psc=1">View Product</a></div><div class="product"><a href="https://www.amazon.com/dp/B07Y3VDPLF?tag=eloabder-20&linkCode=osi&th=1&psc=1"><img src="https://m.media-amazon.com/images/I/41cyKQ2OMuL._SL500_.jpg" alt="Product Image"></a><p>Melsan 1x4 inch Hook and Loop Strips with Adhesive - 15 Sets, Strong Back Adhesive Fasten Mounting Tape for Home or Office Use - Instead of Holes and Screws, Black</p><p>$7.82</p><a href="https://www.amazon.com/dp/B07Y3VDPLF?tag=eloabder-20&linkCode=osi&th=1&psc=1">View Product</a></div><div class="product"><a href="https://www.amazon.com/dp/B07V57VJT5?tag=eloabder-20&linkCode=osi&th=1&psc=1"><img src="https://m.media-amazon.com/images/I/514JO3bvl3L._SL500_.jpg" alt="Product Image"></a><p>XFasten Adhesive Roller for Scrapbooking, 8mm x 30ft 4-Pack Double Sided Glue Tape Roller, Scrapbook Supplies for Adults, Photo Tape for Scrapbooking</p><p>$9.99 ($2.50 / Count)</p><a href="https://www.amazon.com/dp/B07V57VJT5?tag=eloabder-20&linkCode=osi&th=1&psc=1">View Product</a></div><div class="product"><a href="https://www.amazon.com/dp/B07JLTGQHX?tag=eloabder-20&linkCode=osi&th=1&psc=1"><img src="https://m.media-amazon.com/images/I/51Eqfo7kUZL._SL500_.jpg" alt="Product Image"></a><p>UPINS 120 Pack Double Sided Foam Tape Square Self-Adhesive Foam Tape Black Strong Tape Pads for DIY Art Crafts Supplies</p><p>$9.99 ($0.08 / Count)</p><a href="https://www.amazon.com/dp/B07JLTGQHX?tag=eloabder-20&linkCode=osi&th=1&psc=1">View Product</a></div><div class="product"><a href="https://www.amazon.com/dp/B005FM6XF4?tag=eloabder-20&linkCode=osi&th=1&psc=1"><img src="https://m.media-amazon.com/images/I/51-vp1WJ89L._SL500_.jpg" alt="Product Image"></a><p>AdTech 5603 Permanent Crafter's Tape, 0.31" x 315", Pack of 4</p><p>$7.84 ($0.07 / Foot)</p><a href="https://www.amazon.com/dp/B005FM6XF4?tag=eloabder-20&linkCode=osi&th=1&psc=1">View Product</a></div><div class="product"><a href="https://www.amazon.com/dp/B0CJF1FLFJ?tag=eloabder-20&linkCode=osi&th=1&psc=1"><img src="https://m.media-amazon.com/images/I/51dig1RqzdL._SL500_.jpg" alt="Product Image"></a><p>UPINS 150Pack Double Sided Foam Tape Strong Sticky Double Sided Foam Pads for Crafts Self-Adhesive Mounting Foam Tape Heavy Duty for Home Wall Decor 40 * 40 * 2mm</p><p>$8.99 ($0.06 / Count)</p><a href="https://www.amazon.com/dp/B0CJF1FLFJ?tag=eloabder-20&linkCode=osi&th=1&psc=1">View Product</a></div><div class="product"><a href="https://www.amazon.com/dp/B0D4YWRGCL?tag=eloabder-20&linkCode=osi&th=1&psc=1"><img src="https://m.media-amazon.com/images/I/41EqJ553-KL._SL500_.jpg" alt="Product Image"></a><p>Amanbo Glue Tape for Scrapbooking, 6 Pack Scrapbook Tape, Double Sided Tape Roller for Crafts, Total 120 Ft x 0.24 in Tape Runner, Craft Supplies for Scrapbooking, Gift Wrapping and Photo Tape</p><p>$6.99</p><a href="https://www.amazon.com/dp/B0D4YWRGCL?tag=eloabder-20&linkCode=osi&th=1&psc=1">View Product</a></div>
<div class="product"><a href="https://www.amazon.com/dp/B0CC5HPPTN?tag=eloabder-20&linkCode=osi&th=1&psc=1"><img src="https://m.media-amazon.com/images/I/519M81S201L._SL500_.jpg" alt="Product Image"></a><p>Airbrush Paint - 30 Colors with 3 Thinner, Ready to Spray Airbrush Paint Set, Water-Based Acrylic Air brush Paints for Metal, Plastic Models, Canvas, Wood, 20ml/Bottle</p><p>$32.99 ($1.48 / Fl Oz)</p><a href="https://www.amazon.com/dp/B0CC5HPPTN?tag=eloabder-20&linkCode=osi&th=1&psc=1">View Product</a></div>
<div class="product"><a href="https://www.amazon.com/dp/B0CXPSGK36?tag=eloabder-20&linkCode=osi&th=1&psc=1"><img src="https://m.media-amazon.com/images/I/51dd2dYOtrL._SL500_.jpg" alt="Product Image"></a><p>Letter Stickers 30 Sheets 1500 PCS Large Alphabet Sticker 2 Inch Vinyl Self Adhesive Stick on Stickers for Water Bottles Cup Mailbox Number Address Craft Scrapbooking Bulletin Board Decor Multicolor</p><p>$9.99</p><a href="https://www.amazon.com/dp/B0CXPSGK36?tag=eloabder-20&linkCode=osi&th=1&psc=1">View Product</a></div><div class="product"><a href="https://www.amazon.com/dp/B07NNYFMGY?tag=eloabder-20&linkCode=osi&th=1&psc=1"><img src="https://m.media-amazon.com/images/I/51yDnU+gEXL._SL500_.jpg" alt="Product Image"></a><p>20 Sheets Alphabet Letter Stickers 10 Colors Self Adhesive Sticker Colorful PU Material Convex Feeling (Colored Letter Stickers 1)</p><p>$6.99 ($0.35 / Count)</p><a href="https://www.amazon.com/dp/B07NNYFMGY?tag=eloabder-20&linkCode=osi&th=1&psc=1">View Product</a></div>

<div class="product"><a href="https://www.amazon.com/dp/B01DDN8854?tag=eloabder-20&linkCode=osi&th=1&psc=1"><img src="https://m.media-amazon.com/images/I/61dPubDZBSL._SL500_.jpg" alt="Product Image"></a><p>Hugs 'n Kisses HNKHABY13 Applique Paper (20 Pack)</p><p>$19.72 ($0.99 / Count)</p><a href="https://www.amazon.com/dp/B01DDN8854?tag=eloabder-20&linkCode=osi&th=1&psc=1">View Product</a></div>
<div class="product"><a href="https://www.amazon.com/dp/B09KPNFJW1?tag=eloabder-20&linkCode=osi&th=1&psc=1"><img src="https://m.media-amazon.com/images/I/41abn5fELmL._SL500_.jpg" alt="Product Image"></a><p>UniPleased Disposable Aprons (50 Count), Plastic apron for Painting Party, Cooking, Housework, Picnic etc.</p><p>$5.69</p><a href="https://www.amazon.com/dp/B09KPNFJW1?tag=eloabder-20&linkCode=osi&th=1&psc=1">View Product</a></div>
<div class="product"><a href="https://www.amazon.com/dp/B087M21MM2?tag=eloabder-20&linkCode=osi&th=1&psc=1"><img src="https://m.media-amazon.com/images/I/41Xf-jehhLL._SL500_.jpg" alt="Product Image"></a><p>GOTIDEAL Stretched Canvas, Multi Pack 4x4, 5x7, 8x10,9x12, 11x14 Set of 10, Primed White - 100% Cotton Artist Canvas Boards for Painting, Acrylic Pouring, Oil Paint Dry & Wet Art Media</p><p>$24.99</p><a href="https://www.amazon.com/dp/B087M21MM2?tag=eloabder-20&linkCode=osi&th=1&psc=1">View Product</a></div><div class="product"><a href="https://www.amazon.com/dp/B00OQJYISG?tag=eloabder-20&linkCode=osi&th=1&psc=1"><img src="https://m.media-amazon.com/images/I/31fEDLPkkcL._SL500_.jpg" alt="Product Image"></a><p>6 Count 12” x 16” Super Value Canvas by Artist's Loft Necessities - Acid Free Cotton Canvas for Paint, Acrylic, & Oils - 1 Pack</p><p>$19.99</p><a href="https://www.amazon.com/dp/B00OQJYISG?tag=eloabder-20&linkCode=osi&th=1&psc=1">View Product</a></div><div class="product"><a href="https://www.amazon.com/dp/B09CDKB9HY?tag=eloabder-20&linkCode=osi&th=1&psc=1"><img src="https://m.media-amazon.com/images/I/51+p5xnClGL._SL500_.jpg" alt="Product Image"></a><p>DPDIAN Canvas Boards for Painting 40 Pack, 8 inch x 10 inch Super Value Pack, Artist Canvas Panels for Oil & Acrylic Painting</p><p>$29.99</p><a href="https://www.amazon.com/dp/B09CDKB9HY?tag=eloabder-20&linkCode=osi&th=1&psc=1">View Product</a></div><div class="product"><a href="https://www.amazon.com/dp/B0CFBGP29G?tag=eloabder-20&linkCode=osi&th=1&psc=1"><img src="https://m.media-amazon.com/images/I/3147Az5plbL._SL500_.jpg" alt="Product Image"></a><p>ArtSkills Stretched Canvases for Painting, 12x16 Canvas Painting Supplies for Artists, Blank Canvas Pack, 2-Pack</p><p>$16.99</p><a href="https://www.amazon.com/dp/B0CFBGP29G?tag=eloabder-20&linkCode=osi&th=1&psc=1">View Product</a></div><div class="product"><a href="https://www.amazon.com/dp/B07BNGQ1SS?tag=eloabder-20&linkCode=osi&th=1&psc=1"><img src="https://m.media-amazon.com/images/I/410ZVtygUwS._SL500_.jpg" alt="Product Image"></a><p>PHOENIX Stretched Canvas for Painting 8x10 Inch/10 Value Pack, 8 Oz Triple Primed 5/8 Inch Profile 100% Cotton White Blank Canvas, Artist Framed Canvas for Oil Acrylic & Pouring Art</p><p>$22.99</p><a href="https://www.amazon.com/dp/B07BNGQ1SS?tag=eloabder-20&linkCode=osi&th=1&psc=1">View Product</a></div><div class="product"><a href="https://www.amazon.com/dp/B0922JP1H4?tag=eloabder-20&linkCode=osi&th=1&psc=1"><img src="https://m.media-amazon.com/images/I/41BmiEND1KL._SL500_.jpg" alt="Product Image"></a><p>GOTIDEAL Canvases for Painting, 18 Pack Canvas Boards Multipack 4x4, 5x7, 8x10, 9x12,11x14,Primed White Blank Artist Canvas Variety Pack for Acrylic Paint, Oil Paint, Watercolor, Gouache</p><p>$19.99</p><a href="https://www.amazon.com/dp/B0922JP1H4?tag=eloabder-20&linkCode=osi&th=1&psc=1">View Product</a></div>


<div class="product"><a href="https://www.amazon.com/dp/B0872VFHBH?tag=eloabder-20&linkCode=osi&th=1&psc=1"><img src="https://m.media-amazon.com/images/I/51k3bekQheS._SL500_.jpg" alt="Product Image"></a><p>Bachmore Drawing Pad 9X12 Inch (110lb/180g), 60 Sheets, Top Spiral Bound Multi-Media for Artist Pro & Amateurs | Acrylic Art, Ink, Paint, Oil Pastels,Watercolor Mixed Media Sketch</p><p>$11.99</p><a href="https://www.amazon.com/dp/B0872VFHBH?tag=eloabder-20&linkCode=osi&th=1&psc=1">View Product</a></div><div class="product"><a href="https://www.amazon.com/dp/B0027A75A4?tag=eloabder-20&linkCode=osi&th=1&psc=1"><img src="https://m.media-amazon.com/images/I/51dyOxxcgYL._SL500_.jpg" alt="Product Image"></a><p>Strathmore 200 Series Sketch Pad, 9x12 inch, 100 Sheets, Tape Bound - Artist Sketchbook for Drawing, Illustration, Art Class Students</p><p>$6.99 ($0.07 / Count)</p><a href="https://www.amazon.com/dp/B0027A75A4?tag=eloabder-20&linkCode=osi&th=1&psc=1">View Product</a></div><div class="product"><a href="https://www.amazon.com/dp/B0BV13YQKX?tag=eloabder-20&linkCode=osi&th=1&psc=1"><img src="https://m.media-amazon.com/images/I/41VYfMpvXUL._SL500_.jpg" alt="Product Image"></a><p>Canson Graduate Watercolor Pad, Foldover, 9x12 inch, 20 Sheets | Artist Paper for Adults and Students - Painting, Gouache, Mixed Media and Ink</p><p>$4.97 ($0.41 / Count)</p><a href="https://www.amazon.com/dp/B0BV13YQKX?tag=eloabder-20&linkCode=osi&th=1&psc=1">View Product</a></div><div class="product"><a href="https://www.amazon.com/dp/B0024KMQ6K?tag=eloabder-20&linkCode=osi&th=1&psc=1"><img src="https://m.media-amazon.com/images/I/51sYdvPPUCL._SL500_.jpg" alt="Product Image"></a><p>Strathmore 400 Series Pastel Pad, Assorted Colors, 9"x12" Glue Bound, 24 Sheets</p><p>$9.11</p><a href="https://www.amazon.com/dp/B0024KMQ6K?tag=eloabder-20&linkCode=osi&th=1&psc=1">View Product</a></div><div class="product"><a href="https://www.amazon.com/dp/B00246O6PI?tag=eloabder-20&linkCode=osi&th=1&psc=1"><img src="https://m.media-amazon.com/images/I/517TUmckOIL._SL500_.jpg" alt="Product Image"></a><p>Strathmore 300 Series Drawing Paper Pad, Top Wire Bound, 11x14 inches, 50 Sheets (70lb/114g) - Artist Paper for Adults and Students - Charcoal, Colored Pencil, Ink, Pastel, Marker</p><p>$13.33</p><a href="https://www.amazon.com/dp/B00246O6PI?tag=eloabder-20&linkCode=osi&th=1&psc=1">View Product</a></div>
<div class="product"><a href="https://www.amazon.com/dp/B08ZMH7LJY?tag=eloabder-20&linkCode=osi&th=1&psc=1"><img src="https://m.media-amazon.com/images/I/51mJIsLJA-S._SL500_.jpg" alt="Product Image"></a><p>PANDAFLY Professional Drawing Sketching Pencil Set - 12 Pieces Graphite Pencils(14B - 2H), Ideal for Drawing Art, Sketching, Shading, Artist Pencils for Beginners & Pro Artists</p><p>$5.11</p><a href="https://www.amazon.com/dp/B08ZMH7LJY?tag=eloabder-20&linkCode=osi&th=1&psc=1">View Product</a></div><div class="product"><a href="https://www.amazon.com/dp/B088K1G5NL?tag=eloabder-20&linkCode=osi&th=1&psc=1"><img src="https://m.media-amazon.com/images/I/51F2bOMZWnL._SL500_.jpg" alt="Product Image"></a><p>MARKART Professional Drawing Sketching Pencil Set - 14 Pieces,Graphite,(12B - 4H), Ideal for Drawing Art, Sketching, Shading, Artist Pencils for Beginners & Pro Artists</p><p>$5.24</p><a href="https://www.amazon.com/dp/B088K1G5NL?tag=eloabder-20&linkCode=osi&th=1&psc=1">View Product</a></div><div class="product"><a href="https://www.amazon.com/dp/B08FHMRW4L?tag=eloabder-20&linkCode=osi&th=1&psc=1"><img src="https://m.media-amazon.com/images/I/51Pmn5gjyzL._SL500_.jpg" alt="Product Image"></a><p>Mr. Pen- Sketch Pencils for Drawing, 14 Pack, Drawing Pencils, Art Pencils, Graphite Pencils, Graphite Pencils for Drawing, Art Pencils for Drawing and Shading</p><p>$5.95</p><a href="https://www.amazon.com/dp/B08FHMRW4L?tag=eloabder-20&linkCode=osi&th=1&psc=1">View Product</a></div><div class="product"><a href="https://www.amazon.com/dp/B0BNQ58DC4?tag=eloabder-20&linkCode=osi&th=1&psc=1"><img src="https://m.media-amazon.com/images/I/51e-gQtCcCL._SL500_.jpg" alt="Product Image"></a><p>MARTCOLOR Drawing Sketching Pencils Set, 12 Pack Graphite Pencils(14B - 2H), Ideal for Drawing Art, Sketching, Shading, Artist Pencils for Beginners & Pro Artists</p><p>$5.99</p><a href="https://www.amazon.com/dp/B0BNQ58DC4?tag=eloabder-20&linkCode=osi&th=1&psc=1">View Product</a></div>

<div class="product"><a href="https://www.amazon.com/dp/B0851M3749?tag=eloabder-20&linkCode=osi&th=1&psc=1"><img src="https://m.media-amazon.com/images/I/41KKSGSDl5L._SL500_.jpg" alt="Product Image"></a><p>N NOROCME 12 PCS Blending Stumps and Tortillions Paper Art Blenders with Sandpaper Pencil Sharpener Pointer for Student Artist Charcoal Sketch Drawing Tools</p><p>$4.99</p><a href="https://www.amazon.com/dp/B0851M3749?tag=eloabder-20&linkCode=osi&th=1&psc=1">View Product</a></div><div class="product"><a href="https://www.amazon.com/dp/B09J3HKN8F?tag=eloabder-20&linkCode=osi&th=1&psc=1"><img src="https://m.media-amazon.com/images/I/51Qvx81eQLL._SL500_.jpg" alt="Product Image"></a><p>Eraser Pencils Set for Artists, Wooden Sketch Eraser Pen for Charcoal Drawings, Professional Highlight Painting Eraser for Sketching, Revise Erasing Details for Students Limner</p><p>$6.99</p><a href="https://www.amazon.com/dp/B09J3HKN8F?tag=eloabder-20&linkCode=osi&th=1&psc=1">View Product</a></div>
<div class="product"><a href="https://www.amazon.com/dp/B09WCQ89T8?tag=eloabder-20&linkCode=osi&th=1&psc=1"><img src="https://m.media-amazon.com/images/I/41gZz0qgBFL._SL500_.jpg" alt="Product Image"></a><p>Bernat BABY BLANKET BB Blue Dreams Yarn - 1 Pack of 10.5oz/300g - Polyester - #6 Super Bulky - 220 Yards - Knitting/Crochet</p><p>$6.97</p><a href="https://www.amazon.com/dp/B09WCQ89T8?tag=eloabder-20&linkCode=osi&th=1&psc=1">View Product</a></div><div class="product"><a href="https://www.amazon.com/dp/B07V5JVNFD?tag=eloabder-20&linkCode=osi&th=1&psc=1"><img src="https://m.media-amazon.com/images/I/41IS+HdtiOL._SL500_.jpg" alt="Product Image"></a><p>Lion Brand Yarn Basic Stitch Anti-Pilling Knitting Yarn, Yarn for Crocheting, 1-Pack, Baby Blue</p><p>$8.40 ($0.02 / Foot)</p><a href="https://www.amazon.com/dp/B07V5JVNFD?tag=eloabder-20&linkCode=osi&th=1&psc=1">View Product</a></div><div class="product"><a href="https://www.amazon.com/dp/B01M0AJID2?tag=eloabder-20&linkCode=osi&th=1&psc=1"><img src="https://m.media-amazon.com/images/I/41yVau0AUpL._SL500_.jpg" alt="Product Image"></a><p>Lion Brand Yarn (1 Skein) Lion Brand Yarn Babysoft Baby Yarn Yarn, Little Boy Blue Multicolor</p><p>$7.19 ($0.01 / Foot)</p><a href="https://www.amazon.com/dp/B01M0AJID2?tag=eloabder-20&linkCode=osi&th=1&psc=1">View Product</a></div><div class="product"><a href="https://www.amazon.com/dp/B09W1KHF42?tag=eloabder-20&linkCode=osi&th=1&psc=1"><img src="https://m.media-amazon.com/images/I/41maDlrio5L._SL500_.jpg" alt="Product Image"></a><p>Red Heart Super Saver Light Blue Yarn - 3 Pack of 198g/7oz - Acrylic - 4 Medium (Worsted) - 364 Yards - Knitting/Crochet</p><p>$13.29 ($4.43 / Count)</p><a href="https://www.amazon.com/dp/B09W1KHF42?tag=eloabder-20&linkCode=osi&th=1&psc=1">View Product</a></div><div class="product"><a href="https://www.amazon.com/dp/B08LKVZ3CX?tag=eloabder-20&linkCode=osi&th=1&psc=1"><img src="https://m.media-amazon.com/images/I/41GLizNx8UL._SL500_.jpg" alt="Product Image"></a><p>Bernat Baby Blanket Baby Blue Yarn - 3 Pack of 100g/3.5oz - Polyester - 6 Super Bulky - 72 Yards - Knitting/Crochet</p><p>$21.81</p><a href="https://www.amazon.com/dp/B08LKVZ3CX?tag=eloabder-20&linkCode=osi&th=1&psc=1">View Product</a></div><div class="product"><a href="https://www.amazon.com/dp/B0CHJ95WHJ?tag=eloabder-20&linkCode=osi&th=1&psc=1"><img src="https://m.media-amazon.com/images/I/314E1EQdihL._SL500_.jpg" alt="Product Image"></a><p>NORCIA Soft Velvet Yarn Chenille Yarn for Crocheting Baby Blanket Yarn for Knitting Amigurumi Yarn Fancy Yarn for Crochet Weaving Craft (Baby Blue, 1 Skein)</p><p>$9.99</p><a href="https://www.amazon.com/dp/B0CHJ95WHJ?tag=eloabder-20&linkCode=osi&th=1&psc=1">View Product</a></div>
<div class="product"><a href="https://www.amazon.com/dp/B0779F2TXJ?tag=eloabder-20&linkCode=osi&th=1&psc=1"><img src="https://m.media-amazon.com/images/I/31kqZr8DJzL._SL500_.jpg" alt="Product Image"></a><p>OPENDGO Feather Ballpoint Pen ，Black Ink Vintage Feather Quill Refined Plated Rod Quill Ballpoint Pen For School Writing ▏Wedding Gift Signature Pen (Black)</p><p>$6.97</p><a href="https://www.amazon.com/dp/B0779F2TXJ?tag=eloabder-20&linkCode=osi&th=1&psc=1">View Product</a></div><div class="product"><a href="https://www.amazon.com/dp/B0CQF3BJ3S?tag=eloabder-20&linkCode=osi&th=1&psc=1"><img src="https://m.media-amazon.com/images/I/41gs6AOiP6L._SL500_.jpg" alt="Product Image"></a><p>3 in 1 Retractable Ballpoint Pen with Light and Stylus, Nice Pens for Journaling Writing in The Dark - White/Red Light Tip- 0.7mm Black Ink</p><p>$12.99</p><a href="https://www.amazon.com/dp/B0CQF3BJ3S?tag=eloabder-20&linkCode=osi&th=1&psc=1">View Product</a></div><div class="product"><a href="https://www.amazon.com/dp/B08BBZ3B8G?tag=eloabder-20&linkCode=osi&th=1&psc=1"><img src="https://m.media-amazon.com/images/I/41cMHyw60wL._SL500_.jpg" alt="Product Image"></a><p>Mr. Pen- Pens, Black Pens, 12 Pack, Fast Dry, No Smear Pens, Bible Pens, Pens for Journaling, Pens No Bleed Through, Pens Fine Point, Journal Pens, Fine Tip, Planner Pens, Ball Point Journal Pens</p><p>$9.99</p><a href="https://www.amazon.com/dp/B08BBZ3B8G?tag=eloabder-20&linkCode=osi&th=1&psc=1">View Product</a></div><div class="product"><a href="https://www.amazon.com/dp/B0D4YWWGX6?tag=eloabder-20&linkCode=osi&th=1&psc=1"><img src="https://m.media-amazon.com/images/I/31xHBCCzJqL._SL500_.jpg" alt="Product Image"></a><p>PATIKIL 21cm/8" Feather Ballpoint Pen, 1Pcs Ink Vintage Quill Pen Refined Plated Dip Pen for Calligraphy Writing Signature Wedding Gift, Yellow</p><p>$7.49</p><a href="https://www.amazon.com/dp/B0D4YWWGX6?tag=eloabder-20&linkCode=osi&th=1&psc=1">View Product</a></div>

<div class="product"><a href="https://www.amazon.com/dp/B001TLDEVQ?tag=eloabder-20&linkCode=osi&th=1&psc=1"><img src="https://m.media-amazon.com/images/I/41jYF39F6lL._SL500_.jpg" alt="Product Image"></a><p>Beadalon SuppleMax Illusion Beading Cord, 0.40 mm / 0.016 in, Clear Monofilament, 50 m / 164 ft</p><p>$4.74</p><a href="https://www.amazon.com/dp/B001TLDEVQ?tag=eloabder-20&linkCode=osi&th=1&psc=1">View Product</a></div><div class="product"><a href="https://www.amazon.com/dp/B0D2HVFZ7Q?tag=eloabder-20&linkCode=osi&th=1&psc=1"><img src="https://m.media-amazon.com/images/I/41R66LMYz7L._SL500_.jpg" alt="Product Image"></a><p>Zxiixz 116Yards 0.5mm Bracelet String, Waxed String Cord for Bracelet Making, Beading Thread for Bracelet Beads, Friendship Bracelet String for Bracelet Making, Waxed Polyester Cord for Jewelry Making</p><p>$6.99</p><a href="https://www.amazon.com/dp/B0D2HVFZ7Q?tag=eloabder-20&linkCode=osi&th=1&psc=1">View Product</a></div><div class="product"><a href="https://www.amazon.com/dp/B07BNF8KH5?tag=eloabder-20&linkCode=osi&th=1&psc=1"><img src="https://m.media-amazon.com/images/I/51jVByheyVL._SL500_.jpg" alt="Product Image"></a><p>PH PandaHall 100 Yards 1mm Waxed Cotton Cord Thread Beading String for Bracelet Necklace Making Crafting Beading Macrame Vase Decor, Burlywood</p><p>$7.19 ($0.02 / Foot)</p><a href="https://www.amazon.com/dp/B07BNF8KH5?tag=eloabder-20&linkCode=osi&th=1&psc=1">View Product</a></div><div class="product"><a href="https://www.amazon.com/dp/B07HBPGXJG?tag=eloabder-20&linkCode=osi&th=1&psc=1"><img src="https://m.media-amazon.com/images/I/41xi8gO6kDL._SL500_.jpg" alt="Product Image"></a><p>Paxcoo 0.8mm Elastic String, Stretchy Bracelet String Crystal String Bead Cord for Bracelet, Beading and Jewelry Making (120m)</p><p>$6.99 ($0.02 / Foot)</p><a href="https://www.amazon.com/dp/B07HBPGXJG?tag=eloabder-20&linkCode=osi&th=1&psc=1">View Product</a></div><div class="product"><a href="https://www.amazon.com/dp/B0CNPST7D9?tag=eloabder-20&linkCode=osi&th=1&psc=1"><img src="https://m.media-amazon.com/images/I/41A9VISFC4L._SL500_.jpg" alt="Product Image"></a><p>Kblick Black Nylon String Cord - 1MM 100 Yards Black Twine, Bracelet String for Bracelet Making, Braided Ornament Lanyard Sting, Jewelry Thread Clay Bead String for Crafts, Macrame Satin Cord</p><p>$5.99 ($0.02 / Foot)</p><a href="https://www.amazon.com/dp/B0CNPST7D9?tag=eloabder-20&linkCode=osi&th=1&psc=1">View Product</a></div><div class="product"><a href="https://www.amazon.com/dp/B08GC3JF9X?tag=eloabder-20&linkCode=osi&th=1&psc=1"><img src="https://m.media-amazon.com/images/I/41FQZYhvQpL._SL500_.jpg" alt="Product Image"></a><p>Cheriswelry 100M 0.8mm Nylon Beading Cord Black Chinese Knotting Rattail Macrame Thread String Roll for Jewelry Making Kumihimo Wrapping Supplies DIY Crafts</p><p>$6.99 ($0.02 / Fl Oz)</p><a href="https://www.amazon.com/dp/B08GC3JF9X?tag=eloabder-20&linkCode=osi&th=1&psc=1">View Product</a></div><div class="product"><a href="https://www.amazon.com/dp/B0B3V9RWQC?tag=eloabder-20&linkCode=osi&th=1&psc=1"><img src="https://m.media-amazon.com/images/I/41F-OP+yCxL._SL500_.jpg" alt="Product Image"></a><p>Griffin Silk Bead Cord Perlseide – Black Color – Size 3 (0.50mm) – 2 Meters per Card – Stainless Steel Needle Attached – for Knotting Pearls, Gemstones, Crystals and Beads</p><p>$4.99 ($0.76 / Foot)</p><a href="https://www.amazon.com/dp/B0B3V9RWQC?tag=eloabder-20&linkCode=osi&th=1&psc=1">View Product</a></div><div class="product"><a href="https://www.amazon.com/dp/B08F49YVQP?tag=eloabder-20&linkCode=osi&th=1&psc=1"><img src="https://m.media-amazon.com/images/I/41yCMIpj0rS._SL500_.jpg" alt="Product Image"></a><p>1mm Stretchy Bracelet String, Sturdy Rainbow Elastic String Elastic Cord for Jewelry Making, Necklaces, Beading and Crafts</p><p>$6.99 ($0.04 / Foot)</p><a href="https://www.amazon.com/dp/B08F49YVQP?tag=eloabder-20&linkCode=osi&th=1&psc=1">View Product</a></div>

<div class="product"><a href="https://www.amazon.com/dp/B001GMUBJ6?tag=eloabder-20&linkCode=osi&th=1&psc=1"><img src="https://m.media-amazon.com/images/I/41V5qzn3H5L._SL500_.jpg" alt="Product Image"></a><p>The Beadsmith Fireline by Berkley – Micro-Fused Braided Thread – 6lb. Test, 006”/.15mm Diameter, 50 Yard Spool, Crystal Color – Super Strong Stringing Material for Jewelry Making and Bead Weaving</p><p>$12.59</p><a href="https://www.amazon.com/dp/B001GMUBJ6?tag=eloabder-20&linkCode=osi&th=1&psc=1">View Product</a></div><div class="product"><a href="https://www.amazon.com/dp/B001UAKK0Y?tag=eloabder-20&linkCode=osi&th=1&psc=1"><img src="https://m.media-amazon.com/images/I/41rY1D0wfuL._SL500_.jpg" alt="Product Image"></a><p>Beadalon Wildfire, 0.006 in, 0.15 mm, Break Strength 10 lb / 4.5 kg, Frost, 50 yd / 45 m</p><p>$8.85 ($0.06 / Foot)</p><a href="https://www.amazon.com/dp/B001UAKK0Y?tag=eloabder-20&linkCode=osi&th=1&psc=1">View Product</a></div><div class="product"><a href="https://www.amazon.com/dp/B095WY58F4?tag=eloabder-20&linkCode=osi&th=1&psc=1"><img src="https://m.media-amazon.com/images/I/41mXRfJqcjL._SL500_.jpg" alt="Product Image"></a><p>PH PandaHall 0.1mm Nylon Seed Bead Thread 100 Yards Black White Bracelet Cord Beading Thread Invisible Sewing Thread Nylon Braided Thread String for Leather Stitching Beading Jewelry Bracelets Making</p><p>$9.99 ($0.03 / Foot)</p><a href="https://www.amazon.com/dp/B095WY58F4?tag=eloabder-20&linkCode=osi&th=1&psc=1">View Product</a></div><div class="product"><a href="https://www.amazon.com/dp/B08RN2R2SZ?tag=eloabder-20&linkCode=osi&th=1&psc=1"><img src="https://m.media-amazon.com/images/I/41Tg2MMC++L._SL500_.jpg" alt="Product Image"></a><p>KO Nylon Beading Thread, White Color, Japanese Pre-Waxed 100% Nylon, 330TEX, Tangle Resistant Knotting Cords, 50m /55 yds Spool, Use for Seed Bead Projects, Loom Work & Bead Weaving</p><p>$7.06 ($0.04 / Foot)</p><a href="https://www.amazon.com/dp/B08RN2R2SZ?tag=eloabder-20&linkCode=osi&th=1&psc=1">View Product</a></div><div class="product"><a href="https://www.amazon.com/dp/B09J89ST79?tag=eloabder-20&linkCode=osi&th=1&psc=1"><img src="https://m.media-amazon.com/images/I/41hLuuOZeXL._SL500_.jpg" alt="Product Image"></a><p>2 Roll Polyester Thread, Heavy Duty Thread, 1500Yard/Reel 210D/3 nylon thread for sewing, Sewing Thread for Upholstery, Outdoor Market, Drapery, Leather, Beading, Crafts</p><p>$7.99 ($0.00 / Foot)</p><a href="https://www.amazon.com/dp/B09J89ST79?tag=eloabder-20&linkCode=osi&th=1&psc=1">View Product</a></div><div class="product"><a href="https://www.amazon.com/dp/B0C6MSY7QQ?tag=eloabder-20&linkCode=osi&th=1&psc=1"><img src="https://m.media-amazon.com/images/I/31Bn-MyA62L._SL500_.jpg" alt="Product Image"></a><p>PH PandaHall 0.1mm Nylon String 100 Yards Beading Thread White Nylon Seed Bead Thread Bracelet Beading Thread Sewing String for Leather Stitching Beading Jewelry Bracelets Making</p><p>$7.99 ($0.03 / Foot)</p><a href="https://www.amazon.com/dp/B0C6MSY7QQ?tag=eloabder-20&linkCode=osi&th=1&psc=1">View Product</a></div>

<div class="product"><a href="https://www.amazon.com/dp/B07NMNDT1W?tag=eloabder-20&linkCode=osi&th=1&psc=1"><img src="https://m.media-amazon.com/images/I/41-zwQIcVcL._SL500_.jpg" alt="Product Image"></a><p>Howemon White Beeswax Pellets 2LB 100% Pure and Natural Triple Filtered for Skin, Face, Body and Hair Care DIY Creams, Lotions, Lip Balm and Soap Making Supplies</p><p>$13.99 ($0.44 / Fl Oz)</p><a href="https://www.amazon.com/dp/B07NMNDT1W?tag=eloabder-20&linkCode=osi&th=1&psc=1">View Product</a></div><div class="product"><a href="https://www.amazon.com/dp/B00B3U0FW4?tag=eloabder-20&linkCode=osi&th=1&psc=1"><img src="https://m.media-amazon.com/images/I/51rWFCST+TL._SL500_.jpg" alt="Product Image"></a><p>Beesworks Yellow Beeswax Pellets (1 lb) | 100% Pure, Cosmetic Grade, Triple-Filtered Beeswax for DIY Skin care, Lip Balm, Lotion, and Candle Making</p><p>$13.99 ($0.87 / Ounce)</p><a href="https://www.amazon.com/dp/B00B3U0FW4?tag=eloabder-20&linkCode=osi&th=1&psc=1">View Product</a></div><div class="product"><a href="https://www.amazon.com/dp/B01LWX2IO1?tag=eloabder-20&linkCode=osi&th=1&psc=1"><img src="https://m.media-amazon.com/images/I/41MlNqhDyCL._SL500_.jpg" alt="Product Image"></a><p>Beesworks Yellow Beeswax Bars (6 oz) | 100% Pure, Cosmetic Grade, Triple-Filtered Beeswax for DIY Skin Care, Lip Balm, Lotion and Candle Making (1 oz Bars - Pack of 6)</p><p>$6.99</p><a href="https://www.amazon.com/dp/B01LWX2IO1?tag=eloabder-20&linkCode=osi&th=1&psc=1">View Product</a></div><div class="product"><a href="https://www.amazon.com/dp/B0BV77F19N?tag=eloabder-20&linkCode=osi&th=1&psc=1"><img src="https://m.media-amazon.com/images/I/41xzHaO1-EL._SL500_.jpg" alt="Product Image"></a><p>Beeswax Pellets 10LB Cosmetic Beeswax Triple Filtered Beeswax Pastilles for Candle Making Great for DIY Projects Creams Lotions Lip Balm and Soap Making Supplies(10LB)</p><p>$32.99</p><a href="https://www.amazon.com/dp/B0BV77F19N?tag=eloabder-20&linkCode=osi&th=1&psc=1">View Product</a></div><div class="product"><a href="https://www.amazon.com/dp/B0C9QSG3CY?tag=eloabder-20&linkCode=osi&th=1&psc=1"><img src="https://m.media-amazon.com/images/I/414XQcU6SRL._SL500_.jpg" alt="Product Image"></a><p>YASNAY White Beeswax Pellets 2LB, 100% Organic Beeswax, Beeswax for Candle Making, Body, Skin Care DIY, Lip Balm and Soap Making Supplies</p><p>$11.99</p><a href="https://www.amazon.com/dp/B0C9QSG3CY?tag=eloabder-20&linkCode=osi&th=1&psc=1">View Product</a></div><div class="product"><a href="https://www.amazon.com/dp/B097HTC4WN?tag=eloabder-20&linkCode=osi&th=1&psc=1"><img src="https://m.media-amazon.com/images/I/51pwMM7C6-L._SL500_.jpg" alt="Product Image"></a><p>Eco Lux 8 Yellow Beeswax Blocks 100% Pure Natural Organic Bees Wax 6.5oz</p><p>$8.49 ($1.35 / Ounce)</p><a href="https://www.amazon.com/dp/B097HTC4WN?tag=eloabder-20&linkCode=osi&th=1&psc=1">View Product</a></div><div class="product"><a href="https://www.amazon.com/dp/B00HDHQQCE?tag=eloabder-20&linkCode=osi&th=1&psc=1"><img src="https://m.media-amazon.com/images/I/41vF-7MwNhL._SL500_.jpg" alt="Product Image"></a><p>Murray's 100% Pure Beeswax 4 oz</p><p>$5.98 ($1.50 / Ounce)</p><a href="https://www.amazon.com/dp/B00HDHQQCE?tag=eloabder-20&linkCode=osi&th=1&psc=1">View Product</a></div><div class="product"><a href="https://www.amazon.com/dp/B09YM8JTLM?tag=eloabder-20&linkCode=osi&th=1&psc=1"><img src="https://m.media-amazon.com/images/I/41cjNuBnFEL._SL500_.jpg" alt="Product Image"></a><p>TRINIDa Beeswax Pellets 2LB(32 oz), 100% Organic Yellow Bees Wax for DIY Candles, Beeswax for Candle Making, Skin, Body, Face, and Hair Care, Lotions, DIY Creams, Lip Balm and Soap Making Supplies</p><p>$11.99</p><a href="https://www.amazon.com/dp/B09YM8JTLM?tag=eloabder-20&linkCode=osi&th=1&psc=1">View Product</a></div><div class="product"><a href="https://www.amazon.com/dp/B00F3CNMV4?tag=eloabder-20&linkCode=osi&th=1&psc=1"><img src="https://m.media-amazon.com/images/I/31pjrRAEa4L._SL500_.jpg" alt="Product Image"></a><p>Stakich Yellow Beeswax Block - Natural, Triple Filtered - 1 Pound, Honey Scent</p><p>$13.95 ($0.87 / Ounce)</p><a href="https://www.amazon.com/dp/B00F3CNMV4?tag=eloabder-20&linkCode=osi&th=1&psc=1">View Product</a></div><div class="product"><a href="https://www.amazon.com/dp/B0BXFZBZS9?tag=eloabder-20&linkCode=osi&th=1&psc=1"><img src="https://m.media-amazon.com/images/I/4178i9IB9KL._SL500_.jpg" alt="Product Image"></a><p>5LB Beeswax Pellets Beeswax for Candle Making Organic Beeswax Pellets for Skin Beeswax Beads Beeswax Bulk Beeswax for Lotion Making Organic for DIY and Craft Project</p><p>$22.99</p><a href="https://www.amazon.com/dp/B0BXFZBZS9?tag=eloabder-20&linkCode=osi&th=1&psc=1">View Product</a></div>
<div class="product"><a href="https://www.amazon.com/dp/B0052F1BVK?tag=eloabder-20&linkCode=osi&th=1&psc=1"><img src="https://m.media-amazon.com/images/I/41zE9eiGoLL._SL500_.jpg" alt="Product Image"></a><p>ACC Staples Large Binder Clips, 2" Width, 1" Capacity, Black, 12/Pk</p><p>$6.30</p><a href="https://www.amazon.com/dp/B0052F1BVK?tag=eloabder-20&linkCode=osi&th=1&psc=1">View Product</a></div><div class="product"><a href="https://www.amazon.com/dp/B07MLFR771?tag=eloabder-20&linkCode=osi&th=1&psc=1"><img src="https://m.media-amazon.com/images/I/51N2wxA7N0L._SL500_.jpg" alt="Product Image"></a><p>CooBigo 50 Pack Binder Ring, Metal Book Ring Paper Ring Holder 5/8-Inch Loose Leaf Binder Ring Clip for Index Card, Flash Card Ring, Card Calendar, Keychain Key Ring - Bronze</p><p>$6.99</p><a href="https://www.amazon.com/dp/B07MLFR771?tag=eloabder-20&linkCode=osi&th=1&psc=1">View Product</a></div><div class="product"><a href="https://www.amazon.com/dp/B01563NHGY?tag=eloabder-20&linkCode=osi&th=1&psc=1"><img src="https://m.media-amazon.com/images/I/41gj+0ZftqL._SL500_.jpg" alt="Product Image"></a><p>vanki Pack of 40 Cute Lovely Smiling Face Spring-Loaded File Organizer Paper Holder Metal Binder Clips, Assorted Color</p><p>$8.99</p><a href="https://www.amazon.com/dp/B01563NHGY?tag=eloabder-20&linkCode=osi&th=1&psc=1">View Product</a></div><div class="product"><a href="https://www.amazon.com/dp/B000GOUDSO?tag=eloabder-20&linkCode=osi&th=1&psc=1"><img src="https://m.media-amazon.com/images/I/41ZANISHgML._SL500_.jpg" alt="Product Image"></a><p>Small Binder Clips .75" 8/Pkg-Assorted Colors</p><p>$4.46</p><a href="https://www.amazon.com/dp/B000GOUDSO?tag=eloabder-20&linkCode=osi&th=1&psc=1">View Product</a></div>
<div class="product"><a href="https://www.amazon.com/dp/B07PRPX4VR?tag=eloabder-20&linkCode=osi&th=1&psc=1"><img src="https://m.media-amazon.com/images/I/41IMH12fdPL._SL500_.jpg" alt="Product Image"></a><p>Durable Sheet Lifters, Durable Easy Flow, 11" x 3", Lifts Sheets Over Rings and Protects Sheets from Tearing, Fit Standard 3-Ring Binders, Black (20 Pack)</p><p>$14.99</p><a href="https://www.amazon.com/dp/B07PRPX4VR?tag=eloabder-20&linkCode=osi&th=1&psc=1">View Product</a></div><div class="product"><a href="https://www.amazon.com/dp/B0CM8QJHFW?tag=eloabder-20&linkCode=osi&th=1&psc=1"><img src="https://m.media-amazon.com/images/I/31cJGS74oCL._SL500_.jpg" alt="Product Image"></a><p>Wantane D-Shaped Tape Storage Ring Tape Storage Ring 4" D-Shaped Washi Tape Storage Ring for DIY Decoration and Storage（Nickel）-2PCS</p><p>$7.99</p><a href="https://www.amazon.com/dp/B0CM8QJHFW?tag=eloabder-20&linkCode=osi&th=1&psc=1">View Product</a></div>
<div class="product"><a href="https://www.amazon.com/dp/B00006IAS3?tag=eloabder-20&linkCode=osi&th=1&psc=1"><img src="https://m.media-amazon.com/images/I/317DvSXhT1L._SL500_.jpg" alt="Product Image"></a><p>GBC Binding System, Manual, Desktop Binding Punch, 6 Sheet Punch Capacity, ProClick P50 (2515650)</p><p>$123.89</p><a href="https://www.amazon.com/dp/B00006IAS3?tag=eloabder-20&linkCode=osi&th=1&psc=1">View Product</a></div><div class="product"><a href="https://www.amazon.com/dp/B004BP81KQ?tag=eloabder-20&linkCode=osi&th=1&psc=1"><img src="https://m.media-amazon.com/images/I/51SqfeZ12KL._SL500_.jpg" alt="Product Image"></a><p>We R Memory Keepers Cinch Book Binding Wire (1-Inch, Silver (2 Pack))</p><p>$5.99</p><a href="https://www.amazon.com/dp/B004BP81KQ?tag=eloabder-20&linkCode=osi&th=1&psc=1">View Product</a></div>

<div class="product"><a href="https://www.amazon.com/dp/B0007ZJ8TM?tag=eloabder-20&linkCode=osi&th=1&psc=1"><img src="https://m.media-amazon.com/images/I/41i49sz3UAL._SL500_.jpg" alt="Product Image"></a><p>Speedball Super Black India Ink, 2-Ounce</p><p>$9.99 ($9.99 / Count)</p><a href="https://www.amazon.com/dp/B0007ZJ8TM?tag=eloabder-20&linkCode=osi&th=1&psc=1">View Product</a></div><div class="product"><a href="https://www.amazon.com/dp/B0026I10AI?tag=eloabder-20&linkCode=osi&th=1&psc=1"><img src="https://m.media-amazon.com/images/I/31vklP4uBsL._SL500_.jpg" alt="Product Image"></a><p>Dr. Ph. Martin's Bombay India (7BY) Ink Bottle, 1.0 oz, Black</p><p>$6.99</p><a href="https://www.amazon.com/dp/B0026I10AI?tag=eloabder-20&linkCode=osi&th=1&psc=1">View Product</a></div><div class="product"><a href="https://www.amazon.com/dp/B000KNP96C?tag=eloabder-20&linkCode=osi&th=1&psc=1"><img src="https://m.media-amazon.com/images/I/51e9srYtG0L._SL500_.jpg" alt="Product Image"></a><p>Winsor & Newton Drawing Ink, 14ml Bottle, Black Indian</p><p>$10.99</p><a href="https://www.amazon.com/dp/B000KNP96C?tag=eloabder-20&linkCode=osi&th=1&psc=1">View Product</a></div><div class="product"><a href="https://www.amazon.com/dp/B07BQG5QF4?tag=eloabder-20&linkCode=osi&th=1&psc=1"><img src="https://m.media-amazon.com/images/I/41nEMDYZaiL._SL500_.jpg" alt="Product Image"></a><p>Speedball Super Black India Ink, 16-Ounce</p><p>$19.99</p><a href="https://www.amazon.com/dp/B07BQG5QF4?tag=eloabder-20&linkCode=osi&th=1&psc=1">View Product</a></div><div class="product"><a href="https://www.amazon.com/dp/B001038NLY?tag=eloabder-20&linkCode=osi&th=1&psc=1"><img src="https://m.media-amazon.com/images/I/418i4sxJJ0L._SL500_.jpg" alt="Product Image"></a><p>Speedball Fabric Screen Printing Ink, 8-Ounce, Black for T-Shirt and Silkscreen Printmaking</p><p>$12.99 ($1.62 / Fl Oz)</p><a href="https://www.amazon.com/dp/B001038NLY?tag=eloabder-20&linkCode=osi&th=1&psc=1">View Product</a></div><div class="product"><a href="https://www.amazon.com/dp/B00161OPSA?tag=eloabder-20&linkCode=osi&th=1&psc=1"><img src="https://m.media-amazon.com/images/I/41C32y3CJAL._SL500_.jpg" alt="Product Image"></a><p>Tsukineko VersaFine inkpad, Full-Size, Onyx Black</p><p>$4.99 ($4.99 / Count)</p><a href="https://www.amazon.com/dp/B00161OPSA?tag=eloabder-20&linkCode=osi&th=1&psc=1">View Product</a></div>
<div class="product"><a href="https://www.amazon.com/dp/B07Q4TJCDJ?tag=eloabder-20&linkCode=osi&th=1&psc=1"><img src="https://m.media-amazon.com/images/I/315HYvYg-BL._SL500_.jpg" alt="Product Image"></a><p>Primbeeks 300pcs Blank Business Cards, Premium Blank White Cards, 3.5" x 2.2" Small Blank Cards, Blank Cardstock Cards, Small Note Cards, white blank cards, white business cards, kraft paper cards</p><p>$7.99</p><a href="https://www.amazon.com/dp/B07Q4TJCDJ?tag=eloabder-20&linkCode=osi&th=1&psc=1">View Product</a></div><div class="product"><a href="https://www.amazon.com/dp/B0CRGHFLT8?tag=eloabder-20&linkCode=osi&th=1&psc=1"><img src="https://m.media-amazon.com/images/I/41S1NLpb8hL._SL500_.jpg" alt="Product Image"></a><p>Watercolor Cards and Envelopes Set - 50 Folded 5x7 Inch Blank Heavyweight Paper Cards (140lb/300gsm) with Matching Envelopes for DIY Greeting Cards, Festivals, and Events</p><p>$17.99 ($0.36 / Count)</p><a href="https://www.amazon.com/dp/B0CRGHFLT8?tag=eloabder-20&linkCode=osi&th=1&psc=1">View Product</a></div><div class="product"><a href="https://www.amazon.com/dp/B08MX4TZ3H?tag=eloabder-20&linkCode=osi&th=1&psc=1"><img src="https://m.media-amazon.com/images/I/41D2u4vdLQL._SL500_.jpg" alt="Product Image"></a><p>50 Pack Blank Kraft Cards Cardstock Thick Paper Brown Greeting Cards for DIY Gift Card Menus, Baby Shower and Wedding Invitations (Multicolored, 5x7IN)</p><p>$8.99</p><a href="https://www.amazon.com/dp/B08MX4TZ3H?tag=eloabder-20&linkCode=osi&th=1&psc=1">View Product</a></div><div class="product"><a href="https://www.amazon.com/dp/B08BDGGVMK?tag=eloabder-20&linkCode=osi&th=1&psc=1"><img src="https://m.media-amazon.com/images/I/41W-dTUoBqL._SL500_.jpg" alt="Product Image"></a><p>100pcs 3.54"x2" Blank Kraft Paper Business Card, Words Message Notes paper Tags, Mini Craft Cardboard Festival gifts - 6 colors</p><p>$5.98</p><a href="https://www.amazon.com/dp/B08BDGGVMK?tag=eloabder-20&linkCode=osi&th=1&psc=1">View Product</a></div><div class="product"><a href="https://www.amazon.com/dp/B08BFDJJ78?tag=eloabder-20&linkCode=osi&th=1&psc=1"><img src="https://m.media-amazon.com/images/I/61LZ1Csb+dL._SL500_.jpg" alt="Product Image"></a><p>Nettbe 100pcs 3.54"x2" Blank Kraft Paper Business Card, Words Message Notes paper Tags, Mini Craft Cardboard Festival gifts</p><p>$5.99</p><a href="https://www.amazon.com/dp/B08BFDJJ78?tag=eloabder-20&linkCode=osi&th=1&psc=1">View Product</a></div><div class="product"><a href="https://www.amazon.com/dp/B07Q8YBJM3?tag=eloabder-20&linkCode=osi&th=1&psc=1"><img src="https://m.media-amazon.com/images/I/31w6U4cCqEL._SL500_.jpg" alt="Product Image"></a><p>Primbeeks 228pcs Blank Business Cards, Premium Blank White Cards, 3.5" x 2.2" Small Blank Cards, Blank Cardstock Cards, Small Note Cards, white blank cards, white business cards, kraft paper cards</p><p>$5.99</p><a href="https://www.amazon.com/dp/B07Q8YBJM3?tag=eloabder-20&linkCode=osi&th=1&psc=1">View Product</a></div><div class="product"><a href="https://www.amazon.com/dp/B08X4Z9TGN?tag=eloabder-20&linkCode=osi&th=1&psc=1"><img src="https://m.media-amazon.com/images/I/41Jqhe35tDL._SL500_.jpg" alt="Product Image"></a><p>321Done Blank Rustic Cards, Made in USA - 4x6 Thick, Heavy Cardstock - Make Invites, Greeting, Note, Thank You Cards - Plain Kraft for Writing, Stamping, Printing, Art - No Envelopes - Set of 50</p><p>$14.99</p><a href="https://www.amazon.com/dp/B08X4Z9TGN?tag=eloabder-20&linkCode=osi&th=1&psc=1">View Product</a></div><div class="product"><a href="https://www.amazon.com/dp/B0D2KDWBNM?tag=eloabder-20&linkCode=osi&th=1&psc=1"><img src="https://m.media-amazon.com/images/I/31dAhnBJ7aL._SL500_.jpg" alt="Product Image"></a><p>4x6 Blank White Cardstock (Set of 100) - Card Stock for Printer Postcards, Photo Paper Invitations, Greeting, Note, Thank You, DIY Making, Index Cards - Plain for Writing, Stamping, Printing, Art</p><p>$8.99</p><a href="https://www.amazon.com/dp/B0D2KDWBNM?tag=eloabder-20&linkCode=osi&th=1&psc=1">View Product</a></div><div class="product"><a href="https://www.amazon.com/dp/B0BB858RYN?tag=eloabder-20&linkCode=osi&th=1&psc=1"><img src="https://m.media-amazon.com/images/I/317zmriPKNL._SL500_.jpg" alt="Product Image"></a><p>WANDERINGS Handmade White Deckle Edge Blank Greeting Cards- Folded to 5x7” - Pack of 25 - Writers, Artists, Crafters - Thank Yous, Invitations, Menus, Greeting Cards, Notes - Thick 150 GSM</p><p>$21.99 ($0.88 / Count)</p><a href="https://www.amazon.com/dp/B0BB858RYN?tag=eloabder-20&linkCode=osi&th=1&psc=1">View Product</a></div><div class="product"><a href="https://www.amazon.com/dp/B0BZPPXRZW?tag=eloabder-20&linkCode=osi&th=1&psc=1"><img src="https://m.media-amazon.com/images/I/21Da-WQhrpL._SL500_.jpg" alt="Product Image"></a><p>100 Pack Thick Paper Cardstock Blank Heavy Cards Stock for Invitations, Greeting Cards Making, Postcards, Photos, 250GSM Thick Paper (White, 2x3.5 inches)</p><p>$5.99</p><a href="https://www.amazon.com/dp/B0BZPPXRZW?tag=eloabder-20&linkCode=osi&th=1&psc=1">View Product</a></div>
<div class="product"><a href="https://www.amazon.com/dp/B0BZRDQKH6?tag=eloabder-20&linkCode=osi&th=1&psc=1"><img src="https://m.media-amazon.com/images/I/41GYYRiusgL._SL500_.jpg" alt="Product Image"></a><p>feela 8 Pack Unlined Kraft Paper Notebooks, Blank Journal Note Pad for Drawing Writing, Small Sketchbook Travel Journal Bulk for Women Kids Students Office School Supplies, A5, 60 Pages, 8.3” X 5.5”</p><p>$9.99</p><a href="https://www.amazon.com/dp/B0BZRDQKH6?tag=eloabder-20&linkCode=osi&th=1&psc=1">View Product</a></div><div class="product"><a href="https://www.amazon.com/dp/B0BXLB74KK?tag=eloabder-20&linkCode=osi&th=1&psc=1"><img src="https://m.media-amazon.com/images/I/313vYzg7HpL._SL500_.jpg" alt="Product Image"></a><p>ZZTX 4 Pack Blank Kraft Notebooks, Blank Paper Sketchbooks for Drawing Doodling Writing,Travel Journal Set, A5, 36 Pages, 8.3” X 5.5”</p><p>$5.99</p><a href="https://www.amazon.com/dp/B0BXLB74KK?tag=eloabder-20&linkCode=osi&th=1&psc=1">View Product</a></div><div class="product"><a href="https://www.amazon.com/dp/B0BW5TNPXJ?tag=eloabder-20&linkCode=osi&th=1&psc=1"><img src="https://m.media-amazon.com/images/I/31Wu8UP78iL._SL500_.jpg" alt="Product Image"></a><p>EOOUT Kraft Notebooks, Blank Page Journals in Bulk, 16pcs A5, 8.3 X 5.5 Inches, 60 Pages, 80gsm, Travel Journal Set, for Art Camp, Travelers, Students and Office Supplies Sketchbooks Bulk for Kids</p><p>$15.99</p><a href="https://www.amazon.com/dp/B0BW5TNPXJ?tag=eloabder-20&linkCode=osi&th=1&psc=1">View Product</a></div><div class="product"><a href="https://www.amazon.com/dp/B08P3F46SD?tag=eloabder-20&linkCode=osi&th=1&psc=1"><img src="https://m.media-amazon.com/images/I/41jeBDcZJ1L._SL500_.jpg" alt="Product Image"></a><p>Krafty Soft Cover Blank Notebook Journal, Spiral Sketchbook Pad, Drawing Book, 60 Sheets/140gsm (A4)/120 Pages</p><p>$7.99</p><a href="https://www.amazon.com/dp/B08P3F46SD?tag=eloabder-20&linkCode=osi&th=1&psc=1">View Product</a></div><div class="product"><a href="https://www.amazon.com/dp/B0CWNPMC4T?tag=eloabder-20&linkCode=osi&th=1&psc=1"><img src="https://m.media-amazon.com/images/I/31BZeVGe6TL._SL500_.jpg" alt="Product Image"></a><p>zmybcpack 5 Pack Blank Journal Notebooks, Blank Paper Sketchbook for Drawing Writing, Travel Journal Notebook Kraft Paper Notebook for Travelers, Students, Office, A5, 8.26” x 5.5”, 60 Pages/30 Sheets</p><p>$8.99</p><a href="https://www.amazon.com/dp/B0CWNPMC4T?tag=eloabder-20&linkCode=osi&th=1&psc=1">View Product</a></div><div class="product"><a href="https://www.amazon.com/dp/B07WHYP9WN?tag=eloabder-20&linkCode=osi&th=1&psc=1"><img src="https://m.media-amazon.com/images/I/41ZhyCux1yL._SL500_.jpg" alt="Product Image"></a><p>Thick Blank Journal Notebook with Unlined / Unruled / Plain Pages | Deluxe 120gsm Ink Resistant Paper for Writing, Sketch Book, 160 Pages | Hardcover Sketchbook with Pen Holder, Pocket, Ribbon (Black)</p><p>$14.99</p><a href="https://www.amazon.com/dp/B07WHYP9WN?tag=eloabder-20&linkCode=osi&th=1&psc=1">View Product</a></div>
<div class="product"><a href="https://www.amazon.com/dp/B07MT7HKZW?tag=eloabder-20&linkCode=osi&th=1&psc=1"><img src="https://m.media-amazon.com/images/I/413JwH5JREL._SL500_.jpg" alt="Product Image"></a><p>Spiral Sketch Book Large Notebook（Built-in Drawing Board） Kraft Cover Blank Sketch Pad Wirebound Sketching for Drawing Painting 8.5x11-Inch (2 Pack) 200 Sheets, 100 Sheets, 200Pages Each</p><p>$17.99 ($9.00 / Count)</p><a href="https://www.amazon.com/dp/B07MT7HKZW?tag=eloabder-20&linkCode=osi&th=1&psc=1">View Product</a></div><div class="product"><a href="https://www.amazon.com/dp/B0BDQ82WB9?tag=eloabder-20&linkCode=osi&th=1&psc=1"><img src="https://m.media-amazon.com/images/I/51FoWr3GPwL._SL500_.jpg" alt="Product Image"></a><p>feela 170 Pack Blank Kraft Notebooks, Unlined Sketchbook Mini Cute Note Pad for Drawing Writing, Journal Bulk For Kids Students Office School Supplies, A6, 48 Pages, 4.25” X 5.5”, Black and Brown</p><p>$51.99</p><a href="https://www.amazon.com/dp/B0BDQ82WB9?tag=eloabder-20&linkCode=osi&th=1&psc=1">View Product</a></div><div class="product"><a href="https://www.amazon.com/dp/B0B3WWHWT2?tag=eloabder-20&linkCode=osi&th=1&psc=1"><img src="https://m.media-amazon.com/images/I/31m0FzXtPxL._SL500_.jpg" alt="Product Image"></a><p>Tamaki 6 Pack Colorful Blank Books for kids to Write, Drawing, Cute Sketchbook for Kid, 6 Colors (4.25 x 5.5 Inches)</p><p>$6.99</p><a href="https://www.amazon.com/dp/B0B3WWHWT2?tag=eloabder-20&linkCode=osi&th=1&psc=1">View Product</a></div>
<div class="product"><a href="https://www.amazon.com/dp/B0BGH2P9M6?tag=eloabder-20&linkCode=osi&th=1&psc=1"><img src="https://m.media-amazon.com/images/I/41ozOaYoHEL._SL500_.jpg" alt="Product Image"></a><p>EOOUT 100pcs A5 Kraft Notebooks, Blank Page Journals in Bulk, Sketchbooks Bulk for Kids, 60 Pages, 80GSM, 8.3 X 5.5 Inch, Travel Journal Set, for Art Camp, Travelers, Students and Office Supplies</p><p>$51.99</p><a href="https://www.amazon.com/dp/B0BGH2P9M6?tag=eloabder-20&linkCode=osi&th=1&psc=1">View Product</a></div><div class="product"><a href="https://www.amazon.com/dp/B07MT99F94?tag=eloabder-20&linkCode=osi&th=1&psc=1"><img src="https://m.media-amazon.com/images/I/41Ug7gpSWDL._SL500_.jpg" alt="Product Image"></a><p>Spiral Sketch Book Large Notebook（Built-in Drawing Board） Kraft Cover Blank Sketch Pad Wirebound Sketching for Drawing Painting 8.5x11-Inch (1 Pack) 200 Pages, 100 Sheets</p><p>$9.99</p><a href="https://www.amazon.com/dp/B07MT99F94?tag=eloabder-20&linkCode=osi&th=1&psc=1">View Product</a></div><div class="product"><a href="https://www.amazon.com/dp/B07CM32KLM?tag=eloabder-20&linkCode=osi&th=1&psc=1"><img src="https://m.media-amazon.com/images/I/41ENhBLE9DL._SL500_.jpg" alt="Product Image"></a><p>Kraft Cover Drawing Notebook & Sketchbook – Set of 2 Blank Plain Sketch Books – 125g Thick Paper A5 Size, 150x210mm Paper Ideal for Drawing & Sketching- 128 sheets/256 pages – 180 Degree Opening, 2pcs</p><p>$20.99 ($0.08 / Count)</p><a href="https://www.amazon.com/dp/B07CM32KLM?tag=eloabder-20&linkCode=osi&th=1&psc=1">View Product</a></div><div class="product"><a href="https://www.amazon.com/dp/B08ZLMLF7C?tag=eloabder-20&linkCode=osi&th=1&psc=1"><img src="https://m.media-amazon.com/images/I/41X-5yj83vL._SL500_.jpg" alt="Product Image"></a><p>BEECHMORE BOOKS Sketch Book, A4 8.5 x 11.5 inch Blank Sketchbook for Drawing, Paint and Draw, 156 Pages Thick Paper 160gsm, Hardcover Leather Art Notebook, Boxed for Gifts (Chestnut Brown)</p><p>$21.20</p><a href="https://www.amazon.com/dp/B08ZLMLF7C?tag=eloabder-20&linkCode=osi&th=1&psc=1">View Product</a></div>
<div class="product"><a href="https://www.amazon.com/dp/B075M9MSFH?tag=eloabder-20&linkCode=osi&th=1&psc=1"><img src="https://m.media-amazon.com/images/I/51x+szTX6TL._SL500_.jpg" alt="Product Image"></a><p>Bianyo Bleedproof Marker Paper Pad, A4(8.27"X11.69"), 50 Sheets, 18 LB / 70 GSM, Glue-Bound, 100% Cotton, White, Ideal for Use with Markers and Ink Mediums</p><p>$9.99</p><a href="https://www.amazon.com/dp/B075M9MSFH?tag=eloabder-20&linkCode=osi&th=1&psc=1">View Product</a></div><div class="product"><a href="https://www.amazon.com/dp/B08FX5S2NL?tag=eloabder-20&linkCode=osi&th=1&psc=1"><img src="https://m.media-amazon.com/images/I/41CA0ZfazKL._SL500_.jpg" alt="Product Image"></a><p>Marker Paper Sketchbook, Bleedproof Art Marker Pad, (8.27 X 11.69) Inch, White, 40 Sheets</p><p>$6.99</p><a href="https://www.amazon.com/dp/B08FX5S2NL?tag=eloabder-20&linkCode=osi&th=1&psc=1">View Product</a></div><div class="product"><a href="https://www.amazon.com/dp/B0CJRBFSJ8?tag=eloabder-20&linkCode=osi&th=1&psc=1"><img src="https://m.media-amazon.com/images/I/51DLA8TpwEL._SL500_.jpg" alt="Product Image"></a><p>Shuttle Art Marker Pad, 8.3”x8.9” Portable Square Sketchbook, 80 Sheets Marker Drawing Paper, 120LB/200GSM Bleedproof Art Paper, Spiral-Bound, Great for Professional Artist to Draw, Paint & Sketch</p><p>$16.99</p><a href="https://www.amazon.com/dp/B0CJRBFSJ8?tag=eloabder-20&linkCode=osi&th=1&psc=1">View Product</a></div><div class="product"><a href="https://www.amazon.com/dp/B09N7VX5Z5?tag=eloabder-20&linkCode=osi&th=1&psc=1"><img src="https://m.media-amazon.com/images/I/51xCPs9HZyL._SL500_.jpg" alt="Product Image"></a><p>Marker Paper Sketchbook - Marker Sketchbook with Bleedproof Smooth Coated Art Paper, 120 GSM 80 LBS - Marker Pad for Alcohol Markers, Sketching, Drawing - 8.11 x 8.5 Inch | 50 Sheets, 2 Pack</p><p>$15.99 ($8.00 / Count)</p><a href="https://www.amazon.com/dp/B09N7VX5Z5?tag=eloabder-20&linkCode=osi&th=1&psc=1">View Product</a></div><div class="product"><a href="https://www.amazon.com/dp/B07CK94W9T?tag=eloabder-20&linkCode=osi&th=1&psc=1"><img src="https://m.media-amazon.com/images/I/41ocoSNDjdL._SL500_.jpg" alt="Product Image"></a><p>BOXUN Premium 50 Sheets Sketch Marker Paper Pad, Bleedproof Artist Drawing Paper, 8.27 x 11.69 Inch</p><p>$8.29 ($0.17 / Count)</p><a href="https://www.amazon.com/dp/B07CK94W9T?tag=eloabder-20&linkCode=osi&th=1&psc=1">View Product</a></div><div class="product"><a href="https://www.amazon.com/dp/B0CPXWD11W?tag=eloabder-20&linkCode=osi&th=1&psc=1"><img src="https://m.media-amazon.com/images/I/51ApKzpDVNL._SL500_.jpg" alt="Product Image"></a><p>FEITAKE Marker Paper Pad Sketchbook Bleedproof for Alcohol Markers 120lb/200gsm Double Sided Thick Art Drawing Papers 60pages (30Sheets) / A4(8.3"x11.7") Gift for Artists Students Kids</p><p>$13.99 ($0.47 / Count)</p><a href="https://www.amazon.com/dp/B0CPXWD11W?tag=eloabder-20&linkCode=osi&th=1&psc=1">View Product</a></div><div class="product"><a href="https://www.amazon.com/dp/B0025TWYW6?tag=eloabder-20&linkCode=osi&th=1&psc=1"><img src="https://m.media-amazon.com/images/I/51t6UkUHCvL._SL500_.jpg" alt="Product Image"></a><p>Bee Paper Bleedproof Marker Pack, 8-1/2-Inch by 11-Inch, 50 Sheets per Pack</p><p>$17.09 ($0.34 / Count)</p><a href="https://www.amazon.com/dp/B0025TWYW6?tag=eloabder-20&linkCode=osi&th=1&psc=1">View Product</a></div><div class="product"><a href="https://www.amazon.com/dp/B0CJRBYYQB?tag=eloabder-20&linkCode=osi&th=1&psc=1"><img src="https://m.media-amazon.com/images/I/41knBnjZ25L._SL500_.jpg" alt="Product Image"></a><p>Shuttle Art Marker Pad, 8.3”x7.67” Portable Square Sketchbook, 50 Sheets Marker Drawing Paper, 60LB/90GSM Smooth Surface Bleedproof Art Paper, Glue-Bound, Great for Beginners to Draw, Paint & Sketch</p><p>$8.99 ($0.18 / Count)</p><a href="https://www.amazon.com/dp/B0CJRBYYQB?tag=eloabder-20&linkCode=osi&th=1&psc=1">View Product</a></div>
<div class="product"><a href="https://www.amazon.com/dp/B00881IU8M?tag=eloabder-20&linkCode=osi&th=1&psc=1"><img src="https://m.media-amazon.com/images/I/41hbSgdLBtL._SL500_.jpg" alt="Product Image"></a><p>Speedball Fabric & Paper Block Printing Ink 6-Color Set, 1.25-Ounce x 6</p><p>$28.99 ($28.99 / Count)</p><a href="https://www.amazon.com/dp/B00881IU8M?tag=eloabder-20&linkCode=osi&th=1&psc=1">View Product</a></div><div class="product"><a href="https://www.amazon.com/dp/B000J09PFM?tag=eloabder-20&linkCode=osi&th=1&psc=1"><img src="https://m.media-amazon.com/images/I/51yPRc4nvoL._SL500_.jpg" alt="Product Image"></a><p>Speedball Water-Soluble Block Printing Ink Starter Set, 6 Bold Colors with Satin Finish, 1.25-Ounce Tubes</p><p>$29.99 ($4.00 / Fl Oz)</p><a href="https://www.amazon.com/dp/B000J09PFM?tag=eloabder-20&linkCode=osi&th=1&psc=1">View Product</a></div><div class="product"><a href="https://www.amazon.com/dp/B000BYT24U?tag=eloabder-20&linkCode=osi&th=1&psc=1"><img src="https://m.media-amazon.com/images/I/51pDlo+LlKL._SL500_.jpg" alt="Product Image"></a><p>Speedball Water-Soluble Block Printing Ink, 8-Ounce Jar, Black</p><p>$14.49</p><a href="https://www.amazon.com/dp/B000BYT24U?tag=eloabder-20&linkCode=osi&th=1&psc=1">View Product</a></div><div class="product"><a href="https://www.amazon.com/dp/B00C1JUJWW?tag=eloabder-20&linkCode=osi&th=1&psc=1"><img src="https://m.media-amazon.com/images/I/41zDtJ6f5hL._SL500_.jpg" alt="Product Image"></a><p>Speedball Fabric Block Printing Ink, 2.5-Ounce, Black</p><p>$9.99 ($4.00 / Fl Oz)</p><a href="https://www.amazon.com/dp/B00C1JUJWW?tag=eloabder-20&linkCode=osi&th=1&psc=1">View Product</a></div><div class="product"><a href="https://www.amazon.com/dp/B004PZ1ZJG?tag=eloabder-20&linkCode=osi&th=1&psc=1"><img src="https://m.media-amazon.com/images/I/41+GkhhpR5L._SL500_.jpg" alt="Product Image"></a><p>Speedball Water-Soluble Block Printing Ink Starter Set, 4-Color Set, 1.25-Ounce Tubes</p><p>$20.99</p><a href="https://www.amazon.com/dp/B004PZ1ZJG?tag=eloabder-20&linkCode=osi&th=1&psc=1">View Product</a></div><div class="product"><a href="https://www.amazon.com/dp/B0017CZF3C?tag=eloabder-20&linkCode=osi&th=1&psc=1"><img src="https://m.media-amazon.com/images/I/41S17SYPAZL._SL500_.jpg" alt="Product Image"></a><p>Speedball Water Soluble Block Printing Ink, Black, 2-1/2 Ounces - 380663</p><p>$9.99</p><a href="https://www.amazon.com/dp/B0017CZF3C?tag=eloabder-20&linkCode=osi&th=1&psc=1">View Product</a></div><div class="product"><a href="https://www.amazon.com/dp/B0BXNX8FSH?tag=eloabder-20&linkCode=osi&th=1&psc=1"><img src="https://m.media-amazon.com/images/I/51JGm1VxVOL._SL500_.jpg" alt="Product Image"></a><p>Falling in Art Water-Soluble Block Printing Ink, 6-Color Printmaking Ink Set for Linoleum Block, 3.5 floz</p><p>$28.99</p><a href="https://www.amazon.com/dp/B0BXNX8FSH?tag=eloabder-20&linkCode=osi&th=1&psc=1">View Product</a></div><div class="product"><a href="https://www.amazon.com/dp/B0027ACJBO?tag=eloabder-20&linkCode=osi&th=1&psc=1"><img src="https://m.media-amazon.com/images/I/41OzayB9ojL._SL500_.jpg" alt="Product Image"></a><p>Speedball 3476 Oil-Based Block Printing Ink Starter Set for Professional, Permanent Prints AP Certified – 1.25 FL OZ Tubes</p><p>$33.99</p><a href="https://www.amazon.com/dp/B0027ACJBO?tag=eloabder-20&linkCode=osi&th=1&psc=1">View Product</a></div>
<div class="product"><a href="https://www.amazon.com/dp/B0027AGDWK?tag=eloabder-20&linkCode=osi&th=1&psc=1"><img src="https://m.media-amazon.com/images/I/515LDer6GPL._SL500_.jpg" alt="Product Image"></a><p>Speedball Deluxe Block Printing Kit - Includes Inks, Brayer, Bench Hook, Lino Handle and Cutters, Speedy-Carve Block, Mounted Linoleum Block</p><p>$59.99</p><a href="https://www.amazon.com/dp/B0027AGDWK?tag=eloabder-20&linkCode=osi&th=1&psc=1">View Product</a></div><div class="product"><a href="https://www.amazon.com/dp/B07ZJBZN5S?tag=eloabder-20&linkCode=osi&th=1&psc=1"><img src="https://m.media-amazon.com/images/I/41UbN58y9uS._SL500_.jpg" alt="Product Image"></a><p>SGHUO 12pcs 4"x6" Pink Rubber Carving Blocks Linoleum Block Stamp Making Kit</p><p>$22.99 ($1.92 / Count)</p><a href="https://www.amazon.com/dp/B07ZJBZN5S?tag=eloabder-20&linkCode=osi&th=1&psc=1">View Product</a></div>
<div class="product"><a href="https://www.amazon.com/dp/B00L2DYUM8?tag=eloabder-20&linkCode=osi&th=1&psc=1"><img src="https://m.media-amazon.com/images/I/51l5FZ0+5AL._SL500_.jpg" alt="Product Image"></a><p>Strathmore 300 Series Printmaking Paper Pad, Glue Bound, 5x7 inches, 40 Sheets (120g) - Artist Paper for Adults and Students - Block Printing, Linocut, Screen Printing, White</p><p>$7.26</p><a href="https://www.amazon.com/dp/B00L2DYUM8?tag=eloabder-20&linkCode=osi&th=1&psc=1">View Product</a></div><div class="product"><a href="https://www.amazon.com/dp/B07BSYS5XC?tag=eloabder-20&linkCode=osi&th=1&psc=1"><img src="https://m.media-amazon.com/images/I/51Uwfq0jv+L._SL500_.jpg" alt="Product Image"></a><p>Ucreate Printmaking Paper, 9"x12", White, 100 Sheet, P9001</p><p>$9.79</p><a href="https://www.amazon.com/dp/B07BSYS5XC?tag=eloabder-20&linkCode=osi&th=1&psc=1">View Product</a></div><div class="product"><a href="https://www.amazon.com/dp/B00K5562WA?tag=eloabder-20&linkCode=osi&th=1&psc=1"><img src="https://m.media-amazon.com/images/I/51Dm+TeJGdL._SL500_.jpg" alt="Product Image"></a><p>Strathmore Printmaking Paper Pad 8"X10"-20 Sheets -62433800, White</p><p>$10.19</p><a href="https://www.amazon.com/dp/B00K5562WA?tag=eloabder-20&linkCode=osi&th=1&psc=1">View Product</a></div><div class="product"><a href="https://www.amazon.com/dp/B001DNH8I0?tag=eloabder-20&linkCode=osi&th=1&psc=1"><img src="https://m.media-amazon.com/images/I/51UzoKdUojL._SL500_.jpg" alt="Product Image"></a><p>Black Ink 9-Inch by 12-Inch Bleached Mulberry Block Printing Paper, 25-Pack</p><p>$19.35 ($0.77 / Count)</p><a href="https://www.amazon.com/dp/B001DNH8I0?tag=eloabder-20&linkCode=osi&th=1&psc=1">View Product</a></div><div class="product"><a href="https://www.amazon.com/dp/B00C6G6L5Y?tag=eloabder-20&linkCode=osi&th=1&psc=1"><img src="https://m.media-amazon.com/images/I/5103h0Rm8sL._SL500_.jpg" alt="Product Image"></a><p>Black Ink Thai Mulberry Block Printing Paper Packs small assorted colors</p><p>$21.99</p><a href="https://www.amazon.com/dp/B00C6G6L5Y?tag=eloabder-20&linkCode=osi&th=1&psc=1">View Product</a></div>
<div class="product"><a href="https://www.amazon.com/dp/B003IG27OK?tag=eloabder-20&linkCode=osi&th=1&psc=1"><img src="https://m.media-amazon.com/images/I/416NUaYo1DL._SL500_.jpg" alt="Product Image"></a><p>Speedball Block Printing Baren - Comfortable Wooden Handle, Made in the USA - 4 Inches</p><p>$29.49</p><a href="https://www.amazon.com/dp/B003IG27OK?tag=eloabder-20&linkCode=osi&th=1&psc=1">View Product</a></div>
<div class="product"><a href="https://www.amazon.com/dp/B0CMZYY8CJ?tag=eloabder-20&linkCode=osi&th=1&psc=1"><img src="https://m.media-amazon.com/images/I/41TifSIP7SL._SL500_.jpg" alt="Product Image"></a><p>Ecoofor Blotting Paper for Flower Press, 20 Sheets Highly Absorbent and Reusable Blotter Paper for Flower Press Paper Craft 9 x 9 inch</p><p>$9.99</p><a href="https://www.amazon.com/dp/B0CMZYY8CJ?tag=eloabder-20&linkCode=osi&th=1&psc=1">View Product</a></div><div class="product"><a href="https://www.amazon.com/dp/B0CYRT3RM4?tag=eloabder-20&linkCode=osi&th=1&psc=1"><img src="https://m.media-amazon.com/images/I/31+qvVq3giL._SL500_.jpg" alt="Product Image"></a><p>Hygge & Sage Premium Natural Fiber Blotting Paper for Flower Press Art; 20 Large Sheets for a Press up to 8x11 Inches; Absorbent, Versatile, and Acid-Free Reusable Blotter Paper for Flower Pressing</p><p>$9.50 ($0.48 / Count)</p><a href="https://www.amazon.com/dp/B0CYRT3RM4?tag=eloabder-20&linkCode=osi&th=1&psc=1">View Product</a></div><div class="product"><a href="https://www.amazon.com/dp/B0D41GDLHM?tag=eloabder-20&linkCode=osi&th=1&psc=1"><img src="https://m.media-amazon.com/images/I/41LIF5dHXaL._SL500_.jpg" alt="Product Image"></a><p>Aboofx 20 Sheets Blotting Paper for Flower Press, 15" x 10" Extra Large Highly Absorbent Blotter Paper for Flower Press Reusable Herbarium Paper Craft Blotter Paper Sheets</p><p>$19.99</p><a href="https://www.amazon.com/dp/B0D41GDLHM?tag=eloabder-20&linkCode=osi&th=1&psc=1">View Product</a></div><div class="product"><a href="https://www.amazon.com/dp/B0CQMMYSBR?tag=eloabder-20&linkCode=osi&th=1&psc=1"><img src="https://m.media-amazon.com/images/I/413SlUi6IDL._SL500_.jpg" alt="Product Image"></a><p>Wisreach Blotting Paper for Flower Press, 20 Sheets Flower Press Paper Highly Absorbent and Reusable Blotter Paper for Flower Art A4 Size 8.26 x 11.4 inch</p><p>$9.99</p><a href="https://www.amazon.com/dp/B0CQMMYSBR?tag=eloabder-20&linkCode=osi&th=1&psc=1">View Product</a></div><div class="product"><a href="https://www.amazon.com/dp/B093FQ22PG?tag=eloabder-20&linkCode=osi&th=1&psc=1"><img src="https://m.media-amazon.com/images/I/41B2jXhe+QL._SL500_.jpg" alt="Product Image"></a><p>Blotting Paper for Flower Press by Berstuk® • Large A4 Flower Press Paper • Highly Absorbent and Reusable Herbarium Paper • Pack of 10 Blotter Paper Sheets</p><p>$6.99 ($69.90 / 100 Sheets)</p><a href="https://www.amazon.com/dp/B093FQ22PG?tag=eloabder-20&linkCode=osi&th=1&psc=1">View Product</a></div><div class="product"><a href="https://www.amazon.com/dp/B0C6PW4VGB?tag=eloabder-20&linkCode=osi&th=1&psc=1"><img src="https://m.media-amazon.com/images/I/21C64VB3iVL._SL500_.jpg" alt="Product Image"></a><p>PATIKIL 16"x12" Flower Press Paper, 1 Set/30 Sheet Refill Lining Blotter Paper Absorbent Reusable Blotting Paper for DIY Art Handicraft Scrapbook</p><p>$11.19</p><a href="https://www.amazon.com/dp/B0C6PW4VGB?tag=eloabder-20&linkCode=osi&th=1&psc=1">View Product</a></div><div class="product"><a href="https://www.amazon.com/dp/B0C6PTK915?tag=eloabder-20&linkCode=osi&th=1&psc=1"><img src="https://m.media-amazon.com/images/I/21UviFCGjtL._SL500_.jpg" alt="Product Image"></a><p>PATIKIL 12"x8" Flower Press Paper, 2 Set/60 Sheet Refill Lining Blotter Paper Absorbent Reusable Blotting Paper for DIY Art Handicraft Scrapbook</p><p>$13.69</p><a href="https://www.amazon.com/dp/B0C6PTK915?tag=eloabder-20&linkCode=osi&th=1&psc=1">View Product</a></div><div class="product"><a href="https://www.amazon.com/dp/B0CDJZ4MD7?tag=eloabder-20&linkCode=osi&th=1&psc=1"><img src="https://m.media-amazon.com/images/I/41iwkW+QQOL._SL500_.jpg" alt="Product Image"></a><p>30 PCS Blotting Paper for Flower Press Large A4 Flower Press Paper Highly Absorbent and Reusable Blotter Paper Refill Lining Paper for Flower Press Art Craft Scrapbook Making, 11.8 x 7.9 Inches Blue</p><p>$9.99</p><a href="https://www.amazon.com/dp/B0CDJZ4MD7?tag=eloabder-20&linkCode=osi&th=1&psc=1">View Product</a></div>

<div class="product"><a href="https://www.amazon.com/dp/B0D2T4F1DZ?tag=eloabder-20&linkCode=osi&th=1&psc=1"><img src="https://m.media-amazon.com/images/I/41KNcatyBWL._SL500_.jpg" alt="Product Image"></a><p>10pcs Book Cloth,14”x10”,Fabric Surface and Paper Backed, book cloth for book binding,book binding fabric,5 Colors Bookbinding Cloth for DIY fabric book cover,bookbinding paper (Style B)</p><p>$9.99</p><a href="https://www.amazon.com/dp/B0D2T4F1DZ?tag=eloabder-20&linkCode=osi&th=1&psc=1">View Product</a></div><div class="product"><a href="https://www.amazon.com/dp/B0CMD2LWR8?tag=eloabder-20&linkCode=osi&th=1&psc=1"><img src="https://m.media-amazon.com/images/I/31QVUZVSB+L._SL500_.jpg" alt="Product Image"></a><p>Mozeat Lens 33 ft Bookbinding Tape Book Tape Repair Book Binding Tape Cloth Book Repair Kit 2 Inch Wide Book Spine Tape Cloth Bookbinding Repair Tape White Book Tape for Reinforcing Book Spine Tape</p><p>$7.99</p><a href="https://www.amazon.com/dp/B0CMD2LWR8?tag=eloabder-20&linkCode=osi&th=1&psc=1">View Product</a></div><div class="product"><a href="https://www.amazon.com/dp/B0D1KC168C?tag=eloabder-20&linkCode=osi&th=1&psc=1"><img src="https://m.media-amazon.com/images/I/31wWgk-1V4L._SL500_.jpg" alt="Product Image"></a><p>AKONEGE Book Cloth for Book Binding 35 x 16 Inch Fabric Surface and Paper Backed, Strong, Easy to Use, Fabric Materials Bookbinding Supplies Bookcloth for Scrapbooking Album DIY Crafts, Black</p><p>$9.99</p><a href="https://www.amazon.com/dp/B0D1KC168C?tag=eloabder-20&linkCode=osi&th=1&psc=1">View Product</a></div><div class="product"><a href="https://www.amazon.com/dp/B0BC48CCWW?tag=eloabder-20&linkCode=osi&th=1&psc=1"><img src="https://m.media-amazon.com/images/I/41vTc+L-XyL._SL500_.jpg" alt="Product Image"></a><p>Wooqu Book Cloth, Fabric Surface and Paper Backed, Easy to Use, Strong, 17x29”, for Book Binding, Dark Green</p><p>$13.99</p><a href="https://www.amazon.com/dp/B0BC48CCWW?tag=eloabder-20&linkCode=osi&th=1&psc=1">View Product</a></div><div class="product"><a href="https://www.amazon.com/dp/B00W3S7LU4?tag=eloabder-20&linkCode=osi&th=1&psc=1"><img src="https://m.media-amazon.com/images/I/41mUL1LmSHS._SL500_.jpg" alt="Product Image"></a><p>BookGuard 2 inch Premium Bookbinding Repair Cloth Tape, 15 Yard Roll Burgundy</p><p>$14.95</p><a href="https://www.amazon.com/dp/B00W3S7LU4?tag=eloabder-20&linkCode=osi&th=1&psc=1">View Product</a></div>

<div class="product"><a href="https://www.amazon.com/dp/B08217DGL7?tag=eloabder-20&linkCode=osi&th=1&psc=1"><img src="https://m.media-amazon.com/images/I/51Gy-qfph7L._SL500_.jpg" alt="Product Image"></a><p>24 Colors Waxed Thread, Leather Sewing Thread,Hand Stitching Thread for Hand Sewing Leather and Bookbinding, 13Yards Per Color</p><p>$11.99 ($0.01 / Foot)</p><a href="https://www.amazon.com/dp/B08217DGL7?tag=eloabder-20&linkCode=osi&th=1&psc=1">View Product</a></div><div class="product"><a href="https://www.amazon.com/dp/B08GCHJ3FP?tag=eloabder-20&linkCode=osi&th=1&psc=1"><img src="https://m.media-amazon.com/images/I/41TK-XNxTFL._SL500_.jpg" alt="Product Image"></a><p>FANDOL 100% Natural Linen Thread Waxed thread for Bookbingding, Leather Sewing, Beading or Macrame (Natural)</p><p>$14.98</p><a href="https://www.amazon.com/dp/B08GCHJ3FP?tag=eloabder-20&linkCode=osi&th=1&psc=1">View Product</a></div><div class="product"><a href="https://www.amazon.com/dp/B0025U108E?tag=eloabder-20&linkCode=osi&th=1&psc=1"><img src="https://m.media-amazon.com/images/I/4172yrURiVL._SL500_.jpg" alt="Product Image"></a><p>Books by Hand Linen Thread, Archival Quality Natural Unbleached and Unwaxed, 50 Yards 35/3 Gauge, Ideal for Bookbinding and Sewing Signatures</p><p>$9.47</p><a href="https://www.amazon.com/dp/B0025U108E?tag=eloabder-20&linkCode=osi&th=1&psc=1">View Product</a></div><div class="product"><a href="https://www.amazon.com/dp/B08S78KLRN?tag=eloabder-20&linkCode=osi&th=1&psc=1"><img src="https://m.media-amazon.com/images/I/413NGMtJdrL._SL500_.jpg" alt="Product Image"></a><p>Jupean Waxed Thread, 150m /164Yards Beige Leather Waxed Thread, Leather Sewing Thread, Hand Stitching Thread for Hand Sewing Leather, Bookbinding, and Beginners Leather Craft DIY</p><p>$6.49 ($0.01 / Foot)</p><a href="https://www.amazon.com/dp/B08S78KLRN?tag=eloabder-20&linkCode=osi&th=1&psc=1">View Product</a></div><div class="product"><a href="https://www.amazon.com/dp/B015D9E6UM?tag=eloabder-20&linkCode=osi&th=1&psc=1"><img src="https://m.media-amazon.com/images/I/51VnWPI+Q5L._SL500_.jpg" alt="Product Image"></a><p>Lineco, Natural Waxed Linen Thread 20 Yards, Books by Hand Natural, Black, Brown Color for Sewing, Bookbinding (3/Pkg)</p><p>$13.77</p><a href="https://www.amazon.com/dp/B015D9E6UM?tag=eloabder-20&linkCode=osi&th=1&psc=1">View Product</a></div>
<div class="product"><a href="https://www.amazon.com/dp/B0CMD53C1C?tag=eloabder-20&linkCode=osi&th=1&psc=1"><img src="https://m.media-amazon.com/images/I/31dU4wqS0rL._SL500_.jpg" alt="Product Image"></a><p>5-in-1 Bookbinding Kit,Book Cover Guide, Bookbinding Cover Tool, Stainless Steel Book Binding Kit, Bookbinding Ruler, Scrapbooking Tools for Making Book Cover Chipboard Covers Album Planner</p><p>$7.88</p><a href="https://www.amazon.com/dp/B0CMD53C1C?tag=eloabder-20&linkCode=osi&th=1&psc=1">View Product</a></div>
<div class="product"><a href="https://www.amazon.com/dp/B007TIEG6U?tag=eloabder-20&linkCode=osi&th=1&psc=1"><img src="https://m.media-amazon.com/images/I/31d6r6R5lGL._SL500_.jpg" alt="Product Image"></a><p>Handy Art Empty 2 ounce Marker Bottle, Dauber Tip and Cap, 12-Each (900-003) , White</p><p>$23.12 ($1.93 / Count)</p><a href="https://www.amazon.com/dp/B007TIEG6U?tag=eloabder-20&linkCode=osi&th=1&psc=1">View Product</a></div>
<div class="product"><a href="https://www.amazon.com/dp/B07YDNKSH6?tag=eloabder-20&linkCode=osi&th=1&psc=1"><img src="https://m.media-amazon.com/images/I/41JGrHa7mSL._SL500_.jpg" alt="Product Image"></a><p>4-Inch Rubber Brayer Roller for Printmaking, Great for Gluing Application Also. (Original Version)</p><p>$6.99</p><a href="https://www.amazon.com/dp/B07YDNKSH6?tag=eloabder-20&linkCode=osi&th=1&psc=1">View Product</a></div>
<div class="product"><a href="https://www.amazon.com/dp/B005U7BNPE?tag=eloabder-20&linkCode=osi&th=1&psc=1"><img src="https://m.media-amazon.com/images/I/418YfTClSxL._SL500_.jpg" alt="Product Image"></a><p>Apple Barrel Acrylic Paint in Assorted Colors (2 oz), 20513, Bright Yellow</p><p>$0.58 ($0.29 / Fl Oz)</p><a href="https://www.amazon.com/dp/B005U7BNPE?tag=eloabder-20&linkCode=osi&th=1&psc=1">View Product</a></div><div class="product"><a href="https://www.amazon.com/dp/B099DWCRZ5?tag=eloabder-20&linkCode=osi&th=1&psc=1"><img src="https://m.media-amazon.com/images/I/41rr5hT-8TL._SL500_.jpg" alt="Product Image"></a><p>milo Fluorescent Acrylic Paint Set of 6 Colors | 4 oz Bottles | Student Neon Colors Acrylics Painting Pack | Made in the USA | Non-Toxic Art & Craft Paints for Artists, Kids, & Hobby Painters</p><p>$22.90 ($0.95 / Fl Oz)</p><a href="https://www.amazon.com/dp/B099DWCRZ5?tag=eloabder-20&linkCode=osi&th=1&psc=1">View Product</a></div><div class="product"><a href="https://www.amazon.com/dp/B07ZPPPWPL?tag=eloabder-20&linkCode=osi&th=1&psc=1"><img src="https://m.media-amazon.com/images/I/51Vqk2rrZwL._SL500_.jpg" alt="Product Image"></a><p>Apple Barrel, Pastel Dreams & Vivid Wonders Collection Acrylic Craft Paint, PROMOTCK, 2 fl oz each, 18 assorted matte colors, 18 count</p><p>$22.66 ($0.63 / Fl Oz)</p><a href="https://www.amazon.com/dp/B07ZPPPWPL?tag=eloabder-20&linkCode=osi&th=1&psc=1">View Product</a></div><div class="product"><a href="https://www.amazon.com/dp/B0CKQR52XC?tag=eloabder-20&linkCode=osi&th=1&psc=1"><img src="https://m.media-amazon.com/images/I/51WTPlhN2WL._SL500_.jpg" alt="Product Image"></a><p>ARTME Glow in The Dark Paint, 10 Bright Colors 60ml/2oz Blacklight Paint Set, Neon Craft Paint, Acrylic Glow Fluorescent Paint Perfect for Art Painting, DIY projects, Halloween and Christmas</p><p>$23.99 ($1.20 / Fl Oz)</p><a href="https://www.amazon.com/dp/B0CKQR52XC?tag=eloabder-20&linkCode=osi&th=1&psc=1">View Product</a></div><div class="product"><a href="https://www.amazon.com/dp/B09XXHBL3Y?tag=eloabder-20&linkCode=osi&th=1&psc=1"><img src="https://m.media-amazon.com/images/I/51taBeDdeIL._SL500_.jpg" alt="Product Image"></a><p>Fantastory Glow in the Dark Acrylic Paint, 10 Extra Bright Colors, 30ml/1oz Waterproof Glow in Dark Paint,Indoor Outdoor Blacklight Paint for Kids,Adults, Rocks,Walls,Halloween,Craft &Fabric</p><p>$9.99 ($1.00 / Fl Oz)</p><a href="https://www.amazon.com/dp/B09XXHBL3Y?tag=eloabder-20&linkCode=osi&th=1&psc=1">View Product</a></div><div class="product"><a href="https://www.amazon.com/dp/B0BS3JM8ZR?tag=eloabder-20&linkCode=osi&th=1&psc=1"><img src="https://m.media-amazon.com/images/I/51S8FteGgPL._SL500_.jpg" alt="Product Image"></a><p>Acrylic Paint, Shuttle Art 24 Colors Acrylic Paint Bottle Set, 250ml/8.45oz Each, Rich Pigments, High Viscosity, Bulk Paint for Artists, Beginners and Kids Painting on Rocks Crafts Canvas Wood Ceramic</p><p>$49.99 ($0.25 / Fl Oz)</p><a href="https://www.amazon.com/dp/B0BS3JM8ZR?tag=eloabder-20&linkCode=osi&th=1&psc=1">View Product</a></div><div class="product"><a href="https://www.amazon.com/dp/B00CIW3EDI?tag=eloabder-20&linkCode=osi&th=1&psc=1"><img src="https://m.media-amazon.com/images/I/41PMnxyBo5L._SL500_.jpg" alt="Product Image"></a><p>FolkArt Multi-Surface Acrylic Paint in Assorted Colors (2 oz), 2896, Bright Pink</p><p>$1.47 ($0.74 / Fl Oz)</p><a href="https://www.amazon.com/dp/B00CIW3EDI?tag=eloabder-20&linkCode=osi&th=1&psc=1">View Product</a></div><div class="product"><a href="https://www.amazon.com/dp/B085ZB5ZK9?tag=eloabder-20&linkCode=osi&th=1&psc=1"><img src="https://m.media-amazon.com/images/I/51nmRq1eicL._SL500_.jpg" alt="Product Image"></a><p>FolkArt 4 Bottle Multi-Surface Acrylic Paint Set, 2oz, Neon Blacklight Colors</p><p>$8.12 ($1.02 / Fl Oz)</p><a href="https://www.amazon.com/dp/B085ZB5ZK9?tag=eloabder-20&linkCode=osi&th=1&psc=1">View Product</a></div><div class="product"><a href="https://www.amazon.com/dp/B08N585VN5?tag=eloabder-20&linkCode=osi&th=1&psc=1"><img src="https://m.media-amazon.com/images/I/51nwFBdxwVL._SL500_.jpg" alt="Product Image"></a><p>Acrylic Paint Set Value Pack of 12 Colors | Craft Painting Kit with 2 oz Squeeze Bottles for Beginners, Artists, Professionals | Non-Toxic Water Based Paints for Canvas, Paper, Wood | Bright Hues</p><p>$11.99 ($0.50 / Fl Oz)</p><a href="https://www.amazon.com/dp/B08N585VN5?tag=eloabder-20&linkCode=osi&th=1&psc=1">View Product</a></div>
<div class="product"><a href="https://www.amazon.com/dp/B0009RRT9Y?tag=eloabder-20&linkCode=osi&th=1&psc=1"><img src="https://m.media-amazon.com/images/I/51ZhyYPOB5L._SL500_.jpg" alt="Product Image"></a><p>General Pencil Company The Masters Brush Cleaner & Preserver 2.5 0z.</p><p>$12.00</p><a href="https://www.amazon.com/dp/B0009RRT9Y?tag=eloabder-20&linkCode=osi&th=1&psc=1">View Product</a></div><div class="product"><a href="https://www.amazon.com/dp/B00F38YVQS?tag=eloabder-20&linkCode=osi&th=1&psc=1"><img src="https://m.media-amazon.com/images/I/51yjmSTzzML._SL500_.jpg" alt="Product Image"></a><p>B & J Original Brush Cleaner - 2.5 Oz/12ct Display</p><p>$12.77</p><a href="https://www.amazon.com/dp/B00F38YVQS?tag=eloabder-20&linkCode=osi&th=1&psc=1">View Product</a></div><div class="product"><a href="https://www.amazon.com/dp/B004BN7QQ8?tag=eloabder-20&linkCode=osi&th=1&psc=1"><img src="https://m.media-amazon.com/images/I/31fEWB-h4VL._SL500_.jpg" alt="Product Image"></a><p>Winsor & Newton Brush Cleaner & Restorer, 16.0-oz Bottle</p><p>$21.87 ($1.37 / Fl Oz)</p><a href="https://www.amazon.com/dp/B004BN7QQ8?tag=eloabder-20&linkCode=osi&th=1&psc=1">View Product</a></div><div class="product"><a href="https://www.amazon.com/dp/B09NCHL2LM?tag=eloabder-20&linkCode=osi&th=1&psc=1"><img src="https://m.media-amazon.com/images/I/31UzwasdL6L._SL500_.jpg" alt="Product Image"></a><p>U.S. Art Supply Brush Cleaner and Restorer, 4 Ounce Bottle - Quickly Cleans Paint Brushes, Airbrushes, Art Tools - Cleaning Solution to Remove Dried On Acrylic, Oil and Water-Based Paint Colors</p><p>$8.99 ($2.25 / Fl Oz)</p><a href="https://www.amazon.com/dp/B09NCHL2LM?tag=eloabder-20&linkCode=osi&th=1&psc=1">View Product</a></div><div class="product"><a href="https://www.amazon.com/dp/B09J8L55SK?tag=eloabder-20&linkCode=osi&th=1&psc=1"><img src="https://m.media-amazon.com/images/I/41qgWS2nSsL._SL500_.jpg" alt="Product Image"></a><p>Green Piece® Paint Brush Cleaner and Restorer for Art Paint Brushes - 100% Natural - Non-Toxic - Wet or Dry Paint - No Chemicals - Oil or Acrylic Paints, Wood and Metal - Amazing Power - 18 Oz</p><p>$19.88</p><a href="https://www.amazon.com/dp/B09J8L55SK?tag=eloabder-20&linkCode=osi&th=1&psc=1">View Product</a></div><div class="product"><a href="https://www.amazon.com/dp/B0027A79I2?tag=eloabder-20&linkCode=osi&th=1&psc=1"><img src="https://m.media-amazon.com/images/I/31J6S+mCjuL._SL500_.jpg" alt="Product Image"></a><p>Pink Soap 12-Ounce Paint Brush Cleaner and Conditioner, Solution Cleans and Restores, Removes Dried Paint on Airbrushes and Other Artist Tools & Supplies</p><p>$15.49 ($1.29 / Fl Oz)</p><a href="https://www.amazon.com/dp/B0027A79I2?tag=eloabder-20&linkCode=osi&th=1&psc=1">View Product</a></div><div class="product"><a href="https://www.amazon.com/dp/B0027AEANE?tag=eloabder-20&linkCode=osi&th=1&psc=1"><img src="https://m.media-amazon.com/images/I/51bHOLU1pVL._SL500_.jpg" alt="Product Image"></a><p>General Pencil General 105-BP Pencil Masters Brush Cleaner & Preserver, 1 Pack, Clear</p><p>$9.99 ($4.00 / Ounce)</p><a href="https://www.amazon.com/dp/B0027AEANE?tag=eloabder-20&linkCode=osi&th=1&psc=1">View Product</a></div>

<div class="product"><a href="https://www.amazon.com/dp/B00N9UUWLA?tag=eloabder-20&linkCode=osi&th=1&psc=1"><img src="https://m.media-amazon.com/images/I/41be4n09wZL._SL500_.jpg" alt="Product Image"></a><p>Pentel Arts Portable Pocket Brush Pen (Medium Point), 1Pen & 2Refills</p><p>$7.00</p><a href="https://www.amazon.com/dp/B00N9UUWLA?tag=eloabder-20&linkCode=osi&th=1&psc=1">View Product</a></div><div class="product"><a href="https://www.amazon.com/dp/B07DQ4292Y?tag=eloabder-20&linkCode=osi&th=1&psc=1"><img src="https://m.media-amazon.com/images/I/41-kgHpaPvL._SL500_.jpg" alt="Product Image"></a><p>Tombow 62039 Fudenosuke Brush Pens, 3-Pack. Soft, Hard, and Twin Tip Markers for Calligraphy and Art Drawings</p><p>$7.59 ($2.53 / Count)</p><a href="https://www.amazon.com/dp/B07DQ4292Y?tag=eloabder-20&linkCode=osi&th=1&psc=1">View Product</a></div><div class="product"><a href="https://www.amazon.com/dp/B0995FNMKW?tag=eloabder-20&linkCode=osi&th=1&psc=1"><img src="https://m.media-amazon.com/images/I/51kpGsTNvlL._SL500_.jpg" alt="Product Image"></a><p>WRITECH Arts Sign Brush Pen Brush Tip Marker Felt Tip Water Based Ink Color Pens 12 Assorted Vintage Colors Great for Lettering Journaling Calligraphy (Vintage)</p><p>$13.99 ($1.17 / Count)</p><a href="https://www.amazon.com/dp/B0995FNMKW?tag=eloabder-20&linkCode=osi&th=1&psc=1">View Product</a></div><div class="product"><a href="https://www.amazon.com/dp/B07H89R749?tag=eloabder-20&linkCode=osi&th=1&psc=1"><img src="https://m.media-amazon.com/images/I/51nTGZ-eAsL._SL500_.jpg" alt="Product Image"></a><p>Tombow Fudenosuke Brush Pen - Hard - 10 Colors Set (WS-BH10C)</p><p>$11.73</p><a href="https://www.amazon.com/dp/B07H89R749?tag=eloabder-20&linkCode=osi&th=1&psc=1">View Product</a></div><div class="product"><a href="https://www.amazon.com/dp/B002PIFTRE?tag=eloabder-20&linkCode=osi&th=1&psc=1"><img src="https://m.media-amazon.com/images/I/41IVnNPD1hL._SL500_.jpg" alt="Product Image"></a><p>Pentel Color Brush Pen, Black (GFLBP101)</p><p>$7.89</p><a href="https://www.amazon.com/dp/B002PIFTRE?tag=eloabder-20&linkCode=osi&th=1&psc=1">View Product</a></div>
<div class="product"><a href="https://www.amazon.com/dp/B0CLLSY2BT?tag=eloabder-20&linkCode=osi&th=1&psc=1"><img src="https://m.media-amazon.com/images/I/51sQM3lrN9L._SL500_.jpg" alt="Product Image"></a><p>CUGEBANNA Paint Brush Washer,Airtight Stainless Steel Brush Cleaner for Oil Painting Acrylic,Brush Washer with Cleaning Beads and Wringer</p><p>$22.99</p><a href="https://www.amazon.com/dp/B0CLLSY2BT?tag=eloabder-20&linkCode=osi&th=1&psc=1">View Product</a></div><div class="product"><a href="https://www.amazon.com/dp/B013PB35N4?tag=eloabder-20&linkCode=osi&th=1&psc=1"><img src="https://m.media-amazon.com/images/I/419miJHrhtL._SL500_.jpg" alt="Product Image"></a><p>US Art Supply Deluxe Brush Cleaner-Brush Washer with Wash Tank</p><p>$18.99</p><a href="https://www.amazon.com/dp/B013PB35N4?tag=eloabder-20&linkCode=osi&th=1&psc=1">View Product</a></div>
<div class="product"><a href="https://www.amazon.com/dp/B07GH7WGC3?tag=eloabder-20&linkCode=osi&th=1&psc=1"><img src="https://m.media-amazon.com/images/I/51vzX1OZI6L._SL500_.jpg" alt="Product Image"></a><p>BOSOBO Paint Brushes Set, 2 Pack 20 Pcs Round-Pointed Tip Paintbrushes Nylon Hair Artist Acrylic Paint Brushes for Acrylic Oil Watercolor, Face Nail Art, Miniature Detailing & Rock Painting, Blue</p><p>$7.49 ($0.37 / Count)</p><a href="https://www.amazon.com/dp/B07GH7WGC3?tag=eloabder-20&linkCode=osi&th=1&psc=1">View Product</a></div><div class="product"><a href="https://www.amazon.com/dp/B078XJ2DCJ?tag=eloabder-20&linkCode=osi&th=1&psc=1"><img src="https://m.media-amazon.com/images/I/616oHEXPN1S._SL500_.jpg" alt="Product Image"></a><p>Pro Grade - Chip Paint Brushes - 36-Pack - 2 Inch Chip Brush for Paints, Stains, Varnishes, Glues, & Gesso</p><p>$17.99</p><a href="https://www.amazon.com/dp/B078XJ2DCJ?tag=eloabder-20&linkCode=osi&th=1&psc=1">View Product</a></div>

<div class="product"><a href="https://www.amazon.com/dp/B000YQJVFA?tag=eloabder-20&linkCode=osi&th=1&psc=1"><img src="https://m.media-amazon.com/images/I/51so-OSRt+L._SL500_.jpg" alt="Product Image"></a><p>Winsor & Newton Calligraphy Ink, 30ml (1-oz) Bottle, Black</p><p>$10.07 ($10.07 / Count)</p><a href="https://www.amazon.com/dp/B000YQJVFA?tag=eloabder-20&linkCode=osi&th=1&psc=1">View Product</a></div><div class="product"><a href="https://www.amazon.com/dp/B0026SBYUE?tag=eloabder-20&linkCode=osi&th=1&psc=1"><img src="https://m.media-amazon.com/images/I/412Ga9k1q8L._SL500_.jpg" alt="Product Image"></a><p>Higgins Black Calligraphy Ink, 2.5 Ounce Bottle (44314)</p><p>$5.99</p><a href="https://www.amazon.com/dp/B0026SBYUE?tag=eloabder-20&linkCode=osi&th=1&psc=1">View Product</a></div><div class="product"><a href="https://www.amazon.com/dp/B0CXDBD77N?tag=eloabder-20&linkCode=osi&th=1&psc=1"><img src="https://m.media-amazon.com/images/I/41x1EZv3P3L._SL500_.jpg" alt="Product Image"></a><p>SEAMEW 250 ML/8.8 OZ Calligraphy and Sumi Liquid Ink - Versatile Elegance for Chinese Traditional Art Works and Japanese Brush Art</p><p>$11.49</p><a href="https://www.amazon.com/dp/B0CXDBD77N?tag=eloabder-20&linkCode=osi&th=1&psc=1">View Product</a></div><div class="product"><a href="https://www.amazon.com/dp/B0CR3ML8VS?tag=eloabder-20&linkCode=osi&th=1&psc=1"><img src="https://m.media-amazon.com/images/I/41fLIKySQZL._SL500_.jpg" alt="Product Image"></a><p>Hmayart Prepared Super Thick Liquid Black Ink for Japanese Brush Calligraphy & Chinese Traditional Artworks (MZ010 250g)</p><p>$11.99</p><a href="https://www.amazon.com/dp/B0CR3ML8VS?tag=eloabder-20&linkCode=osi&th=1&psc=1">View Product</a></div><div class="product"><a href="https://www.amazon.com/dp/B0039OQ0J4?tag=eloabder-20&linkCode=osi&th=1&psc=1"><img src="https://m.media-amazon.com/images/I/41RRlR55P9L._SL500_.jpg" alt="Product Image"></a><p>Daiso Sumi Calligraphy Liquid Ink in a 180ml Bottle (Japan Import)</p><p>$8.99</p><a href="https://www.amazon.com/dp/B0039OQ0J4?tag=eloabder-20&linkCode=osi&th=1&psc=1">View Product</a></div><div class="product"><a href="https://www.amazon.com/dp/B074KJ289G?tag=eloabder-20&linkCode=osi&th=1&psc=1"><img src="https://m.media-amazon.com/images/I/41FZT3aCChL._SL500_.jpg" alt="Product Image"></a><p>Easyou Redstar Liquid Ink for Professioanl Traditional Calligraphy and Brush Painting Chinese Ink Liquid (Black&1pcs*180ML)</p><p>$10.99</p><a href="https://www.amazon.com/dp/B074KJ289G?tag=eloabder-20&linkCode=osi&th=1&psc=1">View Product</a></div><div class="product"><a href="https://www.amazon.com/dp/B07JYJ6C1W?tag=eloabder-20&linkCode=osi&th=1&psc=1"><img src="https://m.media-amazon.com/images/I/51IAnrWkw6L._SL500_.jpg" alt="Product Image"></a><p>MZ001 HmayartBlack Sumi Liquid Ink for Japanese Brush Calligraphy & Chinese Traditional Artworks 250ml (black)</p><p>$13.99</p><a href="https://www.amazon.com/dp/B07JYJ6C1W?tag=eloabder-20&linkCode=osi&th=1&psc=1">View Product</a></div><div class="product"><a href="https://www.amazon.com/dp/B0894L9M2C?tag=eloabder-20&linkCode=osi&th=1&psc=1"><img src="https://m.media-amazon.com/images/I/51H5LBUAZcL._SL500_.jpg" alt="Product Image"></a><p>24 Colors Calligraphy Ink Set, Calligraphy Fountain Glass Dip Pen Color Ink Caligrapher Pen Ink Bottle Set, Gold Powder Drawing Writing Art Ink with Gift Box - 24 x 7ml</p><p>$21.98</p><a href="https://www.amazon.com/dp/B0894L9M2C?tag=eloabder-20&linkCode=osi&th=1&psc=1">View Product</a></div><div class="product"><a href="https://www.amazon.com/dp/B0C49WVM7L?tag=eloabder-20&linkCode=osi&th=1&psc=1"><img src="https://m.media-amazon.com/images/I/41zxtjGWS1L._SL500_.jpg" alt="Product Image"></a><p>AOKUY 24 Colors Calligraphy Ink Set,Calligraphy Inks,Colorful Dip Pen Ink Set,Gold Powder Drawing Writing Art Ink with Gift Box</p><p>$16.99</p><a href="https://www.amazon.com/dp/B0C49WVM7L?tag=eloabder-20&linkCode=osi&th=1&psc=1">View Product</a></div>
<div class="product"><a href="https://www.amazon.com/dp/B0007ZJ8QU?tag=eloabder-20&linkCode=osi&th=1&psc=1"><img src="https://m.media-amazon.com/images/I/41vTwN7L9NL._SL500_.jpg" alt="Product Image"></a><p>Speedball C-Series Lettering Pen Set - 1 Penholder w/ 6 Nibs</p><p>$11.99</p><a href="https://www.amazon.com/dp/B0007ZJ8QU?tag=eloabder-20&linkCode=osi&th=1&psc=1">View Product</a></div><div class="product"><a href="https://www.amazon.com/dp/B003IGNH30?tag=eloabder-20&linkCode=osi&th=1&psc=1"><img src="https://m.media-amazon.com/images/I/412WGB9WzGL._SL500_.jpg" alt="Product Image"></a><p>Speedball 30710 10 Pen Nib Assorted Set</p><p>$21.99</p><a href="https://www.amazon.com/dp/B003IGNH30?tag=eloabder-20&linkCode=osi&th=1&psc=1">View Product</a></div><div class="product"><a href="https://www.amazon.com/dp/B0CQTCZRYC?tag=eloabder-20&linkCode=osi&th=1&psc=1"><img src="https://m.media-amazon.com/images/I/41+d7oXaTvL._SL500_.jpg" alt="Product Image"></a><p>10PCS Oblique Calligraphy Dip Pen Set Comic Pen Nib Set Fluid Writer Pen, 2-in-1 Drawing Pen Holder with 8 Pieces Stainless Steel Pen Replacement Nibs Nib for Writing, Painting, Signing, Sketch</p><p>$6.49</p><a href="https://www.amazon.com/dp/B0CQTCZRYC?tag=eloabder-20&linkCode=osi&th=1&psc=1">View Product</a></div><div class="product"><a href="https://www.amazon.com/dp/B000BYQLT4?tag=eloabder-20&linkCode=osi&th=1&psc=1"><img src="https://m.media-amazon.com/images/I/41Tmn+y1-xL._SL500_.jpg" alt="Product Image"></a><p>Speedball Calligraphy Pen Set - 1 Penholder w/ 4 Nibs, 2 Pen Tips</p><p>$13.99</p><a href="https://www.amazon.com/dp/B000BYQLT4?tag=eloabder-20&linkCode=osi&th=1&psc=1">View Product</a></div><div class="product"><a href="https://www.amazon.com/dp/B0B3CVPWMF?tag=eloabder-20&linkCode=osi&th=1&psc=1"><img src="https://m.media-amazon.com/images/I/41Zw4tqW+HL._SL500_.jpg" alt="Product Image"></a><p>Mewutal 2Pcs/Set Comic Pen Nib Set Pen Nibs Replacements for Calligraphy Manga Writing Painting(Pumpkin Head Nib)</p><p>$7.99</p><a href="https://www.amazon.com/dp/B0B3CVPWMF?tag=eloabder-20&linkCode=osi&th=1&psc=1">View Product</a></div><div class="product"><a href="https://www.amazon.com/dp/B0BVR4M5X4?tag=eloabder-20&linkCode=osi&th=1&psc=1"><img src="https://m.media-amazon.com/images/I/515TyiGpQKL._SL500_.jpg" alt="Product Image"></a><p>Wonwood_direct Calligraphy set, 7 Calligraphy Pens with Different Nibs and 40 Ink Cartridges in 13 Colors for Beginner Writing Drawing for Greeting Card Signature Calligraphy (Type 1)</p><p>$15.99</p><a href="https://www.amazon.com/dp/B0BVR4M5X4?tag=eloabder-20&linkCode=osi&th=1&psc=1">View Product</a></div><div class="product"><a href="https://www.amazon.com/dp/B0BGRM97MF?tag=eloabder-20&linkCode=osi&th=1&psc=1"><img src="https://m.media-amazon.com/images/I/41vB7fs3VbL._SL500_.jpg" alt="Product Image"></a><p>Gullor A Bunch of Nibs for Comic Dip Pen, Assorted Calligraphy Dip Pen Nibs, Various Sizes and Shapes, 33 Nibs in Box</p><p>$9.99</p><a href="https://www.amazon.com/dp/B0BGRM97MF?tag=eloabder-20&linkCode=osi&th=1&psc=1">View Product</a></div>
<div class="product"><a href="https://www.amazon.com/dp/B000KNNVX0?tag=eloabder-20&linkCode=osi&th=1&psc=1"><img src="https://m.media-amazon.com/images/I/51RAGoN6UsL._SL500_.jpg" alt="Product Image"></a><p>Strathmore STR- 50 Sheet Tape Bound Calligraphy Pad, 8.5 by 11", White</p><p>$7.83</p><a href="https://www.amazon.com/dp/B000KNNVX0?tag=eloabder-20&linkCode=osi&th=1&psc=1">View Product</a></div><div class="product"><a href="https://www.amazon.com/dp/B00PGBVNM2?tag=eloabder-20&linkCode=osi&th=1&psc=1"><img src="https://m.media-amazon.com/images/I/51VvCXPD-QL._SL500_.jpg" alt="Product Image"></a><p>U.S. Art Supply (Pack of 2 Pads) - 9" x 12" Premium Calligraphic Practice Paper Pad, 19 Pound Bond (70gsm), Pad of 50-Sheets, Calligraphy Paper with Printed Practice Rule and Slanted Grid</p><p>$12.99</p><a href="https://www.amazon.com/dp/B00PGBVNM2?tag=eloabder-20&linkCode=osi&th=1&psc=1">View Product</a></div><div class="product"><a href="https://www.amazon.com/dp/B0CQ1VTM1R?tag=eloabder-20&linkCode=osi&th=1&psc=1"><img src="https://m.media-amazon.com/images/I/31pMzPI5pdL._SL500_.jpg" alt="Product Image"></a><p>50 Sheets Watercolor Paper 8 x 6inch Deckled Edge Paper 190 GSM Rough/Textured Handmade Paper Cotton Paper White Textured Paper for Watercolor, Writing Calligraphy, Invitations, Letters</p><p>$12.99 ($0.26 / Count)</p><a href="https://www.amazon.com/dp/B0CQ1VTM1R?tag=eloabder-20&linkCode=osi&th=1&psc=1">View Product</a></div><div class="product"><a href="https://www.amazon.com/dp/B0CGHVSX6W?tag=eloabder-20&linkCode=osi&th=1&psc=1"><img src="https://m.media-amazon.com/images/I/41pAexcoWlL._SL500_.jpg" alt="Product Image"></a><p>KYMY Chinese/Japanese Calligraphy Paper 100PCS, Sumi/Rice Paper for Writing Painting Drawing Practice, Chinese Brush Ink Xuan Paper, Half Sheng Shu (Half Raw Ripe) (34 x 34 cm (13.38 x 13.38 Inch))</p><p>$10.99 ($0.11 / Count)</p><a href="https://www.amazon.com/dp/B0CGHVSX6W?tag=eloabder-20&linkCode=osi&th=1&psc=1">View Product</a></div>
<div class="product"><a href="https://www.amazon.com/dp/B08FCZC2R3?tag=eloabder-20&linkCode=osi&th=1&psc=1"><img src="https://m.media-amazon.com/images/I/51TWqPlqpfL._SL500_.jpg" alt="Product Image"></a><p>Craft 'n' Beyond Calligraphy Brush Pens Pack of 3 Small, Medium and Large Markers for Hand Lettering, Art Drawing, Sketching, Scrapbooking, Journaling - Beginner Kit with Fadeproof Black Ink</p><p>$5.49</p><a href="https://www.amazon.com/dp/B08FCZC2R3?tag=eloabder-20&linkCode=osi&th=1&psc=1">View Product</a></div><div class="product"><a href="https://www.amazon.com/dp/B0B67TWWDG?tag=eloabder-20&linkCode=osi&th=1&psc=1"><img src="https://m.media-amazon.com/images/I/5188ARIL9sL._SL500_.jpg" alt="Product Image"></a><p>Brusarth Calligraphy Pens, 8 Size Calligraphy Pens for Writing, Brush Pens Calligraphy Set for Beginners, Hand Lettering Pens, Brush Markers Set, Black Ink Drawing Pens</p><p>$8.95</p><a href="https://www.amazon.com/dp/B0B67TWWDG?tag=eloabder-20&linkCode=osi&th=1&psc=1">View Product</a></div><div class="product"><a href="https://www.amazon.com/dp/B000SHQFEA?tag=eloabder-20&linkCode=osi&th=1&psc=1"><img src="https://m.media-amazon.com/images/I/41sx3qStImL._SL500_.jpg" alt="Product Image"></a><p>edding 1255 calligraphy pen - black - 3 pens - calligraphy nib 2 - 5 mm - fibre pens for paper, wood, terracotta, canvas - hand lettering, bullet journals, thank you cards, calligraphy books</p><p>$6.50</p><a href="https://www.amazon.com/dp/B000SHQFEA?tag=eloabder-20&linkCode=osi&th=1&psc=1">View Product</a></div><div class="product"><a href="https://www.amazon.com/dp/B001DKJLEC?tag=eloabder-20&linkCode=osi&th=1&psc=1"><img src="https://m.media-amazon.com/images/I/41x7A8wo7YL._SL500_.jpg" alt="Product Image"></a><p>Speedball Elegant Writer Calligraphy 4 Marker Set, Black, 2.0 mm, 2.5 mm & 3.0 mm Chisel Nib Tip Pens for Drawing, Journaling, and Scrapbooking</p><p>$9.99 ($2.50 / Count)</p><a href="https://www.amazon.com/dp/B001DKJLEC?tag=eloabder-20&linkCode=osi&th=1&psc=1">View Product</a></div><div class="product"><a href="https://www.amazon.com/dp/B08RYWH185?tag=eloabder-20&linkCode=osi&th=1&psc=1"><img src="https://m.media-amazon.com/images/I/51GFkyfC3iL._SL500_.jpg" alt="Product Image"></a><p>Piochoo Calligraphy Pens,8 Size Calligraphy Pens for Writing,Brush Pens Calligraphy Set for Beginners, Hand Lettering Pens</p><p>$12.99</p><a href="https://www.amazon.com/dp/B08RYWH185?tag=eloabder-20&linkCode=osi&th=1&psc=1">View Product</a></div>
<div class="product"><a href="https://www.amazon.com/dp/B0C66K9NHR?tag=eloabder-20&linkCode=osi&th=1&psc=1"><img src="https://m.media-amazon.com/images/I/51As2T+7gzL._SL500_.jpg" alt="Product Image"></a><p>Calligraphy Kit for Beginners - Calligraphy Pen Set with Calligraphy Workbook</p><p>$26.89</p><a href="https://www.amazon.com/dp/B0C66K9NHR?tag=eloabder-20&linkCode=osi&th=1&psc=1">View Product</a></div><div class="product"><a href="https://www.amazon.com/dp/B081J6QLZN?tag=eloabder-20&linkCode=osi&th=1&psc=1"><img src="https://m.media-amazon.com/images/I/41lK2Gw0JZL._SL500_.jpg" alt="Product Image"></a><p>Trustela Calligraphy Set for Beginners, Dip Pen Set with 19 Nibs, Oblique Pen Holder, Wooden Pen Set</p><p>$21.99</p><a href="https://www.amazon.com/dp/B081J6QLZN?tag=eloabder-20&linkCode=osi&th=1&psc=1">View Product</a></div><div class="product"><a href="https://www.amazon.com/dp/B0BCVDNPRJ?tag=eloabder-20&linkCode=osi&th=1&psc=1"><img src="https://m.media-amazon.com/images/I/51J-hFN4AeL._SL500_.jpg" alt="Product Image"></a><p>GC QUILL Calligraphy Pens Set 64pcs - Calligraphy Fountain Pen Set with 3 Fountain Pens, 7 Varied Nibs, 54 Ink Cartridges(10 Colors) - Writing, Drawing and Calligraphy Practice for beginner GC-F354</p><p>$23.99</p><a href="https://www.amazon.com/dp/B0BCVDNPRJ?tag=eloabder-20&linkCode=osi&th=1&psc=1">View Product</a></div>
<div class="product"><a href="https://www.amazon.com/dp/B092Q8BQC1?tag=eloabder-20&linkCode=osi&th=1&psc=1"><img src="https://m.media-amazon.com/images/I/51gdXkGIguS._SL500_.jpg" alt="Product Image"></a><p>AIYNC Feather Calligraphy Pen Ink Set, Includes Quill Pen and Wooden Dip Pen, Ink,17 Replacement Nib, Pen Base, 3 Wax Seal Sticks, Stamp, White Wax, Spoon, Envelope Letter Paper, Envelope Tool(Green)</p><p>$22.99</p><a href="https://www.amazon.com/dp/B092Q8BQC1?tag=eloabder-20&linkCode=osi&th=1&psc=1">View Product</a></div>
<div class="product"><a href="https://www.amazon.com/dp/B09J228BSF?tag=eloabder-20&linkCode=osi&th=1&psc=1"><img src="https://m.media-amazon.com/images/I/61MByvIyHGL._SL500_.jpg" alt="Product Image"></a><p>Candle dye - 18 Colors Liquid Oil-Based dye for Candle Wax, Vivid Candle Color for DIY Candle Making, Highly Concentrate Natural Candle Color</p><p>$15.59 ($2.47 / Fl Oz)</p><a href="https://www.amazon.com/dp/B09J228BSF?tag=eloabder-20&linkCode=osi&th=1&psc=1">View Product</a></div><div class="product"><a href="https://www.amazon.com/dp/B06Y3T5RV4?tag=eloabder-20&linkCode=osi&th=1&psc=1"><img src="https://m.media-amazon.com/images/I/61yZyP8eZTL._SL500_.jpg" alt="Product Image"></a><p>Candle Dyes for Soy Candle Making - Wax Сolor Dye Color Chips for Soy Wax - 16 Popular Colors Wax Dye Flakes</p><p>$16.99 ($10.62 / Ounce)</p><a href="https://www.amazon.com/dp/B06Y3T5RV4?tag=eloabder-20&linkCode=osi&th=1&psc=1">View Product</a></div><div class="product"><a href="https://www.amazon.com/dp/B0CMCPGLQZ?tag=eloabder-20&linkCode=osi&th=1&psc=1"><img src="https://m.media-amazon.com/images/I/51G9e-Epa0L._SL500_.jpg" alt="Product Image"></a><p>Candle Dye - 12 Colors Wax Melt Dye for Candle Making, Oil-Based Dye for Wax, Highly Concentrate Liquid Candle Color Dye</p><p>$8.99</p><a href="https://www.amazon.com/dp/B0CMCPGLQZ?tag=eloabder-20&linkCode=osi&th=1&psc=1">View Product</a></div><div class="product"><a href="https://www.amazon.com/dp/B09GLMZ5PS?tag=eloabder-20&linkCode=osi&th=1&psc=1"><img src="https://m.media-amazon.com/images/I/51SCG6n6Y4L._SL500_.jpg" alt="Product Image"></a><p>OSBANG Oil-Based Candle Color Dye Non-Toxic Non-Irritating 20 Colors for DIY Candle Making Supplies - Vibrant Concentrated Candle Coloring for Soy Wax Dyes, Beeswax, Gel Wax, Candle Making Kit</p><p>$14.99 ($2.22 / Fl Oz)</p><a href="https://www.amazon.com/dp/B09GLMZ5PS?tag=eloabder-20&linkCode=osi&th=1&psc=1">View Product</a></div><div class="product"><a href="https://www.amazon.com/dp/B0C8D2X4F1?tag=eloabder-20&linkCode=osi&th=1&psc=1"><img src="https://m.media-amazon.com/images/I/51e0mqPDEJL._SL500_.jpg" alt="Product Image"></a><p>Candle Dye - 14 Colors Highly Concentrate Oil-Based Liquid Candle Dye Kit, Candle Dyes for Candle Making, Beeswax, Gel Wax, Paraffin Wax - Each 0.35 fl oz</p><p>$9.99</p><a href="https://www.amazon.com/dp/B0C8D2X4F1?tag=eloabder-20&linkCode=osi&th=1&psc=1">View Product</a></div>

<div class="product"><a href="https://www.amazon.com/dp/B0C6FHSQR7?tag=eloabder-20&linkCode=osi&th=1&psc=1"><img src="https://m.media-amazon.com/images/I/41hBOCPELBL._SL500_.jpg" alt="Product Image"></a><p>Mold Release, Silicone Mold Release Spray (16.9 fl oz / 500ml) Mold Release for Epoxy Resin and Candle Mold Release Spray (1 Pack Mega Size)</p><p>$9.99 ($0.59 / Fl Oz)</p><a href="https://www.amazon.com/dp/B0C6FHSQR7?tag=eloabder-20&linkCode=osi&th=1&psc=1">View Product</a></div>
<div class="product"><a href="https://www.amazon.com/dp/B015W8DWUO?tag=eloabder-20&linkCode=osi&th=1&psc=1"><img src="https://m.media-amazon.com/images/I/41umHqV4zhL._SL500_.jpg" alt="Product Image"></a><p>EricX Light 100 Piece Cotton Candle Wick 6" Pre-Waxed for Candle Making,Candle DIY</p><p>$5.35</p><a href="https://www.amazon.com/dp/B015W8DWUO?tag=eloabder-20&linkCode=osi&th=1&psc=1">View Product</a></div><div class="product"><a href="https://www.amazon.com/dp/B08XZB43NZ?tag=eloabder-20&linkCode=osi&th=1&psc=1"><img src="https://m.media-amazon.com/images/I/51cyFvwhpJL._SL500_.jpg" alt="Product Image"></a><p>Candle Wicks 100 Pcs 6 inch with 30Pcs Candle Wick Stickers and 10 Pcs Wooden Candle Wick Centering Device for Soy Beeswax Candle Making and Candle DIY</p><p>$4.99</p><a href="https://www.amazon.com/dp/B08XZB43NZ?tag=eloabder-20&linkCode=osi&th=1&psc=1">View Product</a></div><div class="product"><a href="https://www.amazon.com/dp/B084ZSZQ4T?tag=eloabder-20&linkCode=osi&th=1&psc=1"><img src="https://m.media-amazon.com/images/I/41vLRbXIHhL._SL500_.jpg" alt="Product Image"></a><p>Candle Wick,100 Piece Candle Wicks for Candle Making DIY, 6 Inch Pre-Waxed Cotton Wick with Tabs</p><p>$4.79</p><a href="https://www.amazon.com/dp/B084ZSZQ4T?tag=eloabder-20&linkCode=osi&th=1&psc=1">View Product</a></div><div class="product"><a href="https://www.amazon.com/dp/B097D7S6KB?tag=eloabder-20&linkCode=osi&th=1&psc=1"><img src="https://m.media-amazon.com/images/I/41jpnnrDAjL._SL500_.jpg" alt="Product Image"></a><p>CandMak Candle Wick Kit, 60 Cotton Candle Wicks with Candle Making Tools for Candle Making (Thick 4"+6"+8")</p><p>$5.99</p><a href="https://www.amazon.com/dp/B097D7S6KB?tag=eloabder-20&linkCode=osi&th=1&psc=1">View Product</a></div><div class="product"><a href="https://www.amazon.com/dp/B08DLSG8NW?tag=eloabder-20&linkCode=osi&th=1&psc=1"><img src="https://m.media-amazon.com/images/I/41QkciWLWjL._SL500_.jpg" alt="Product Image"></a><p>Bulk 6inch Candle Wicks 100 Pcs with 60Pcs Candle Wick Stickers and 10 Pcs Wooden Candle Wick Centering Device for Soy Beeswax Candle Making (6inch)</p><p>$5.45</p><a href="https://www.amazon.com/dp/B08DLSG8NW?tag=eloabder-20&linkCode=osi&th=1&psc=1">View Product</a></div><div class="product"><a href="https://www.amazon.com/dp/B08Z334W66?tag=eloabder-20&linkCode=osi&th=1&psc=1"><img src="https://m.media-amazon.com/images/I/51nsfCzAwwL._SL500_.jpg" alt="Product Image"></a><p>DINGPAI 100pcs Cotton Candle Wicks, 6 inches Low Smoke Pre-Waxed Candle Wicks for Candle Making, Candle DIY</p><p>$4.99</p><a href="https://www.amazon.com/dp/B08Z334W66?tag=eloabder-20&linkCode=osi&th=1&psc=1">View Product</a></div><div class="product"><a href="https://www.amazon.com/dp/B0BV1NCQ28?tag=eloabder-20&linkCode=osi&th=1&psc=1"><img src="https://m.media-amazon.com/images/I/41lmQ4K9ccL._SL500_.jpg" alt="Product Image"></a><p>Ziosxin 100pcs Smokeless Cherry Wood Candle Wicks, Long Lasting Flame, Easily Burn, Natural Candle Cores with Stand and Glue Dot, Warning Label for DIY Candle Making</p><p>$9.99</p><a href="https://www.amazon.com/dp/B0BV1NCQ28?tag=eloabder-20&linkCode=osi&th=1&psc=1">View Product</a></div><div class="product"><a href="https://www.amazon.com/dp/B08LPKTVZW?tag=eloabder-20&linkCode=osi&th=1&psc=1"><img src="https://m.media-amazon.com/images/I/41AtaynrIqL._SL500_.jpg" alt="Product Image"></a><p>BEADNOVA Candle Cotton Wicks 4 Inch 150pcs Short Candle Making Wicks Cotton Wicks for Candle Making DIY</p><p>$4.99</p><a href="https://www.amazon.com/dp/B08LPKTVZW?tag=eloabder-20&linkCode=osi&th=1&psc=1">View Product</a></div><div class="product"><a href="https://www.amazon.com/dp/B0925G2VBY?tag=eloabder-20&linkCode=osi&th=1&psc=1"><img src="https://m.media-amazon.com/images/I/51EzgDRsxoL._SL500_.jpg" alt="Product Image"></a><p>CHEFBEE 200 FT Organic Hemp Wick, Hemp Wick Well Coated Natural Beeswax for Hemp Wick Lighter or Candle Making, Slow Burn, No Dripping, Standard Size(1.1mm)</p><p>$6.99</p><a href="https://www.amazon.com/dp/B0925G2VBY?tag=eloabder-20&linkCode=osi&th=1&psc=1">View Product</a></div>
<div class="product"><a href="https://www.amazon.com/dp/B0BJZYCQV3?tag=eloabder-20&linkCode=osi&th=1&psc=1"><img src="https://m.media-amazon.com/images/I/41dS7xm9bKL._SL500_.jpg" alt="Product Image"></a><p>Simetufy Canvas Boards for Painting 12 Pack,8 x 10 Inch Painting Canvas Panels, Blank Canvas for Painting- Gesso Primed Acid-Free 100% Cotton for Acrylics Oil Watercolor Tempera Paints</p><p>$12.99</p><a href="https://www.amazon.com/dp/B0BJZYCQV3?tag=eloabder-20&linkCode=osi&th=1&psc=1">View Product</a></div><div class="product"><a href="https://www.amazon.com/dp/B085F4JH1H?tag=eloabder-20&linkCode=osi&th=1&psc=1"><img src="https://m.media-amazon.com/images/I/41l7Efp7ILL._SL500_.jpg" alt="Product Image"></a><p>KEFF Canvas Boards for Painting - 24 Pack - Art Supplies Paint Canvas 5x7, 8x10, 9x12, 11x14 Canvas Panels, 100% Cotton Pre-Primed Large Canvas for Painting Supplies, Acrylic, Oil, Watercolor, Tempera</p><p>$24.99</p><a href="https://www.amazon.com/dp/B085F4JH1H?tag=eloabder-20&linkCode=osi&th=1&psc=1">View Product</a></div><div class="product"><a href="https://www.amazon.com/dp/B0CMXFTNDC?tag=eloabder-20&linkCode=osi&th=1&psc=1"><img src="https://m.media-amazon.com/images/I/41WZD2Y6GfL._SL500_.jpg" alt="Product Image"></a><p>ESRICH Canvas Boards for Painting, 5 Pack Canvases for Painting 8x10 Cotton Primed Acid Free Blank Canvas Panels for Oil Paint, Watercolor, Acrylic Paint, Gouache and Tempera.</p><p>$5.99</p><a href="https://www.amazon.com/dp/B0CMXFTNDC?tag=eloabder-20&linkCode=osi&th=1&psc=1">View Product</a></div><div class="product"><a href="https://www.amazon.com/dp/B0C6LMPMPJ?tag=eloabder-20&linkCode=osi&th=1&psc=1"><img src="https://m.media-amazon.com/images/I/51QF5c5qRiL._SL500_.jpg" alt="Product Image"></a><p>Simetufy Canvas Boards for Painting 32 Pack, Paint Canvas Panels Set - 5x7, 8x10, 9x12, 11x14 Inches, Pre-Primed 100% Cotton Blank Canvases for Oil Acrylic Watercolor Pouring Paint for Kids & Artists</p><p>$24.99</p><a href="https://www.amazon.com/dp/B0C6LMPMPJ?tag=eloabder-20&linkCode=osi&th=1&psc=1">View Product</a></div><div class="product"><a href="https://www.amazon.com/dp/B0CSD8VYYM?tag=eloabder-20&linkCode=osi&th=1&psc=1"><img src="https://m.media-amazon.com/images/I/41PeXd8MwvL._SL500_.jpg" alt="Product Image"></a><p>4 Pack 11x14 Inch Canvas Boards for Painting, Blank Canvases for Painting,Triple Primed for Oil & Acrylic Paints,100% Cotton Canvas Panels for Acrylics Oil Watercolor Tempera Paints,3mm Thickness</p><p>$8.49</p><a href="https://www.amazon.com/dp/B0CSD8VYYM?tag=eloabder-20&linkCode=osi&th=1&psc=1">View Product</a></div><div class="product"><a href="https://www.amazon.com/dp/B0D59RDVM5?tag=eloabder-20&linkCode=osi&th=1&psc=1"><img src="https://m.media-amazon.com/images/I/519TRFsibfL._SL500_.jpg" alt="Product Image"></a><p>Paroto Canvas Boards for Painting 12 Pack, Multi-Size Painting Canvas Set 5x7, 8x10, 10x12, 12x16 Inches, 100% Cotton Blank Canvas Oil Acrylic Watercolor Pouring Paint for Kids, Beginners, Artists</p><p>$23.99</p><a href="https://www.amazon.com/dp/B0D59RDVM5?tag=eloabder-20&linkCode=osi&th=1&psc=1">View Product</a></div><div class="product"><a href="https://www.amazon.com/dp/B0CSD8YM4L?tag=eloabder-20&linkCode=osi&th=1&psc=1"><img src="https://m.media-amazon.com/images/I/41ZgWqkIMFL._SL500_.jpg" alt="Product Image"></a><p>4 Pack 8x10 Inch Canvas Boards for Painting, Blank Canvases for Painting,Triple Primed for Oil & Acrylic Paints, 100% Cotton Canvas Panels, 3mm Thickness</p><p>$3.99</p><a href="https://www.amazon.com/dp/B0CSD8YM4L?tag=eloabder-20&linkCode=osi&th=1&psc=1">View Product</a></div><div class="product"><a href="https://www.amazon.com/dp/B0CQFTW7MH?tag=eloabder-20&linkCode=osi&th=1&psc=1"><img src="https://m.media-amazon.com/images/I/41PiitKvQTL._SL500_.jpg" alt="Product Image"></a><p>Simetufy 4 Pack Canvas Boards for Painting 12x16 inch, Canvases for Painting, Gesso Primed Acid-Free 100% Cotton Large Canvas Panels for Acrylics Oil Watercolor Tempera Paints</p><p>$11.99</p><a href="https://www.amazon.com/dp/B0CQFTW7MH?tag=eloabder-20&linkCode=osi&th=1&psc=1">View Product</a></div>


<div class="product"><a href="https://www.amazon.com/dp/B0D3HPD7WP?tag=eloabder-20&linkCode=osi&th=1&psc=1"><img src="https://m.media-amazon.com/images/I/31KSmmAWUWL._SL500_.jpg" alt="Product Image"></a><p>50 Sheets Grey Cardstock Paper, Colored Printer Paper 8.5 x 11, Thick Construction Paper for Cards Making, Scrapbook，Office Printing, Invitations, Certificates，DIY Crafting 92 lb/250gsm</p><p>$9.99</p><a href="https://www.amazon.com/dp/B0D3HPD7WP?tag=eloabder-20&linkCode=osi&th=1&psc=1">View Product</a></div>
<div class="product"><a href="https://www.amazon.com/dp/B076CP6F36?tag=eloabder-20&linkCode=osi&th=1&psc=1"><img src="https://m.media-amazon.com/images/I/51rfEIvgI+L._SL500_.jpg" alt="Product Image"></a><p>Apple Barrel, Vibrant Spectrum Collection Acrylic Craft Paint, PROMOABIII, 2 fl oz each, 16 assorted matte colors, 16 count</p><p>$15.97 ($0.50 / Fl Oz)</p><a href="https://www.amazon.com/dp/B076CP6F36?tag=eloabder-20&linkCode=osi&th=1&psc=1">View Product</a></div><div class="product"><a href="https://www.amazon.com/dp/B0BKFLSYQF?tag=eloabder-20&linkCode=osi&th=1&psc=1"><img src="https://m.media-amazon.com/images/I/51a0PmPRknL._SL500_.jpg" alt="Product Image"></a><p>72 Pack Acrylic Paint Set, Shuttle Art 60 Colors Acrylic Paint Including Extra White Black & 12 Brushes, 2oz/60ml, Rich Pigmented, Water Proof, Ideal for Artists, Beginners on Canvas Rock Wood Ceramic</p><p>$45.99 ($23.00 / Fl Oz)</p><a href="https://www.amazon.com/dp/B0BKFLSYQF?tag=eloabder-20&linkCode=osi&th=1&psc=1">View Product</a></div><div class="product"><a href="https://www.amazon.com/dp/B08CB3JH79?tag=eloabder-20&linkCode=osi&th=1&psc=1"><img src="https://m.media-amazon.com/images/I/51OUZsFdnTL._SL500_.jpg" alt="Product Image"></a><p>Acrylic Paint Set of 36 Colors 2fl oz 60ml Bottles,Non Toxic 36 Colors Acrylic Paint No Fading Rich Pigment for Kids Adults Artists Canvas Crafts Wood Painting</p><p>$32.99 ($0.46 / Fl Oz)</p><a href="https://www.amazon.com/dp/B08CB3JH79?tag=eloabder-20&linkCode=osi&th=1&psc=1">View Product</a></div><div class="product"><a href="https://www.amazon.com/dp/B0018NBVKQ?tag=eloabder-20&linkCode=osi&th=1&psc=1"><img src="https://m.media-amazon.com/images/I/31YlSvZMTCL._SL500_.jpg" alt="Product Image"></a><p>Apple Barrel Acrylic Paint in Assorted Colors (8 Ounce), 20403 White</p><p>$2.67 ($0.33 / Fl Oz)</p><a href="https://www.amazon.com/dp/B0018NBVKQ?tag=eloabder-20&linkCode=osi&th=1&psc=1">View Product</a></div><div class="product"><a href="https://www.amazon.com/dp/B077WSBLZ1?tag=eloabder-20&linkCode=osi&th=1&psc=1"><img src="https://m.media-amazon.com/images/I/51KPkXpLn1L._SL500_.jpg" alt="Product Image"></a><p>Shuttle Art Acrylic Paint Set, 30 x12ml Tubes Artist Quality Non Toxic Rich Pigments Colors Great for Kids Adults Professional Painting on Rocks Canvas Wood Clay Fabric Ceramic Crafts</p><p>$12.99 ($1.08 / Fl Oz)</p><a href="https://www.amazon.com/dp/B077WSBLZ1?tag=eloabder-20&linkCode=osi&th=1&psc=1">View Product</a></div><div class="product"><a href="https://www.amazon.com/dp/B00889Z5Y6?tag=eloabder-20&linkCode=osi&th=1&psc=1"><img src="https://m.media-amazon.com/images/I/41MQjsyDbSL._SL500_.jpg" alt="Product Image"></a><p>Apple Barrel Acrylic Paint in Assorted Colors (2 oz), 20764, Apricot</p><p>$0.58 ($0.29 / Fl Oz)</p><a href="https://www.amazon.com/dp/B00889Z5Y6?tag=eloabder-20&linkCode=osi&th=1&psc=1">View Product</a></div><div class="product"><a href="https://www.amazon.com/dp/B09TWQD5ZL?tag=eloabder-20&linkCode=osi&th=1&psc=1"><img src="https://m.media-amazon.com/images/I/41B0L003QXL._SL500_.jpg" alt="Product Image"></a><p>Artkey Acrylic Paint Set - 24 colors 2 oz/59 ml Acrylic Paints Professional Artists Painting Kit for Canvases Fabric Rock Leather Easter Egg Wood Ceramic Glass Art Craft Painting</p><p>$19.99 ($0.42 / Fl Oz)</p><a href="https://www.amazon.com/dp/B09TWQD5ZL?tag=eloabder-20&linkCode=osi&th=1&psc=1">View Product</a></div><div class="product"><a href="https://www.amazon.com/dp/B07Z93LQDB?tag=eloabder-20&linkCode=osi&th=1&psc=1"><img src="https://m.media-amazon.com/images/I/51veoN6zK0L._SL500_.jpg" alt="Product Image"></a><p>Shuttle Art Acrylic Paint Set, 36 Colors Acrylic Paint with Brushes & Palette, 2oz Bottles, Rich Pigments Non-toxic Paint for Artists Kids & Adults, Art Supplies for Canvas Rock Ceramic Wood Painting</p><p>$27.99</p><a href="https://www.amazon.com/dp/B07Z93LQDB?tag=eloabder-20&linkCode=osi&th=1&psc=1">View Product</a></div><div class="product"><a href="https://www.amazon.com/dp/B002665SYY?tag=eloabder-20&linkCode=osi&th=1&psc=1"><img src="https://m.media-amazon.com/images/I/31sJJeWK6OS._SL500_.jpg" alt="Product Image"></a><p>Liquitex BASICS Acrylic Paint, 250ml (8.5-oz) Tube, Titanium White</p><p>$9.99 ($1.18 / Fl Oz)</p><a href="https://www.amazon.com/dp/B002665SYY?tag=eloabder-20&linkCode=osi&th=1&psc=1">View Product</a></div>
<div class="product"><a href="https://www.amazon.com/dp/B0CC98XLGL?tag=eloabder-20&linkCode=osi&th=1&psc=1"><img src="https://m.media-amazon.com/images/I/51ZLw+nThiL._SL500_.jpg" alt="Product Image"></a><p>HUIRUSO 4 Pack Double Sided Tape Roller, Scrapbook Supplies, Glue Tape Roller for Crafts, Double-Sided Adhesive Tape Runner for Scrapbooking, School Office Journaling Supplies (0.31 in X 26.25 ft)</p><p>$6.99 ($1.75 / Count)</p><a href="https://www.amazon.com/dp/B0CC98XLGL?tag=eloabder-20&linkCode=osi&th=1&psc=1">View Product</a></div><div class="product"><a href="https://www.amazon.com/dp/B007XAAE6K?tag=eloabder-20&linkCode=osi&th=1&psc=1"><img src="https://m.media-amazon.com/images/I/414qxYVR0wL._SL500_.jpg" alt="Product Image"></a><p>Scotch Double Sided Tape Runner, 1-Pack, 0.27 in x 26 ft., Perfect for Holiday Crafts, Gifts, and More</p><p>$4.47</p><a href="https://www.amazon.com/dp/B007XAAE6K?tag=eloabder-20&linkCode=osi&th=1&psc=1">View Product</a></div><div class="product"><a href="https://www.amazon.com/dp/B0BZVGPFSK?tag=eloabder-20&linkCode=osi&th=1&psc=1"><img src="https://m.media-amazon.com/images/I/51-ue9+7JkL._SL500_.jpg" alt="Product Image"></a><p>Birllaid Double Sided Tape for Walls, Picture Hanging Strips Removable Mounting Dots Adhesive Heavy Duty, Removable for Art Craft, Decoration, Party Supplies, Multipurpose</p><p>$11.99</p><a href="https://www.amazon.com/dp/B0BZVGPFSK?tag=eloabder-20&linkCode=osi&th=1&psc=1">View Product</a></div><div class="product"><a href="https://www.amazon.com/dp/B0CGVN9SL1?tag=eloabder-20&linkCode=osi&th=1&psc=1"><img src="https://m.media-amazon.com/images/I/41Hy+i4CnoL._SL500_.jpg" alt="Product Image"></a><p>30Ft x 1 Inch Hook and Loop Strips with Adhesive,Double Rolls of Heavy Duty Self Adhesive Tape with Backing, Nylon Self Adhesive Tape for Home Office School and Crafting,White</p><p>$9.99</p><a href="https://www.amazon.com/dp/B0CGVN9SL1?tag=eloabder-20&linkCode=osi&th=1&psc=1">View Product</a></div><div class="product"><a href="https://www.amazon.com/dp/B07Y3VDPLF?tag=eloabder-20&linkCode=osi&th=1&psc=1"><img src="https://m.media-amazon.com/images/I/41cyKQ2OMuL._SL500_.jpg" alt="Product Image"></a><p>Melsan 1x4 inch Hook and Loop Strips with Adhesive - 15 Sets, Strong Back Adhesive Fasten Mounting Tape for Home or Office Use - Instead of Holes and Screws, Black</p><p>$7.82</p><a href="https://www.amazon.com/dp/B07Y3VDPLF?tag=eloabder-20&linkCode=osi&th=1&psc=1">View Product</a></div><div class="product"><a href="https://www.amazon.com/dp/B07V57VJT5?tag=eloabder-20&linkCode=osi&th=1&psc=1"><img src="https://m.media-amazon.com/images/I/514JO3bvl3L._SL500_.jpg" alt="Product Image"></a><p>XFasten Adhesive Roller for Scrapbooking, 8mm x 30ft 4-Pack Double Sided Glue Tape Roller, Scrapbook Supplies for Adults, Photo Tape for Scrapbooking</p><p>$9.99 ($2.50 / Count)</p><a href="https://www.amazon.com/dp/B07V57VJT5?tag=eloabder-20&linkCode=osi&th=1&psc=1">View Product</a></div><div class="product"><a href="https://www.amazon.com/dp/B07JLTGQHX?tag=eloabder-20&linkCode=osi&th=1&psc=1"><img src="https://m.media-amazon.com/images/I/51Eqfo7kUZL._SL500_.jpg" alt="Product Image"></a><p>UPINS 120 Pack Double Sided Foam Tape Square Self-Adhesive Foam Tape Black Strong Tape Pads for DIY Art Crafts Supplies</p><p>$9.99 ($0.08 / Count)</p><a href="https://www.amazon.com/dp/B07JLTGQHX?tag=eloabder-20&linkCode=osi&th=1&psc=1">View Product</a></div><div class="product"><a href="https://www.amazon.com/dp/B005FM6XF4?tag=eloabder-20&linkCode=osi&th=1&psc=1"><img src="https://m.media-amazon.com/images/I/51-vp1WJ89L._SL500_.jpg" alt="Product Image"></a><p>AdTech 5603 Permanent Crafter's Tape, 0.31" x 315", Pack of 4</p><p>$7.84 ($0.07 / Foot)</p><a href="https://www.amazon.com/dp/B005FM6XF4?tag=eloabder-20&linkCode=osi&th=1&psc=1">View Product</a></div><div class="product"><a href="https://www.amazon.com/dp/B0CJF1FLFJ?tag=eloabder-20&linkCode=osi&th=1&psc=1"><img src="https://m.media-amazon.com/images/I/51dig1RqzdL._SL500_.jpg" alt="Product Image"></a><p>UPINS 150Pack Double Sided Foam Tape Strong Sticky Double Sided Foam Pads for Crafts Self-Adhesive Mounting Foam Tape Heavy Duty for Home Wall Decor 40 * 40 * 2mm</p><p>$8.99 ($0.06 / Count)</p><a href="https://www.amazon.com/dp/B0CJF1FLFJ?tag=eloabder-20&linkCode=osi&th=1&psc=1">View Product</a></div><div class="product"><a href="https://www.amazon.com/dp/B0D4YWRGCL?tag=eloabder-20&linkCode=osi&th=1&psc=1"><img src="https://m.media-amazon.com/images/I/41EqJ553-KL._SL500_.jpg" alt="Product Image"></a><p>Amanbo Glue Tape for Scrapbooking, 6 Pack Scrapbook Tape, Double Sided Tape Roller for Crafts, Total 120 Ft x 0.24 in Tape Runner, Craft Supplies for Scrapbooking, Gift Wrapping and Photo Tape</p><p>$6.99</p><a href="https://www.amazon.com/dp/B0D4YWRGCL?tag=eloabder-20&linkCode=osi&th=1&psc=1">View Product</a></div>
<div class="product"><a href="https://www.amazon.com/dp/B0CC5HPPTN?tag=eloabder-20&linkCode=osi&th=1&psc=1"><img src="https://m.media-amazon.com/images/I/519M81S201L._SL500_.jpg" alt="Product Image"></a><p>Airbrush Paint - 30 Colors with 3 Thinner, Ready to Spray Airbrush Paint Set, Water-Based Acrylic Air brush Paints for Metal, Plastic Models, Canvas, Wood, 20ml/Bottle</p><p>$32.99 ($1.48 / Fl Oz)</p><a href="https://www.amazon.com/dp/B0CC5HPPTN?tag=eloabder-20&linkCode=osi&th=1&psc=1">View Product</a></div>
<div class="product"><a href="https://www.amazon.com/dp/B0CXPSGK36?tag=eloabder-20&linkCode=osi&th=1&psc=1"><img src="https://m.media-amazon.com/images/I/51dd2dYOtrL._SL500_.jpg" alt="Product Image"></a><p>Letter Stickers 30 Sheets 1500 PCS Large Alphabet Sticker 2 Inch Vinyl Self Adhesive Stick on Stickers for Water Bottles Cup Mailbox Number Address Craft Scrapbooking Bulletin Board Decor Multicolor</p><p>$9.99</p><a href="https://www.amazon.com/dp/B0CXPSGK36?tag=eloabder-20&linkCode=osi&th=1&psc=1">View Product</a></div><div class="product"><a href="https://www.amazon.com/dp/B07NNYFMGY?tag=eloabder-20&linkCode=osi&th=1&psc=1"><img src="https://m.media-amazon.com/images/I/51yDnU+gEXL._SL500_.jpg" alt="Product Image"></a><p>20 Sheets Alphabet Letter Stickers 10 Colors Self Adhesive Sticker Colorful PU Material Convex Feeling (Colored Letter Stickers 1)</p><p>$6.99 ($0.35 / Count)</p><a href="https://www.amazon.com/dp/B07NNYFMGY?tag=eloabder-20&linkCode=osi&th=1&psc=1">View Product</a></div>

<div class="product"><a href="https://www.amazon.com/dp/B01DDN8854?tag=eloabder-20&linkCode=osi&th=1&psc=1"><img src="https://m.media-amazon.com/images/I/61dPubDZBSL._SL500_.jpg" alt="Product Image"></a><p>Hugs 'n Kisses HNKHABY13 Applique Paper (20 Pack)</p><p>$19.72 ($0.99 / Count)</p><a href="https://www.amazon.com/dp/B01DDN8854?tag=eloabder-20&linkCode=osi&th=1&psc=1">View Product</a></div>
<div class="product"><a href="https://www.amazon.com/dp/B09KPNFJW1?tag=eloabder-20&linkCode=osi&th=1&psc=1"><img src="https://m.media-amazon.com/images/I/41abn5fELmL._SL500_.jpg" alt="Product Image"></a><p>UniPleased Disposable Aprons (50 Count), Plastic apron for Painting Party, Cooking, Housework, Picnic etc.</p><p>$5.69</p><a href="https://www.amazon.com/dp/B09KPNFJW1?tag=eloabder-20&linkCode=osi&th=1&psc=1">View Product</a></div>
<div class="product"><a href="https://www.amazon.com/dp/B087M21MM2?tag=eloabder-20&linkCode=osi&th=1&psc=1"><img src="https://m.media-amazon.com/images/I/41Xf-jehhLL._SL500_.jpg" alt="Product Image"></a><p>GOTIDEAL Stretched Canvas, Multi Pack 4x4, 5x7, 8x10,9x12, 11x14 Set of 10, Primed White - 100% Cotton Artist Canvas Boards for Painting, Acrylic Pouring, Oil Paint Dry & Wet Art Media</p><p>$24.99</p><a href="https://www.amazon.com/dp/B087M21MM2?tag=eloabder-20&linkCode=osi&th=1&psc=1">View Product</a></div><div class="product"><a href="https://www.amazon.com/dp/B00OQJYISG?tag=eloabder-20&linkCode=osi&th=1&psc=1"><img src="https://m.media-amazon.com/images/I/31fEDLPkkcL._SL500_.jpg" alt="Product Image"></a><p>6 Count 12” x 16” Super Value Canvas by Artist's Loft Necessities - Acid Free Cotton Canvas for Paint, Acrylic, & Oils - 1 Pack</p><p>$19.99</p><a href="https://www.amazon.com/dp/B00OQJYISG?tag=eloabder-20&linkCode=osi&th=1&psc=1">View Product</a></div><div class="product"><a href="https://www.amazon.com/dp/B09CDKB9HY?tag=eloabder-20&linkCode=osi&th=1&psc=1"><img src="https://m.media-amazon.com/images/I/51+p5xnClGL._SL500_.jpg" alt="Product Image"></a><p>DPDIAN Canvas Boards for Painting 40 Pack, 8 inch x 10 inch Super Value Pack, Artist Canvas Panels for Oil & Acrylic Painting</p><p>$29.99</p><a href="https://www.amazon.com/dp/B09CDKB9HY?tag=eloabder-20&linkCode=osi&th=1&psc=1">View Product</a></div><div class="product"><a href="https://www.amazon.com/dp/B0CFBGP29G?tag=eloabder-20&linkCode=osi&th=1&psc=1"><img src="https://m.media-amazon.com/images/I/3147Az5plbL._SL500_.jpg" alt="Product Image"></a><p>ArtSkills Stretched Canvases for Painting, 12x16 Canvas Painting Supplies for Artists, Blank Canvas Pack, 2-Pack</p><p>$16.99</p><a href="https://www.amazon.com/dp/B0CFBGP29G?tag=eloabder-20&linkCode=osi&th=1&psc=1">View Product</a></div><div class="product"><a href="https://www.amazon.com/dp/B07BNGQ1SS?tag=eloabder-20&linkCode=osi&th=1&psc=1"><img src="https://m.media-amazon.com/images/I/410ZVtygUwS._SL500_.jpg" alt="Product Image"></a><p>PHOENIX Stretched Canvas for Painting 8x10 Inch/10 Value Pack, 8 Oz Triple Primed 5/8 Inch Profile 100% Cotton White Blank Canvas, Artist Framed Canvas for Oil Acrylic & Pouring Art</p><p>$22.99</p><a href="https://www.amazon.com/dp/B07BNGQ1SS?tag=eloabder-20&linkCode=osi&th=1&psc=1">View Product</a></div><div class="product"><a href="https://www.amazon.com/dp/B0922JP1H4?tag=eloabder-20&linkCode=osi&th=1&psc=1"><img src="https://m.media-amazon.com/images/I/41BmiEND1KL._SL500_.jpg" alt="Product Image"></a><p>GOTIDEAL Canvases for Painting, 18 Pack Canvas Boards Multipack 4x4, 5x7, 8x10, 9x12,11x14,Primed White Blank Artist Canvas Variety Pack for Acrylic Paint, Oil Paint, Watercolor, Gouache</p><p>$19.99</p><a href="https://www.amazon.com/dp/B0922JP1H4?tag=eloabder-20&linkCode=osi&th=1&psc=1">View Product</a></div>


<div class="product"><a href="https://www.amazon.com/dp/B0872VFHBH?tag=eloabder-20&linkCode=osi&th=1&psc=1"><img src="https://m.media-amazon.com/images/I/51k3bekQheS._SL500_.jpg" alt="Product Image"></a><p>Bachmore Drawing Pad 9X12 Inch (110lb/180g), 60 Sheets, Top Spiral Bound Multi-Media for Artist Pro & Amateurs | Acrylic Art, Ink, Paint, Oil Pastels,Watercolor Mixed Media Sketch</p><p>$11.99</p><a href="https://www.amazon.com/dp/B0872VFHBH?tag=eloabder-20&linkCode=osi&th=1&psc=1">View Product</a></div><div class="product"><a href="https://www.amazon.com/dp/B0027A75A4?tag=eloabder-20&linkCode=osi&th=1&psc=1"><img src="https://m.media-amazon.com/images/I/51dyOxxcgYL._SL500_.jpg" alt="Product Image"></a><p>Strathmore 200 Series Sketch Pad, 9x12 inch, 100 Sheets, Tape Bound - Artist Sketchbook for Drawing, Illustration, Art Class Students</p><p>$6.99 ($0.07 / Count)</p><a href="https://www.amazon.com/dp/B0027A75A4?tag=eloabder-20&linkCode=osi&th=1&psc=1">View Product</a></div><div class="product"><a href="https://www.amazon.com/dp/B0BV13YQKX?tag=eloabder-20&linkCode=osi&th=1&psc=1"><img src="https://m.media-amazon.com/images/I/41VYfMpvXUL._SL500_.jpg" alt="Product Image"></a><p>Canson Graduate Watercolor Pad, Foldover, 9x12 inch, 20 Sheets | Artist Paper for Adults and Students - Painting, Gouache, Mixed Media and Ink</p><p>$4.97 ($0.41 / Count)</p><a href="https://www.amazon.com/dp/B0BV13YQKX?tag=eloabder-20&linkCode=osi&th=1&psc=1">View Product</a></div><div class="product"><a href="https://www.amazon.com/dp/B0024KMQ6K?tag=eloabder-20&linkCode=osi&th=1&psc=1"><img src="https://m.media-amazon.com/images/I/51sYdvPPUCL._SL500_.jpg" alt="Product Image"></a><p>Strathmore 400 Series Pastel Pad, Assorted Colors, 9"x12" Glue Bound, 24 Sheets</p><p>$9.11</p><a href="https://www.amazon.com/dp/B0024KMQ6K?tag=eloabder-20&linkCode=osi&th=1&psc=1">View Product</a></div><div class="product"><a href="https://www.amazon.com/dp/B00246O6PI?tag=eloabder-20&linkCode=osi&th=1&psc=1"><img src="https://m.media-amazon.com/images/I/517TUmckOIL._SL500_.jpg" alt="Product Image"></a><p>Strathmore 300 Series Drawing Paper Pad, Top Wire Bound, 11x14 inches, 50 Sheets (70lb/114g) - Artist Paper for Adults and Students - Charcoal, Colored Pencil, Ink, Pastel, Marker</p><p>$13.33</p><a href="https://www.amazon.com/dp/B00246O6PI?tag=eloabder-20&linkCode=osi&th=1&psc=1">View Product</a></div>
<div class="product"><a href="https://www.amazon.com/dp/B08ZMH7LJY?tag=eloabder-20&linkCode=osi&th=1&psc=1"><img src="https://m.media-amazon.com/images/I/51mJIsLJA-S._SL500_.jpg" alt="Product Image"></a><p>PANDAFLY Professional Drawing Sketching Pencil Set - 12 Pieces Graphite Pencils(14B - 2H), Ideal for Drawing Art, Sketching, Shading, Artist Pencils for Beginners & Pro Artists</p><p>$5.11</p><a href="https://www.amazon.com/dp/B08ZMH7LJY?tag=eloabder-20&linkCode=osi&th=1&psc=1">View Product</a></div><div class="product"><a href="https://www.amazon.com/dp/B088K1G5NL?tag=eloabder-20&linkCode=osi&th=1&psc=1"><img src="https://m.media-amazon.com/images/I/51F2bOMZWnL._SL500_.jpg" alt="Product Image"></a><p>MARKART Professional Drawing Sketching Pencil Set - 14 Pieces,Graphite,(12B - 4H), Ideal for Drawing Art, Sketching, Shading, Artist Pencils for Beginners & Pro Artists</p><p>$5.24</p><a href="https://www.amazon.com/dp/B088K1G5NL?tag=eloabder-20&linkCode=osi&th=1&psc=1">View Product</a></div><div class="product"><a href="https://www.amazon.com/dp/B08FHMRW4L?tag=eloabder-20&linkCode=osi&th=1&psc=1"><img src="https://m.media-amazon.com/images/I/51Pmn5gjyzL._SL500_.jpg" alt="Product Image"></a><p>Mr. Pen- Sketch Pencils for Drawing, 14 Pack, Drawing Pencils, Art Pencils, Graphite Pencils, Graphite Pencils for Drawing, Art Pencils for Drawing and Shading</p><p>$5.95</p><a href="https://www.amazon.com/dp/B08FHMRW4L?tag=eloabder-20&linkCode=osi&th=1&psc=1">View Product</a></div><div class="product"><a href="https://www.amazon.com/dp/B0BNQ58DC4?tag=eloabder-20&linkCode=osi&th=1&psc=1"><img src="https://m.media-amazon.com/images/I/51e-gQtCcCL._SL500_.jpg" alt="Product Image"></a><p>MARTCOLOR Drawing Sketching Pencils Set, 12 Pack Graphite Pencils(14B - 2H), Ideal for Drawing Art, Sketching, Shading, Artist Pencils for Beginners & Pro Artists</p><p>$5.99</p><a href="https://www.amazon.com/dp/B0BNQ58DC4?tag=eloabder-20&linkCode=osi&th=1&psc=1">View Product</a></div>

<div class="product"><a href="https://www.amazon.com/dp/B0851M3749?tag=eloabder-20&linkCode=osi&th=1&psc=1"><img src="https://m.media-amazon.com/images/I/41KKSGSDl5L._SL500_.jpg" alt="Product Image"></a><p>N NOROCME 12 PCS Blending Stumps and Tortillions Paper Art Blenders with Sandpaper Pencil Sharpener Pointer for Student Artist Charcoal Sketch Drawing Tools</p><p>$4.99</p><a href="https://www.amazon.com/dp/B0851M3749?tag=eloabder-20&linkCode=osi&th=1&psc=1">View Product</a></div><div class="product"><a href="https://www.amazon.com/dp/B09J3HKN8F?tag=eloabder-20&linkCode=osi&th=1&psc=1"><img src="https://m.media-amazon.com/images/I/51Qvx81eQLL._SL500_.jpg" alt="Product Image"></a><p>Eraser Pencils Set for Artists, Wooden Sketch Eraser Pen for Charcoal Drawings, Professional Highlight Painting Eraser for Sketching, Revise Erasing Details for Students Limner</p><p>$6.99</p><a href="https://www.amazon.com/dp/B09J3HKN8F?tag=eloabder-20&linkCode=osi&th=1&psc=1">View Product</a></div>
<div class="product"><a href="https://www.amazon.com/dp/B09WCQ89T8?tag=eloabder-20&linkCode=osi&th=1&psc=1"><img src="https://m.media-amazon.com/images/I/41gZz0qgBFL._SL500_.jpg" alt="Product Image"></a><p>Bernat BABY BLANKET BB Blue Dreams Yarn - 1 Pack of 10.5oz/300g - Polyester - #6 Super Bulky - 220 Yards - Knitting/Crochet</p><p>$6.97</p><a href="https://www.amazon.com/dp/B09WCQ89T8?tag=eloabder-20&linkCode=osi&th=1&psc=1">View Product</a></div><div class="product"><a href="https://www.amazon.com/dp/B07V5JVNFD?tag=eloabder-20&linkCode=osi&th=1&psc=1"><img src="https://m.media-amazon.com/images/I/41IS+HdtiOL._SL500_.jpg" alt="Product Image"></a><p>Lion Brand Yarn Basic Stitch Anti-Pilling Knitting Yarn, Yarn for Crocheting, 1-Pack, Baby Blue</p><p>$8.40 ($0.02 / Foot)</p><a href="https://www.amazon.com/dp/B07V5JVNFD?tag=eloabder-20&linkCode=osi&th=1&psc=1">View Product</a></div><div class="product"><a href="https://www.amazon.com/dp/B01M0AJID2?tag=eloabder-20&linkCode=osi&th=1&psc=1"><img src="https://m.media-amazon.com/images/I/41yVau0AUpL._SL500_.jpg" alt="Product Image"></a><p>Lion Brand Yarn (1 Skein) Lion Brand Yarn Babysoft Baby Yarn Yarn, Little Boy Blue Multicolor</p><p>$7.19 ($0.01 / Foot)</p><a href="https://www.amazon.com/dp/B01M0AJID2?tag=eloabder-20&linkCode=osi&th=1&psc=1">View Product</a></div><div class="product"><a href="https://www.amazon.com/dp/B09W1KHF42?tag=eloabder-20&linkCode=osi&th=1&psc=1"><img src="https://m.media-amazon.com/images/I/41maDlrio5L._SL500_.jpg" alt="Product Image"></a><p>Red Heart Super Saver Light Blue Yarn - 3 Pack of 198g/7oz - Acrylic - 4 Medium (Worsted) - 364 Yards - Knitting/Crochet</p><p>$13.29 ($4.43 / Count)</p><a href="https://www.amazon.com/dp/B09W1KHF42?tag=eloabder-20&linkCode=osi&th=1&psc=1">View Product</a></div><div class="product"><a href="https://www.amazon.com/dp/B08LKVZ3CX?tag=eloabder-20&linkCode=osi&th=1&psc=1"><img src="https://m.media-amazon.com/images/I/41GLizNx8UL._SL500_.jpg" alt="Product Image"></a><p>Bernat Baby Blanket Baby Blue Yarn - 3 Pack of 100g/3.5oz - Polyester - 6 Super Bulky - 72 Yards - Knitting/Crochet</p><p>$21.81</p><a href="https://www.amazon.com/dp/B08LKVZ3CX?tag=eloabder-20&linkCode=osi&th=1&psc=1">View Product</a></div><div class="product"><a href="https://www.amazon.com/dp/B0CHJ95WHJ?tag=eloabder-20&linkCode=osi&th=1&psc=1"><img src="https://m.media-amazon.com/images/I/314E1EQdihL._SL500_.jpg" alt="Product Image"></a><p>NORCIA Soft Velvet Yarn Chenille Yarn for Crocheting Baby Blanket Yarn for Knitting Amigurumi Yarn Fancy Yarn for Crochet Weaving Craft (Baby Blue, 1 Skein)</p><p>$9.99</p><a href="https://www.amazon.com/dp/B0CHJ95WHJ?tag=eloabder-20&linkCode=osi&th=1&psc=1">View Product</a></div>
<div class="product"><a href="https://www.amazon.com/dp/B0779F2TXJ?tag=eloabder-20&linkCode=osi&th=1&psc=1"><img src="https://m.media-amazon.com/images/I/31kqZr8DJzL._SL500_.jpg" alt="Product Image"></a><p>OPENDGO Feather Ballpoint Pen ，Black Ink Vintage Feather Quill Refined Plated Rod Quill Ballpoint Pen For School Writing ▏Wedding Gift Signature Pen (Black)</p><p>$6.97</p><a href="https://www.amazon.com/dp/B0779F2TXJ?tag=eloabder-20&linkCode=osi&th=1&psc=1">View Product</a></div><div class="product"><a href="https://www.amazon.com/dp/B0CQF3BJ3S?tag=eloabder-20&linkCode=osi&th=1&psc=1"><img src="https://m.media-amazon.com/images/I/41gs6AOiP6L._SL500_.jpg" alt="Product Image"></a><p>3 in 1 Retractable Ballpoint Pen with Light and Stylus, Nice Pens for Journaling Writing in The Dark - White/Red Light Tip- 0.7mm Black Ink</p><p>$12.99</p><a href="https://www.amazon.com/dp/B0CQF3BJ3S?tag=eloabder-20&linkCode=osi&th=1&psc=1">View Product</a></div><div class="product"><a href="https://www.amazon.com/dp/B08BBZ3B8G?tag=eloabder-20&linkCode=osi&th=1&psc=1"><img src="https://m.media-amazon.com/images/I/41cMHyw60wL._SL500_.jpg" alt="Product Image"></a><p>Mr. Pen- Pens, Black Pens, 12 Pack, Fast Dry, No Smear Pens, Bible Pens, Pens for Journaling, Pens No Bleed Through, Pens Fine Point, Journal Pens, Fine Tip, Planner Pens, Ball Point Journal Pens</p><p>$9.99</p><a href="https://www.amazon.com/dp/B08BBZ3B8G?tag=eloabder-20&linkCode=osi&th=1&psc=1">View Product</a></div><div class="product"><a href="https://www.amazon.com/dp/B0D4YWWGX6?tag=eloabder-20&linkCode=osi&th=1&psc=1"><img src="https://m.media-amazon.com/images/I/31xHBCCzJqL._SL500_.jpg" alt="Product Image"></a><p>PATIKIL 21cm/8" Feather Ballpoint Pen, 1Pcs Ink Vintage Quill Pen Refined Plated Dip Pen for Calligraphy Writing Signature Wedding Gift, Yellow</p><p>$7.49</p><a href="https://www.amazon.com/dp/B0D4YWWGX6?tag=eloabder-20&linkCode=osi&th=1&psc=1">View Product</a></div>

<div class="product"><a href="https://www.amazon.com/dp/B001TLDEVQ?tag=eloabder-20&linkCode=osi&th=1&psc=1"><img src="https://m.media-amazon.com/images/I/41jYF39F6lL._SL500_.jpg" alt="Product Image"></a><p>Beadalon SuppleMax Illusion Beading Cord, 0.40 mm / 0.016 in, Clear Monofilament, 50 m / 164 ft</p><p>$4.74</p><a href="https://www.amazon.com/dp/B001TLDEVQ?tag=eloabder-20&linkCode=osi&th=1&psc=1">View Product</a></div><div class="product"><a href="https://www.amazon.com/dp/B0D2HVFZ7Q?tag=eloabder-20&linkCode=osi&th=1&psc=1"><img src="https://m.media-amazon.com/images/I/41R66LMYz7L._SL500_.jpg" alt="Product Image"></a><p>Zxiixz 116Yards 0.5mm Bracelet String, Waxed String Cord for Bracelet Making, Beading Thread for Bracelet Beads, Friendship Bracelet String for Bracelet Making, Waxed Polyester Cord for Jewelry Making</p><p>$6.99</p><a href="https://www.amazon.com/dp/B0D2HVFZ7Q?tag=eloabder-20&linkCode=osi&th=1&psc=1">View Product</a></div><div class="product"><a href="https://www.amazon.com/dp/B07BNF8KH5?tag=eloabder-20&linkCode=osi&th=1&psc=1"><img src="https://m.media-amazon.com/images/I/51jVByheyVL._SL500_.jpg" alt="Product Image"></a><p>PH PandaHall 100 Yards 1mm Waxed Cotton Cord Thread Beading String for Bracelet Necklace Making Crafting Beading Macrame Vase Decor, Burlywood</p><p>$7.19 ($0.02 / Foot)</p><a href="https://www.amazon.com/dp/B07BNF8KH5?tag=eloabder-20&linkCode=osi&th=1&psc=1">View Product</a></div><div class="product"><a href="https://www.amazon.com/dp/B07HBPGXJG?tag=eloabder-20&linkCode=osi&th=1&psc=1"><img src="https://m.media-amazon.com/images/I/41xi8gO6kDL._SL500_.jpg" alt="Product Image"></a><p>Paxcoo 0.8mm Elastic String, Stretchy Bracelet String Crystal String Bead Cord for Bracelet, Beading and Jewelry Making (120m)</p><p>$6.99 ($0.02 / Foot)</p><a href="https://www.amazon.com/dp/B07HBPGXJG?tag=eloabder-20&linkCode=osi&th=1&psc=1">View Product</a></div><div class="product"><a href="https://www.amazon.com/dp/B0CNPST7D9?tag=eloabder-20&linkCode=osi&th=1&psc=1"><img src="https://m.media-amazon.com/images/I/41A9VISFC4L._SL500_.jpg" alt="Product Image"></a><p>Kblick Black Nylon String Cord - 1MM 100 Yards Black Twine, Bracelet String for Bracelet Making, Braided Ornament Lanyard Sting, Jewelry Thread Clay Bead String for Crafts, Macrame Satin Cord</p><p>$5.99 ($0.02 / Foot)</p><a href="https://www.amazon.com/dp/B0CNPST7D9?tag=eloabder-20&linkCode=osi&th=1&psc=1">View Product</a></div><div class="product"><a href="https://www.amazon.com/dp/B08GC3JF9X?tag=eloabder-20&linkCode=osi&th=1&psc=1"><img src="https://m.media-amazon.com/images/I/41FQZYhvQpL._SL500_.jpg" alt="Product Image"></a><p>Cheriswelry 100M 0.8mm Nylon Beading Cord Black Chinese Knotting Rattail Macrame Thread String Roll for Jewelry Making Kumihimo Wrapping Supplies DIY Crafts</p><p>$6.99 ($0.02 / Fl Oz)</p><a href="https://www.amazon.com/dp/B08GC3JF9X?tag=eloabder-20&linkCode=osi&th=1&psc=1">View Product</a></div><div class="product"><a href="https://www.amazon.com/dp/B0B3V9RWQC?tag=eloabder-20&linkCode=osi&th=1&psc=1"><img src="https://m.media-amazon.com/images/I/41F-OP+yCxL._SL500_.jpg" alt="Product Image"></a><p>Griffin Silk Bead Cord Perlseide – Black Color – Size 3 (0.50mm) – 2 Meters per Card – Stainless Steel Needle Attached – for Knotting Pearls, Gemstones, Crystals and Beads</p><p>$4.99 ($0.76 / Foot)</p><a href="https://www.amazon.com/dp/B0B3V9RWQC?tag=eloabder-20&linkCode=osi&th=1&psc=1">View Product</a></div><div class="product"><a href="https://www.amazon.com/dp/B08F49YVQP?tag=eloabder-20&linkCode=osi&th=1&psc=1"><img src="https://m.media-amazon.com/images/I/41yCMIpj0rS._SL500_.jpg" alt="Product Image"></a><p>1mm Stretchy Bracelet String, Sturdy Rainbow Elastic String Elastic Cord for Jewelry Making, Necklaces, Beading and Crafts</p><p>$6.99 ($0.04 / Foot)</p><a href="https://www.amazon.com/dp/B08F49YVQP?tag=eloabder-20&linkCode=osi&th=1&psc=1">View Product</a></div>

<div class="product"><a href="https://www.amazon.com/dp/B001GMUBJ6?tag=eloabder-20&linkCode=osi&th=1&psc=1"><img src="https://m.media-amazon.com/images/I/41V5qzn3H5L._SL500_.jpg" alt="Product Image"></a><p>The Beadsmith Fireline by Berkley – Micro-Fused Braided Thread – 6lb. Test, 006”/.15mm Diameter, 50 Yard Spool, Crystal Color – Super Strong Stringing Material for Jewelry Making and Bead Weaving</p><p>$12.59</p><a href="https://www.amazon.com/dp/B001GMUBJ6?tag=eloabder-20&linkCode=osi&th=1&psc=1">View Product</a></div><div class="product"><a href="https://www.amazon.com/dp/B001UAKK0Y?tag=eloabder-20&linkCode=osi&th=1&psc=1"><img src="https://m.media-amazon.com/images/I/41rY1D0wfuL._SL500_.jpg" alt="Product Image"></a><p>Beadalon Wildfire, 0.006 in, 0.15 mm, Break Strength 10 lb / 4.5 kg, Frost, 50 yd / 45 m</p><p>$8.85 ($0.06 / Foot)</p><a href="https://www.amazon.com/dp/B001UAKK0Y?tag=eloabder-20&linkCode=osi&th=1&psc=1">View Product</a></div><div class="product"><a href="https://www.amazon.com/dp/B095WY58F4?tag=eloabder-20&linkCode=osi&th=1&psc=1"><img src="https://m.media-amazon.com/images/I/41mXRfJqcjL._SL500_.jpg" alt="Product Image"></a><p>PH PandaHall 0.1mm Nylon Seed Bead Thread 100 Yards Black White Bracelet Cord Beading Thread Invisible Sewing Thread Nylon Braided Thread String for Leather Stitching Beading Jewelry Bracelets Making</p><p>$9.99 ($0.03 / Foot)</p><a href="https://www.amazon.com/dp/B095WY58F4?tag=eloabder-20&linkCode=osi&th=1&psc=1">View Product</a></div><div class="product"><a href="https://www.amazon.com/dp/B08RN2R2SZ?tag=eloabder-20&linkCode=osi&th=1&psc=1"><img src="https://m.media-amazon.com/images/I/41Tg2MMC++L._SL500_.jpg" alt="Product Image"></a><p>KO Nylon Beading Thread, White Color, Japanese Pre-Waxed 100% Nylon, 330TEX, Tangle Resistant Knotting Cords, 50m /55 yds Spool, Use for Seed Bead Projects, Loom Work & Bead Weaving</p><p>$7.06 ($0.04 / Foot)</p><a href="https://www.amazon.com/dp/B08RN2R2SZ?tag=eloabder-20&linkCode=osi&th=1&psc=1">View Product</a></div><div class="product"><a href="https://www.amazon.com/dp/B09J89ST79?tag=eloabder-20&linkCode=osi&th=1&psc=1"><img src="https://m.media-amazon.com/images/I/41hLuuOZeXL._SL500_.jpg" alt="Product Image"></a><p>2 Roll Polyester Thread, Heavy Duty Thread, 1500Yard/Reel 210D/3 nylon thread for sewing, Sewing Thread for Upholstery, Outdoor Market, Drapery, Leather, Beading, Crafts</p><p>$7.99 ($0.00 / Foot)</p><a href="https://www.amazon.com/dp/B09J89ST79?tag=eloabder-20&linkCode=osi&th=1&psc=1">View Product</a></div><div class="product"><a href="https://www.amazon.com/dp/B0C6MSY7QQ?tag=eloabder-20&linkCode=osi&th=1&psc=1"><img src="https://m.media-amazon.com/images/I/31Bn-MyA62L._SL500_.jpg" alt="Product Image"></a><p>PH PandaHall 0.1mm Nylon String 100 Yards Beading Thread White Nylon Seed Bead Thread Bracelet Beading Thread Sewing String for Leather Stitching Beading Jewelry Bracelets Making</p><p>$7.99 ($0.03 / Foot)</p><a href="https://www.amazon.com/dp/B0C6MSY7QQ?tag=eloabder-20&linkCode=osi&th=1&psc=1">View Product</a></div>

<div class="product"><a href="https://www.amazon.com/dp/B07NMNDT1W?tag=eloabder-20&linkCode=osi&th=1&psc=1"><img src="https://m.media-amazon.com/images/I/41-zwQIcVcL._SL500_.jpg" alt="Product Image"></a><p>Howemon White Beeswax Pellets 2LB 100% Pure and Natural Triple Filtered for Skin, Face, Body and Hair Care DIY Creams, Lotions, Lip Balm and Soap Making Supplies</p><p>$13.99 ($0.44 / Fl Oz)</p><a href="https://www.amazon.com/dp/B07NMNDT1W?tag=eloabder-20&linkCode=osi&th=1&psc=1">View Product</a></div><div class="product"><a href="https://www.amazon.com/dp/B00B3U0FW4?tag=eloabder-20&linkCode=osi&th=1&psc=1"><img src="https://m.media-amazon.com/images/I/51rWFCST+TL._SL500_.jpg" alt="Product Image"></a><p>Beesworks Yellow Beeswax Pellets (1 lb) | 100% Pure, Cosmetic Grade, Triple-Filtered Beeswax for DIY Skin care, Lip Balm, Lotion, and Candle Making</p><p>$13.99 ($0.87 / Ounce)</p><a href="https://www.amazon.com/dp/B00B3U0FW4?tag=eloabder-20&linkCode=osi&th=1&psc=1">View Product</a></div><div class="product"><a href="https://www.amazon.com/dp/B01LWX2IO1?tag=eloabder-20&linkCode=osi&th=1&psc=1"><img src="https://m.media-amazon.com/images/I/41MlNqhDyCL._SL500_.jpg" alt="Product Image"></a><p>Beesworks Yellow Beeswax Bars (6 oz) | 100% Pure, Cosmetic Grade, Triple-Filtered Beeswax for DIY Skin Care, Lip Balm, Lotion and Candle Making (1 oz Bars - Pack of 6)</p><p>$6.99</p><a href="https://www.amazon.com/dp/B01LWX2IO1?tag=eloabder-20&linkCode=osi&th=1&psc=1">View Product</a></div><div class="product"><a href="https://www.amazon.com/dp/B0BV77F19N?tag=eloabder-20&linkCode=osi&th=1&psc=1"><img src="https://m.media-amazon.com/images/I/41xzHaO1-EL._SL500_.jpg" alt="Product Image"></a><p>Beeswax Pellets 10LB Cosmetic Beeswax Triple Filtered Beeswax Pastilles for Candle Making Great for DIY Projects Creams Lotions Lip Balm and Soap Making Supplies(10LB)</p><p>$32.99</p><a href="https://www.amazon.com/dp/B0BV77F19N?tag=eloabder-20&linkCode=osi&th=1&psc=1">View Product</a></div><div class="product"><a href="https://www.amazon.com/dp/B0C9QSG3CY?tag=eloabder-20&linkCode=osi&th=1&psc=1"><img src="https://m.media-amazon.com/images/I/414XQcU6SRL._SL500_.jpg" alt="Product Image"></a><p>YASNAY White Beeswax Pellets 2LB, 100% Organic Beeswax, Beeswax for Candle Making, Body, Skin Care DIY, Lip Balm and Soap Making Supplies</p><p>$11.99</p><a href="https://www.amazon.com/dp/B0C9QSG3CY?tag=eloabder-20&linkCode=osi&th=1&psc=1">View Product</a></div><div class="product"><a href="https://www.amazon.com/dp/B097HTC4WN?tag=eloabder-20&linkCode=osi&th=1&psc=1"><img src="https://m.media-amazon.com/images/I/51pwMM7C6-L._SL500_.jpg" alt="Product Image"></a><p>Eco Lux 8 Yellow Beeswax Blocks 100% Pure Natural Organic Bees Wax 6.5oz</p><p>$8.49 ($1.35 / Ounce)</p><a href="https://www.amazon.com/dp/B097HTC4WN?tag=eloabder-20&linkCode=osi&th=1&psc=1">View Product</a></div><div class="product"><a href="https://www.amazon.com/dp/B00HDHQQCE?tag=eloabder-20&linkCode=osi&th=1&psc=1"><img src="https://m.media-amazon.com/images/I/41vF-7MwNhL._SL500_.jpg" alt="Product Image"></a><p>Murray's 100% Pure Beeswax 4 oz</p><p>$5.98 ($1.50 / Ounce)</p><a href="https://www.amazon.com/dp/B00HDHQQCE?tag=eloabder-20&linkCode=osi&th=1&psc=1">View Product</a></div><div class="product"><a href="https://www.amazon.com/dp/B09YM8JTLM?tag=eloabder-20&linkCode=osi&th=1&psc=1"><img src="https://m.media-amazon.com/images/I/41cjNuBnFEL._SL500_.jpg" alt="Product Image"></a><p>TRINIDa Beeswax Pellets 2LB(32 oz), 100% Organic Yellow Bees Wax for DIY Candles, Beeswax for Candle Making, Skin, Body, Face, and Hair Care, Lotions, DIY Creams, Lip Balm and Soap Making Supplies</p><p>$11.99</p><a href="https://www.amazon.com/dp/B09YM8JTLM?tag=eloabder-20&linkCode=osi&th=1&psc=1">View Product</a></div><div class="product"><a href="https://www.amazon.com/dp/B00F3CNMV4?tag=eloabder-20&linkCode=osi&th=1&psc=1"><img src="https://m.media-amazon.com/images/I/31pjrRAEa4L._SL500_.jpg" alt="Product Image"></a><p>Stakich Yellow Beeswax Block - Natural, Triple Filtered - 1 Pound, Honey Scent</p><p>$13.95 ($0.87 / Ounce)</p><a href="https://www.amazon.com/dp/B00F3CNMV4?tag=eloabder-20&linkCode=osi&th=1&psc=1">View Product</a></div><div class="product"><a href="https://www.amazon.com/dp/B0BXFZBZS9?tag=eloabder-20&linkCode=osi&th=1&psc=1"><img src="https://m.media-amazon.com/images/I/4178i9IB9KL._SL500_.jpg" alt="Product Image"></a><p>5LB Beeswax Pellets Beeswax for Candle Making Organic Beeswax Pellets for Skin Beeswax Beads Beeswax Bulk Beeswax for Lotion Making Organic for DIY and Craft Project</p><p>$22.99</p><a href="https://www.amazon.com/dp/B0BXFZBZS9?tag=eloabder-20&linkCode=osi&th=1&psc=1">View Product</a></div>
<div class="product"><a href="https://www.amazon.com/dp/B0052F1BVK?tag=eloabder-20&linkCode=osi&th=1&psc=1"><img src="https://m.media-amazon.com/images/I/41zE9eiGoLL._SL500_.jpg" alt="Product Image"></a><p>ACC Staples Large Binder Clips, 2" Width, 1" Capacity, Black, 12/Pk</p><p>$6.30</p><a href="https://www.amazon.com/dp/B0052F1BVK?tag=eloabder-20&linkCode=osi&th=1&psc=1">View Product</a></div><div class="product"><a href="https://www.amazon.com/dp/B07MLFR771?tag=eloabder-20&linkCode=osi&th=1&psc=1"><img src="https://m.media-amazon.com/images/I/51N2wxA7N0L._SL500_.jpg" alt="Product Image"></a><p>CooBigo 50 Pack Binder Ring, Metal Book Ring Paper Ring Holder 5/8-Inch Loose Leaf Binder Ring Clip for Index Card, Flash Card Ring, Card Calendar, Keychain Key Ring - Bronze</p><p>$6.99</p><a href="https://www.amazon.com/dp/B07MLFR771?tag=eloabder-20&linkCode=osi&th=1&psc=1">View Product</a></div><div class="product"><a href="https://www.amazon.com/dp/B01563NHGY?tag=eloabder-20&linkCode=osi&th=1&psc=1"><img src="https://m.media-amazon.com/images/I/41gj+0ZftqL._SL500_.jpg" alt="Product Image"></a><p>vanki Pack of 40 Cute Lovely Smiling Face Spring-Loaded File Organizer Paper Holder Metal Binder Clips, Assorted Color</p><p>$8.99</p><a href="https://www.amazon.com/dp/B01563NHGY?tag=eloabder-20&linkCode=osi&th=1&psc=1">View Product</a></div><div class="product"><a href="https://www.amazon.com/dp/B000GOUDSO?tag=eloabder-20&linkCode=osi&th=1&psc=1"><img src="https://m.media-amazon.com/images/I/41ZANISHgML._SL500_.jpg" alt="Product Image"></a><p>Small Binder Clips .75" 8/Pkg-Assorted Colors</p><p>$4.46</p><a href="https://www.amazon.com/dp/B000GOUDSO?tag=eloabder-20&linkCode=osi&th=1&psc=1">View Product</a></div>
<div class="product"><a href="https://www.amazon.com/dp/B07PRPX4VR?tag=eloabder-20&linkCode=osi&th=1&psc=1"><img src="https://m.media-amazon.com/images/I/41IMH12fdPL._SL500_.jpg" alt="Product Image"></a><p>Durable Sheet Lifters, Durable Easy Flow, 11" x 3", Lifts Sheets Over Rings and Protects Sheets from Tearing, Fit Standard 3-Ring Binders, Black (20 Pack)</p><p>$14.99</p><a href="https://www.amazon.com/dp/B07PRPX4VR?tag=eloabder-20&linkCode=osi&th=1&psc=1">View Product</a></div><div class="product"><a href="https://www.amazon.com/dp/B0CM8QJHFW?tag=eloabder-20&linkCode=osi&th=1&psc=1"><img src="https://m.media-amazon.com/images/I/31cJGS74oCL._SL500_.jpg" alt="Product Image"></a><p>Wantane D-Shaped Tape Storage Ring Tape Storage Ring 4" D-Shaped Washi Tape Storage Ring for DIY Decoration and Storage（Nickel）-2PCS</p><p>$7.99</p><a href="https://www.amazon.com/dp/B0CM8QJHFW?tag=eloabder-20&linkCode=osi&th=1&psc=1">View Product</a></div>
<div class="product"><a href="https://www.amazon.com/dp/B00006IAS3?tag=eloabder-20&linkCode=osi&th=1&psc=1"><img src="https://m.media-amazon.com/images/I/317DvSXhT1L._SL500_.jpg" alt="Product Image"></a><p>GBC Binding System, Manual, Desktop Binding Punch, 6 Sheet Punch Capacity, ProClick P50 (2515650)</p><p>$123.89</p><a href="https://www.amazon.com/dp/B00006IAS3?tag=eloabder-20&linkCode=osi&th=1&psc=1">View Product</a></div><div class="product"><a href="https://www.amazon.com/dp/B004BP81KQ?tag=eloabder-20&linkCode=osi&th=1&psc=1"><img src="https://m.media-amazon.com/images/I/51SqfeZ12KL._SL500_.jpg" alt="Product Image"></a><p>We R Memory Keepers Cinch Book Binding Wire (1-Inch, Silver (2 Pack))</p><p>$5.99</p><a href="https://www.amazon.com/dp/B004BP81KQ?tag=eloabder-20&linkCode=osi&th=1&psc=1">View Product</a></div>

<div class="product"><a href="https://www.amazon.com/dp/B0007ZJ8TM?tag=eloabder-20&linkCode=osi&th=1&psc=1"><img src="https://m.media-amazon.com/images/I/41i49sz3UAL._SL500_.jpg" alt="Product Image"></a><p>Speedball Super Black India Ink, 2-Ounce</p><p>$9.99 ($9.99 / Count)</p><a href="https://www.amazon.com/dp/B0007ZJ8TM?tag=eloabder-20&linkCode=osi&th=1&psc=1">View Product</a></div><div class="product"><a href="https://www.amazon.com/dp/B0026I10AI?tag=eloabder-20&linkCode=osi&th=1&psc=1"><img src="https://m.media-amazon.com/images/I/31vklP4uBsL._SL500_.jpg" alt="Product Image"></a><p>Dr. Ph. Martin's Bombay India (7BY) Ink Bottle, 1.0 oz, Black</p><p>$6.99</p><a href="https://www.amazon.com/dp/B0026I10AI?tag=eloabder-20&linkCode=osi&th=1&psc=1">View Product</a></div><div class="product"><a href="https://www.amazon.com/dp/B000KNP96C?tag=eloabder-20&linkCode=osi&th=1&psc=1"><img src="https://m.media-amazon.com/images/I/51e9srYtG0L._SL500_.jpg" alt="Product Image"></a><p>Winsor & Newton Drawing Ink, 14ml Bottle, Black Indian</p><p>$10.99</p><a href="https://www.amazon.com/dp/B000KNP96C?tag=eloabder-20&linkCode=osi&th=1&psc=1">View Product</a></div><div class="product"><a href="https://www.amazon.com/dp/B07BQG5QF4?tag=eloabder-20&linkCode=osi&th=1&psc=1"><img src="https://m.media-amazon.com/images/I/41nEMDYZaiL._SL500_.jpg" alt="Product Image"></a><p>Speedball Super Black India Ink, 16-Ounce</p><p>$19.99</p><a href="https://www.amazon.com/dp/B07BQG5QF4?tag=eloabder-20&linkCode=osi&th=1&psc=1">View Product</a></div><div class="product"><a href="https://www.amazon.com/dp/B001038NLY?tag=eloabder-20&linkCode=osi&th=1&psc=1"><img src="https://m.media-amazon.com/images/I/418i4sxJJ0L._SL500_.jpg" alt="Product Image"></a><p>Speedball Fabric Screen Printing Ink, 8-Ounce, Black for T-Shirt and Silkscreen Printmaking</p><p>$12.99 ($1.62 / Fl Oz)</p><a href="https://www.amazon.com/dp/B001038NLY?tag=eloabder-20&linkCode=osi&th=1&psc=1">View Product</a></div><div class="product"><a href="https://www.amazon.com/dp/B00161OPSA?tag=eloabder-20&linkCode=osi&th=1&psc=1"><img src="https://m.media-amazon.com/images/I/41C32y3CJAL._SL500_.jpg" alt="Product Image"></a><p>Tsukineko VersaFine inkpad, Full-Size, Onyx Black</p><p>$4.99 ($4.99 / Count)</p><a href="https://www.amazon.com/dp/B00161OPSA?tag=eloabder-20&linkCode=osi&th=1&psc=1">View Product</a></div>
<div class="product"><a href="https://www.amazon.com/dp/B07Q4TJCDJ?tag=eloabder-20&linkCode=osi&th=1&psc=1"><img src="https://m.media-amazon.com/images/I/315HYvYg-BL._SL500_.jpg" alt="Product Image"></a><p>Primbeeks 300pcs Blank Business Cards, Premium Blank White Cards, 3.5" x 2.2" Small Blank Cards, Blank Cardstock Cards, Small Note Cards, white blank cards, white business cards, kraft paper cards</p><p>$7.99</p><a href="https://www.amazon.com/dp/B07Q4TJCDJ?tag=eloabder-20&linkCode=osi&th=1&psc=1">View Product</a></div><div class="product"><a href="https://www.amazon.com/dp/B0CRGHFLT8?tag=eloabder-20&linkCode=osi&th=1&psc=1"><img src="https://m.media-amazon.com/images/I/41S1NLpb8hL._SL500_.jpg" alt="Product Image"></a><p>Watercolor Cards and Envelopes Set - 50 Folded 5x7 Inch Blank Heavyweight Paper Cards (140lb/300gsm) with Matching Envelopes for DIY Greeting Cards, Festivals, and Events</p><p>$17.99 ($0.36 / Count)</p><a href="https://www.amazon.com/dp/B0CRGHFLT8?tag=eloabder-20&linkCode=osi&th=1&psc=1">View Product</a></div><div class="product"><a href="https://www.amazon.com/dp/B08MX4TZ3H?tag=eloabder-20&linkCode=osi&th=1&psc=1"><img src="https://m.media-amazon.com/images/I/41D2u4vdLQL._SL500_.jpg" alt="Product Image"></a><p>50 Pack Blank Kraft Cards Cardstock Thick Paper Brown Greeting Cards for DIY Gift Card Menus, Baby Shower and Wedding Invitations (Multicolored, 5x7IN)</p><p>$8.99</p><a href="https://www.amazon.com/dp/B08MX4TZ3H?tag=eloabder-20&linkCode=osi&th=1&psc=1">View Product</a></div><div class="product"><a href="https://www.amazon.com/dp/B08BDGGVMK?tag=eloabder-20&linkCode=osi&th=1&psc=1"><img src="https://m.media-amazon.com/images/I/41W-dTUoBqL._SL500_.jpg" alt="Product Image"></a><p>100pcs 3.54"x2" Blank Kraft Paper Business Card, Words Message Notes paper Tags, Mini Craft Cardboard Festival gifts - 6 colors</p><p>$5.98</p><a href="https://www.amazon.com/dp/B08BDGGVMK?tag=eloabder-20&linkCode=osi&th=1&psc=1">View Product</a></div><div class="product"><a href="https://www.amazon.com/dp/B08BFDJJ78?tag=eloabder-20&linkCode=osi&th=1&psc=1"><img src="https://m.media-amazon.com/images/I/61LZ1Csb+dL._SL500_.jpg" alt="Product Image"></a><p>Nettbe 100pcs 3.54"x2" Blank Kraft Paper Business Card, Words Message Notes paper Tags, Mini Craft Cardboard Festival gifts</p><p>$5.99</p><a href="https://www.amazon.com/dp/B08BFDJJ78?tag=eloabder-20&linkCode=osi&th=1&psc=1">View Product</a></div><div class="product"><a href="https://www.amazon.com/dp/B07Q8YBJM3?tag=eloabder-20&linkCode=osi&th=1&psc=1"><img src="https://m.media-amazon.com/images/I/31w6U4cCqEL._SL500_.jpg" alt="Product Image"></a><p>Primbeeks 228pcs Blank Business Cards, Premium Blank White Cards, 3.5" x 2.2" Small Blank Cards, Blank Cardstock Cards, Small Note Cards, white blank cards, white business cards, kraft paper cards</p><p>$5.99</p><a href="https://www.amazon.com/dp/B07Q8YBJM3?tag=eloabder-20&linkCode=osi&th=1&psc=1">View Product</a></div><div class="product"><a href="https://www.amazon.com/dp/B08X4Z9TGN?tag=eloabder-20&linkCode=osi&th=1&psc=1"><img src="https://m.media-amazon.com/images/I/41Jqhe35tDL._SL500_.jpg" alt="Product Image"></a><p>321Done Blank Rustic Cards, Made in USA - 4x6 Thick, Heavy Cardstock - Make Invites, Greeting, Note, Thank You Cards - Plain Kraft for Writing, Stamping, Printing, Art - No Envelopes - Set of 50</p><p>$14.99</p><a href="https://www.amazon.com/dp/B08X4Z9TGN?tag=eloabder-20&linkCode=osi&th=1&psc=1">View Product</a></div><div class="product"><a href="https://www.amazon.com/dp/B0D2KDWBNM?tag=eloabder-20&linkCode=osi&th=1&psc=1"><img src="https://m.media-amazon.com/images/I/31dAhnBJ7aL._SL500_.jpg" alt="Product Image"></a><p>4x6 Blank White Cardstock (Set of 100) - Card Stock for Printer Postcards, Photo Paper Invitations, Greeting, Note, Thank You, DIY Making, Index Cards - Plain for Writing, Stamping, Printing, Art</p><p>$8.99</p><a href="https://www.amazon.com/dp/B0D2KDWBNM?tag=eloabder-20&linkCode=osi&th=1&psc=1">View Product</a></div><div class="product"><a href="https://www.amazon.com/dp/B0BB858RYN?tag=eloabder-20&linkCode=osi&th=1&psc=1"><img src="https://m.media-amazon.com/images/I/317zmriPKNL._SL500_.jpg" alt="Product Image"></a><p>WANDERINGS Handmade White Deckle Edge Blank Greeting Cards- Folded to 5x7” - Pack of 25 - Writers, Artists, Crafters - Thank Yous, Invitations, Menus, Greeting Cards, Notes - Thick 150 GSM</p><p>$21.99 ($0.88 / Count)</p><a href="https://www.amazon.com/dp/B0BB858RYN?tag=eloabder-20&linkCode=osi&th=1&psc=1">View Product</a></div><div class="product"><a href="https://www.amazon.com/dp/B0BZPPXRZW?tag=eloabder-20&linkCode=osi&th=1&psc=1"><img src="https://m.media-amazon.com/images/I/21Da-WQhrpL._SL500_.jpg" alt="Product Image"></a><p>100 Pack Thick Paper Cardstock Blank Heavy Cards Stock for Invitations, Greeting Cards Making, Postcards, Photos, 250GSM Thick Paper (White, 2x3.5 inches)</p><p>$5.99</p><a href="https://www.amazon.com/dp/B0BZPPXRZW?tag=eloabder-20&linkCode=osi&th=1&psc=1">View Product</a></div>
<div class="product"><a href="https://www.amazon.com/dp/B0BZRDQKH6?tag=eloabder-20&linkCode=osi&th=1&psc=1"><img src="https://m.media-amazon.com/images/I/41GYYRiusgL._SL500_.jpg" alt="Product Image"></a><p>feela 8 Pack Unlined Kraft Paper Notebooks, Blank Journal Note Pad for Drawing Writing, Small Sketchbook Travel Journal Bulk for Women Kids Students Office School Supplies, A5, 60 Pages, 8.3” X 5.5”</p><p>$9.99</p><a href="https://www.amazon.com/dp/B0BZRDQKH6?tag=eloabder-20&linkCode=osi&th=1&psc=1">View Product</a></div><div class="product"><a href="https://www.amazon.com/dp/B0BXLB74KK?tag=eloabder-20&linkCode=osi&th=1&psc=1"><img src="https://m.media-amazon.com/images/I/313vYzg7HpL._SL500_.jpg" alt="Product Image"></a><p>ZZTX 4 Pack Blank Kraft Notebooks, Blank Paper Sketchbooks for Drawing Doodling Writing,Travel Journal Set, A5, 36 Pages, 8.3” X 5.5”</p><p>$5.99</p><a href="https://www.amazon.com/dp/B0BXLB74KK?tag=eloabder-20&linkCode=osi&th=1&psc=1">View Product</a></div><div class="product"><a href="https://www.amazon.com/dp/B0BW5TNPXJ?tag=eloabder-20&linkCode=osi&th=1&psc=1"><img src="https://m.media-amazon.com/images/I/31Wu8UP78iL._SL500_.jpg" alt="Product Image"></a><p>EOOUT Kraft Notebooks, Blank Page Journals in Bulk, 16pcs A5, 8.3 X 5.5 Inches, 60 Pages, 80gsm, Travel Journal Set, for Art Camp, Travelers, Students and Office Supplies Sketchbooks Bulk for Kids</p><p>$15.99</p><a href="https://www.amazon.com/dp/B0BW5TNPXJ?tag=eloabder-20&linkCode=osi&th=1&psc=1">View Product</a></div><div class="product"><a href="https://www.amazon.com/dp/B08P3F46SD?tag=eloabder-20&linkCode=osi&th=1&psc=1"><img src="https://m.media-amazon.com/images/I/41jeBDcZJ1L._SL500_.jpg" alt="Product Image"></a><p>Krafty Soft Cover Blank Notebook Journal, Spiral Sketchbook Pad, Drawing Book, 60 Sheets/140gsm (A4)/120 Pages</p><p>$7.99</p><a href="https://www.amazon.com/dp/B08P3F46SD?tag=eloabder-20&linkCode=osi&th=1&psc=1">View Product</a></div><div class="product"><a href="https://www.amazon.com/dp/B0CWNPMC4T?tag=eloabder-20&linkCode=osi&th=1&psc=1"><img src="https://m.media-amazon.com/images/I/31BZeVGe6TL._SL500_.jpg" alt="Product Image"></a><p>zmybcpack 5 Pack Blank Journal Notebooks, Blank Paper Sketchbook for Drawing Writing, Travel Journal Notebook Kraft Paper Notebook for Travelers, Students, Office, A5, 8.26” x 5.5”, 60 Pages/30 Sheets</p><p>$8.99</p><a href="https://www.amazon.com/dp/B0CWNPMC4T?tag=eloabder-20&linkCode=osi&th=1&psc=1">View Product</a></div><div class="product"><a href="https://www.amazon.com/dp/B07WHYP9WN?tag=eloabder-20&linkCode=osi&th=1&psc=1"><img src="https://m.media-amazon.com/images/I/41ZhyCux1yL._SL500_.jpg" alt="Product Image"></a><p>Thick Blank Journal Notebook with Unlined / Unruled / Plain Pages | Deluxe 120gsm Ink Resistant Paper for Writing, Sketch Book, 160 Pages | Hardcover Sketchbook with Pen Holder, Pocket, Ribbon (Black)</p><p>$14.99</p><a href="https://www.amazon.com/dp/B07WHYP9WN?tag=eloabder-20&linkCode=osi&th=1&psc=1">View Product</a></div>
<div class="product"><a href="https://www.amazon.com/dp/B07MT7HKZW?tag=eloabder-20&linkCode=osi&th=1&psc=1"><img src="https://m.media-amazon.com/images/I/413JwH5JREL._SL500_.jpg" alt="Product Image"></a><p>Spiral Sketch Book Large Notebook（Built-in Drawing Board） Kraft Cover Blank Sketch Pad Wirebound Sketching for Drawing Painting 8.5x11-Inch (2 Pack) 200 Sheets, 100 Sheets, 200Pages Each</p><p>$17.99 ($9.00 / Count)</p><a href="https://www.amazon.com/dp/B07MT7HKZW?tag=eloabder-20&linkCode=osi&th=1&psc=1">View Product</a></div><div class="product"><a href="https://www.amazon.com/dp/B0BDQ82WB9?tag=eloabder-20&linkCode=osi&th=1&psc=1"><img src="https://m.media-amazon.com/images/I/51FoWr3GPwL._SL500_.jpg" alt="Product Image"></a><p>feela 170 Pack Blank Kraft Notebooks, Unlined Sketchbook Mini Cute Note Pad for Drawing Writing, Journal Bulk For Kids Students Office School Supplies, A6, 48 Pages, 4.25” X 5.5”, Black and Brown</p><p>$51.99</p><a href="https://www.amazon.com/dp/B0BDQ82WB9?tag=eloabder-20&linkCode=osi&th=1&psc=1">View Product</a></div><div class="product"><a href="https://www.amazon.com/dp/B0B3WWHWT2?tag=eloabder-20&linkCode=osi&th=1&psc=1"><img src="https://m.media-amazon.com/images/I/31m0FzXtPxL._SL500_.jpg" alt="Product Image"></a><p>Tamaki 6 Pack Colorful Blank Books for kids to Write, Drawing, Cute Sketchbook for Kid, 6 Colors (4.25 x 5.5 Inches)</p><p>$6.99</p><a href="https://www.amazon.com/dp/B0B3WWHWT2?tag=eloabder-20&linkCode=osi&th=1&psc=1">View Product</a></div>
<div class="product"><a href="https://www.amazon.com/dp/B0BGH2P9M6?tag=eloabder-20&linkCode=osi&th=1&psc=1"><img src="https://m.media-amazon.com/images/I/41ozOaYoHEL._SL500_.jpg" alt="Product Image"></a><p>EOOUT 100pcs A5 Kraft Notebooks, Blank Page Journals in Bulk, Sketchbooks Bulk for Kids, 60 Pages, 80GSM, 8.3 X 5.5 Inch, Travel Journal Set, for Art Camp, Travelers, Students and Office Supplies</p><p>$51.99</p><a href="https://www.amazon.com/dp/B0BGH2P9M6?tag=eloabder-20&linkCode=osi&th=1&psc=1">View Product</a></div><div class="product"><a href="https://www.amazon.com/dp/B07MT99F94?tag=eloabder-20&linkCode=osi&th=1&psc=1"><img src="https://m.media-amazon.com/images/I/41Ug7gpSWDL._SL500_.jpg" alt="Product Image"></a><p>Spiral Sketch Book Large Notebook（Built-in Drawing Board） Kraft Cover Blank Sketch Pad Wirebound Sketching for Drawing Painting 8.5x11-Inch (1 Pack) 200 Pages, 100 Sheets</p><p>$9.99</p><a href="https://www.amazon.com/dp/B07MT99F94?tag=eloabder-20&linkCode=osi&th=1&psc=1">View Product</a></div><div class="product"><a href="https://www.amazon.com/dp/B07CM32KLM?tag=eloabder-20&linkCode=osi&th=1&psc=1"><img src="https://m.media-amazon.com/images/I/41ENhBLE9DL._SL500_.jpg" alt="Product Image"></a><p>Kraft Cover Drawing Notebook & Sketchbook – Set of 2 Blank Plain Sketch Books – 125g Thick Paper A5 Size, 150x210mm Paper Ideal for Drawing & Sketching- 128 sheets/256 pages – 180 Degree Opening, 2pcs</p><p>$20.99 ($0.08 / Count)</p><a href="https://www.amazon.com/dp/B07CM32KLM?tag=eloabder-20&linkCode=osi&th=1&psc=1">View Product</a></div><div class="product"><a href="https://www.amazon.com/dp/B08ZLMLF7C?tag=eloabder-20&linkCode=osi&th=1&psc=1"><img src="https://m.media-amazon.com/images/I/41X-5yj83vL._SL500_.jpg" alt="Product Image"></a><p>BEECHMORE BOOKS Sketch Book, A4 8.5 x 11.5 inch Blank Sketchbook for Drawing, Paint and Draw, 156 Pages Thick Paper 160gsm, Hardcover Leather Art Notebook, Boxed for Gifts (Chestnut Brown)</p><p>$21.20</p><a href="https://www.amazon.com/dp/B08ZLMLF7C?tag=eloabder-20&linkCode=osi&th=1&psc=1">View Product</a></div>
<div class="product"><a href="https://www.amazon.com/dp/B075M9MSFH?tag=eloabder-20&linkCode=osi&th=1&psc=1"><img src="https://m.media-amazon.com/images/I/51x+szTX6TL._SL500_.jpg" alt="Product Image"></a><p>Bianyo Bleedproof Marker Paper Pad, A4(8.27"X11.69"), 50 Sheets, 18 LB / 70 GSM, Glue-Bound, 100% Cotton, White, Ideal for Use with Markers and Ink Mediums</p><p>$9.99</p><a href="https://www.amazon.com/dp/B075M9MSFH?tag=eloabder-20&linkCode=osi&th=1&psc=1">View Product</a></div><div class="product"><a href="https://www.amazon.com/dp/B08FX5S2NL?tag=eloabder-20&linkCode=osi&th=1&psc=1"><img src="https://m.media-amazon.com/images/I/41CA0ZfazKL._SL500_.jpg" alt="Product Image"></a><p>Marker Paper Sketchbook, Bleedproof Art Marker Pad, (8.27 X 11.69) Inch, White, 40 Sheets</p><p>$6.99</p><a href="https://www.amazon.com/dp/B08FX5S2NL?tag=eloabder-20&linkCode=osi&th=1&psc=1">View Product</a></div><div class="product"><a href="https://www.amazon.com/dp/B0CJRBFSJ8?tag=eloabder-20&linkCode=osi&th=1&psc=1"><img src="https://m.media-amazon.com/images/I/51DLA8TpwEL._SL500_.jpg" alt="Product Image"></a><p>Shuttle Art Marker Pad, 8.3”x8.9” Portable Square Sketchbook, 80 Sheets Marker Drawing Paper, 120LB/200GSM Bleedproof Art Paper, Spiral-Bound, Great for Professional Artist to Draw, Paint & Sketch</p><p>$16.99</p><a href="https://www.amazon.com/dp/B0CJRBFSJ8?tag=eloabder-20&linkCode=osi&th=1&psc=1">View Product</a></div><div class="product"><a href="https://www.amazon.com/dp/B09N7VX5Z5?tag=eloabder-20&linkCode=osi&th=1&psc=1"><img src="https://m.media-amazon.com/images/I/51xCPs9HZyL._SL500_.jpg" alt="Product Image"></a><p>Marker Paper Sketchbook - Marker Sketchbook with Bleedproof Smooth Coated Art Paper, 120 GSM 80 LBS - Marker Pad for Alcohol Markers, Sketching, Drawing - 8.11 x 8.5 Inch | 50 Sheets, 2 Pack</p><p>$15.99 ($8.00 / Count)</p><a href="https://www.amazon.com/dp/B09N7VX5Z5?tag=eloabder-20&linkCode=osi&th=1&psc=1">View Product</a></div><div class="product"><a href="https://www.amazon.com/dp/B07CK94W9T?tag=eloabder-20&linkCode=osi&th=1&psc=1"><img src="https://m.media-amazon.com/images/I/41ocoSNDjdL._SL500_.jpg" alt="Product Image"></a><p>BOXUN Premium 50 Sheets Sketch Marker Paper Pad, Bleedproof Artist Drawing Paper, 8.27 x 11.69 Inch</p><p>$8.29 ($0.17 / Count)</p><a href="https://www.amazon.com/dp/B07CK94W9T?tag=eloabder-20&linkCode=osi&th=1&psc=1">View Product</a></div><div class="product"><a href="https://www.amazon.com/dp/B0CPXWD11W?tag=eloabder-20&linkCode=osi&th=1&psc=1"><img src="https://m.media-amazon.com/images/I/51ApKzpDVNL._SL500_.jpg" alt="Product Image"></a><p>FEITAKE Marker Paper Pad Sketchbook Bleedproof for Alcohol Markers 120lb/200gsm Double Sided Thick Art Drawing Papers 60pages (30Sheets) / A4(8.3"x11.7") Gift for Artists Students Kids</p><p>$13.99 ($0.47 / Count)</p><a href="https://www.amazon.com/dp/B0CPXWD11W?tag=eloabder-20&linkCode=osi&th=1&psc=1">View Product</a></div><div class="product"><a href="https://www.amazon.com/dp/B0025TWYW6?tag=eloabder-20&linkCode=osi&th=1&psc=1"><img src="https://m.media-amazon.com/images/I/51t6UkUHCvL._SL500_.jpg" alt="Product Image"></a><p>Bee Paper Bleedproof Marker Pack, 8-1/2-Inch by 11-Inch, 50 Sheets per Pack</p><p>$17.09 ($0.34 / Count)</p><a href="https://www.amazon.com/dp/B0025TWYW6?tag=eloabder-20&linkCode=osi&th=1&psc=1">View Product</a></div><div class="product"><a href="https://www.amazon.com/dp/B0CJRBYYQB?tag=eloabder-20&linkCode=osi&th=1&psc=1"><img src="https://m.media-amazon.com/images/I/41knBnjZ25L._SL500_.jpg" alt="Product Image"></a><p>Shuttle Art Marker Pad, 8.3”x7.67” Portable Square Sketchbook, 50 Sheets Marker Drawing Paper, 60LB/90GSM Smooth Surface Bleedproof Art Paper, Glue-Bound, Great for Beginners to Draw, Paint & Sketch</p><p>$8.99 ($0.18 / Count)</p><a href="https://www.amazon.com/dp/B0CJRBYYQB?tag=eloabder-20&linkCode=osi&th=1&psc=1">View Product</a></div>
<div class="product"><a href="https://www.amazon.com/dp/B00881IU8M?tag=eloabder-20&linkCode=osi&th=1&psc=1"><img src="https://m.media-amazon.com/images/I/41hbSgdLBtL._SL500_.jpg" alt="Product Image"></a><p>Speedball Fabric & Paper Block Printing Ink 6-Color Set, 1.25-Ounce x 6</p><p>$28.99 ($28.99 / Count)</p><a href="https://www.amazon.com/dp/B00881IU8M?tag=eloabder-20&linkCode=osi&th=1&psc=1">View Product</a></div><div class="product"><a href="https://www.amazon.com/dp/B000J09PFM?tag=eloabder-20&linkCode=osi&th=1&psc=1"><img src="https://m.media-amazon.com/images/I/51yPRc4nvoL._SL500_.jpg" alt="Product Image"></a><p>Speedball Water-Soluble Block Printing Ink Starter Set, 6 Bold Colors with Satin Finish, 1.25-Ounce Tubes</p><p>$29.99 ($4.00 / Fl Oz)</p><a href="https://www.amazon.com/dp/B000J09PFM?tag=eloabder-20&linkCode=osi&th=1&psc=1">View Product</a></div><div class="product"><a href="https://www.amazon.com/dp/B000BYT24U?tag=eloabder-20&linkCode=osi&th=1&psc=1"><img src="https://m.media-amazon.com/images/I/51pDlo+LlKL._SL500_.jpg" alt="Product Image"></a><p>Speedball Water-Soluble Block Printing Ink, 8-Ounce Jar, Black</p><p>$14.49</p><a href="https://www.amazon.com/dp/B000BYT24U?tag=eloabder-20&linkCode=osi&th=1&psc=1">View Product</a></div><div class="product"><a href="https://www.amazon.com/dp/B00C1JUJWW?tag=eloabder-20&linkCode=osi&th=1&psc=1"><img src="https://m.media-amazon.com/images/I/41zDtJ6f5hL._SL500_.jpg" alt="Product Image"></a><p>Speedball Fabric Block Printing Ink, 2.5-Ounce, Black</p><p>$9.99 ($4.00 / Fl Oz)</p><a href="https://www.amazon.com/dp/B00C1JUJWW?tag=eloabder-20&linkCode=osi&th=1&psc=1">View Product</a></div><div class="product"><a href="https://www.amazon.com/dp/B004PZ1ZJG?tag=eloabder-20&linkCode=osi&th=1&psc=1"><img src="https://m.media-amazon.com/images/I/41+GkhhpR5L._SL500_.jpg" alt="Product Image"></a><p>Speedball Water-Soluble Block Printing Ink Starter Set, 4-Color Set, 1.25-Ounce Tubes</p><p>$20.99</p><a href="https://www.amazon.com/dp/B004PZ1ZJG?tag=eloabder-20&linkCode=osi&th=1&psc=1">View Product</a></div><div class="product"><a href="https://www.amazon.com/dp/B0017CZF3C?tag=eloabder-20&linkCode=osi&th=1&psc=1"><img src="https://m.media-amazon.com/images/I/41S17SYPAZL._SL500_.jpg" alt="Product Image"></a><p>Speedball Water Soluble Block Printing Ink, Black, 2-1/2 Ounces - 380663</p><p>$9.99</p><a href="https://www.amazon.com/dp/B0017CZF3C?tag=eloabder-20&linkCode=osi&th=1&psc=1">View Product</a></div><div class="product"><a href="https://www.amazon.com/dp/B0BXNX8FSH?tag=eloabder-20&linkCode=osi&th=1&psc=1"><img src="https://m.media-amazon.com/images/I/51JGm1VxVOL._SL500_.jpg" alt="Product Image"></a><p>Falling in Art Water-Soluble Block Printing Ink, 6-Color Printmaking Ink Set for Linoleum Block, 3.5 floz</p><p>$28.99</p><a href="https://www.amazon.com/dp/B0BXNX8FSH?tag=eloabder-20&linkCode=osi&th=1&psc=1">View Product</a></div><div class="product"><a href="https://www.amazon.com/dp/B0027ACJBO?tag=eloabder-20&linkCode=osi&th=1&psc=1"><img src="https://m.media-amazon.com/images/I/41OzayB9ojL._SL500_.jpg" alt="Product Image"></a><p>Speedball 3476 Oil-Based Block Printing Ink Starter Set for Professional, Permanent Prints AP Certified – 1.25 FL OZ Tubes</p><p>$33.99</p><a href="https://www.amazon.com/dp/B0027ACJBO?tag=eloabder-20&linkCode=osi&th=1&psc=1">View Product</a></div>
<div class="product"><a href="https://www.amazon.com/dp/B0027AGDWK?tag=eloabder-20&linkCode=osi&th=1&psc=1"><img src="https://m.media-amazon.com/images/I/515LDer6GPL._SL500_.jpg" alt="Product Image"></a><p>Speedball Deluxe Block Printing Kit - Includes Inks, Brayer, Bench Hook, Lino Handle and Cutters, Speedy-Carve Block, Mounted Linoleum Block</p><p>$59.99</p><a href="https://www.amazon.com/dp/B0027AGDWK?tag=eloabder-20&linkCode=osi&th=1&psc=1">View Product</a></div><div class="product"><a href="https://www.amazon.com/dp/B07ZJBZN5S?tag=eloabder-20&linkCode=osi&th=1&psc=1"><img src="https://m.media-amazon.com/images/I/41UbN58y9uS._SL500_.jpg" alt="Product Image"></a><p>SGHUO 12pcs 4"x6" Pink Rubber Carving Blocks Linoleum Block Stamp Making Kit</p><p>$22.99 ($1.92 / Count)</p><a href="https://www.amazon.com/dp/B07ZJBZN5S?tag=eloabder-20&linkCode=osi&th=1&psc=1">View Product</a></div>
<div class="product"><a href="https://www.amazon.com/dp/B00L2DYUM8?tag=eloabder-20&linkCode=osi&th=1&psc=1"><img src="https://m.media-amazon.com/images/I/51l5FZ0+5AL._SL500_.jpg" alt="Product Image"></a><p>Strathmore 300 Series Printmaking Paper Pad, Glue Bound, 5x7 inches, 40 Sheets (120g) - Artist Paper for Adults and Students - Block Printing, Linocut, Screen Printing, White</p><p>$7.26</p><a href="https://www.amazon.com/dp/B00L2DYUM8?tag=eloabder-20&linkCode=osi&th=1&psc=1">View Product</a></div><div class="product"><a href="https://www.amazon.com/dp/B07BSYS5XC?tag=eloabder-20&linkCode=osi&th=1&psc=1"><img src="https://m.media-amazon.com/images/I/51Uwfq0jv+L._SL500_.jpg" alt="Product Image"></a><p>Ucreate Printmaking Paper, 9"x12", White, 100 Sheet, P9001</p><p>$9.79</p><a href="https://www.amazon.com/dp/B07BSYS5XC?tag=eloabder-20&linkCode=osi&th=1&psc=1">View Product</a></div><div class="product"><a href="https://www.amazon.com/dp/B00K5562WA?tag=eloabder-20&linkCode=osi&th=1&psc=1"><img src="https://m.media-amazon.com/images/I/51Dm+TeJGdL._SL500_.jpg" alt="Product Image"></a><p>Strathmore Printmaking Paper Pad 8"X10"-20 Sheets -62433800, White</p><p>$10.19</p><a href="https://www.amazon.com/dp/B00K5562WA?tag=eloabder-20&linkCode=osi&th=1&psc=1">View Product</a></div><div class="product"><a href="https://www.amazon.com/dp/B001DNH8I0?tag=eloabder-20&linkCode=osi&th=1&psc=1"><img src="https://m.media-amazon.com/images/I/51UzoKdUojL._SL500_.jpg" alt="Product Image"></a><p>Black Ink 9-Inch by 12-Inch Bleached Mulberry Block Printing Paper, 25-Pack</p><p>$19.35 ($0.77 / Count)</p><a href="https://www.amazon.com/dp/B001DNH8I0?tag=eloabder-20&linkCode=osi&th=1&psc=1">View Product</a></div><div class="product"><a href="https://www.amazon.com/dp/B00C6G6L5Y?tag=eloabder-20&linkCode=osi&th=1&psc=1"><img src="https://m.media-amazon.com/images/I/5103h0Rm8sL._SL500_.jpg" alt="Product Image"></a><p>Black Ink Thai Mulberry Block Printing Paper Packs small assorted colors</p><p>$21.99</p><a href="https://www.amazon.com/dp/B00C6G6L5Y?tag=eloabder-20&linkCode=osi&th=1&psc=1">View Product</a></div>
<div class="product"><a href="https://www.amazon.com/dp/B003IG27OK?tag=eloabder-20&linkCode=osi&th=1&psc=1"><img src="https://m.media-amazon.com/images/I/416NUaYo1DL._SL500_.jpg" alt="Product Image"></a><p>Speedball Block Printing Baren - Comfortable Wooden Handle, Made in the USA - 4 Inches</p><p>$29.49</p><a href="https://www.amazon.com/dp/B003IG27OK?tag=eloabder-20&linkCode=osi&th=1&psc=1">View Product</a></div>
<div class="product"><a href="https://www.amazon.com/dp/B0CMZYY8CJ?tag=eloabder-20&linkCode=osi&th=1&psc=1"><img src="https://m.media-amazon.com/images/I/41TifSIP7SL._SL500_.jpg" alt="Product Image"></a><p>Ecoofor Blotting Paper for Flower Press, 20 Sheets Highly Absorbent and Reusable Blotter Paper for Flower Press Paper Craft 9 x 9 inch</p><p>$9.99</p><a href="https://www.amazon.com/dp/B0CMZYY8CJ?tag=eloabder-20&linkCode=osi&th=1&psc=1">View Product</a></div><div class="product"><a href="https://www.amazon.com/dp/B0CYRT3RM4?tag=eloabder-20&linkCode=osi&th=1&psc=1"><img src="https://m.media-amazon.com/images/I/31+qvVq3giL._SL500_.jpg" alt="Product Image"></a><p>Hygge & Sage Premium Natural Fiber Blotting Paper for Flower Press Art; 20 Large Sheets for a Press up to 8x11 Inches; Absorbent, Versatile, and Acid-Free Reusable Blotter Paper for Flower Pressing</p><p>$9.50 ($0.48 / Count)</p><a href="https://www.amazon.com/dp/B0CYRT3RM4?tag=eloabder-20&linkCode=osi&th=1&psc=1">View Product</a></div><div class="product"><a href="https://www.amazon.com/dp/B0D41GDLHM?tag=eloabder-20&linkCode=osi&th=1&psc=1"><img src="https://m.media-amazon.com/images/I/41LIF5dHXaL._SL500_.jpg" alt="Product Image"></a><p>Aboofx 20 Sheets Blotting Paper for Flower Press, 15" x 10" Extra Large Highly Absorbent Blotter Paper for Flower Press Reusable Herbarium Paper Craft Blotter Paper Sheets</p><p>$19.99</p><a href="https://www.amazon.com/dp/B0D41GDLHM?tag=eloabder-20&linkCode=osi&th=1&psc=1">View Product</a></div><div class="product"><a href="https://www.amazon.com/dp/B0CQMMYSBR?tag=eloabder-20&linkCode=osi&th=1&psc=1"><img src="https://m.media-amazon.com/images/I/413SlUi6IDL._SL500_.jpg" alt="Product Image"></a><p>Wisreach Blotting Paper for Flower Press, 20 Sheets Flower Press Paper Highly Absorbent and Reusable Blotter Paper for Flower Art A4 Size 8.26 x 11.4 inch</p><p>$9.99</p><a href="https://www.amazon.com/dp/B0CQMMYSBR?tag=eloabder-20&linkCode=osi&th=1&psc=1">View Product</a></div><div class="product"><a href="https://www.amazon.com/dp/B093FQ22PG?tag=eloabder-20&linkCode=osi&th=1&psc=1"><img src="https://m.media-amazon.com/images/I/41B2jXhe+QL._SL500_.jpg" alt="Product Image"></a><p>Blotting Paper for Flower Press by Berstuk® • Large A4 Flower Press Paper • Highly Absorbent and Reusable Herbarium Paper • Pack of 10 Blotter Paper Sheets</p><p>$6.99 ($69.90 / 100 Sheets)</p><a href="https://www.amazon.com/dp/B093FQ22PG?tag=eloabder-20&linkCode=osi&th=1&psc=1">View Product</a></div><div class="product"><a href="https://www.amazon.com/dp/B0C6PW4VGB?tag=eloabder-20&linkCode=osi&th=1&psc=1"><img src="https://m.media-amazon.com/images/I/21C64VB3iVL._SL500_.jpg" alt="Product Image"></a><p>PATIKIL 16"x12" Flower Press Paper, 1 Set/30 Sheet Refill Lining Blotter Paper Absorbent Reusable Blotting Paper for DIY Art Handicraft Scrapbook</p><p>$11.19</p><a href="https://www.amazon.com/dp/B0C6PW4VGB?tag=eloabder-20&linkCode=osi&th=1&psc=1">View Product</a></div><div class="product"><a href="https://www.amazon.com/dp/B0C6PTK915?tag=eloabder-20&linkCode=osi&th=1&psc=1"><img src="https://m.media-amazon.com/images/I/21UviFCGjtL._SL500_.jpg" alt="Product Image"></a><p>PATIKIL 12"x8" Flower Press Paper, 2 Set/60 Sheet Refill Lining Blotter Paper Absorbent Reusable Blotting Paper for DIY Art Handicraft Scrapbook</p><p>$13.69</p><a href="https://www.amazon.com/dp/B0C6PTK915?tag=eloabder-20&linkCode=osi&th=1&psc=1">View Product</a></div><div class="product"><a href="https://www.amazon.com/dp/B0CDJZ4MD7?tag=eloabder-20&linkCode=osi&th=1&psc=1"><img src="https://m.media-amazon.com/images/I/41iwkW+QQOL._SL500_.jpg" alt="Product Image"></a><p>30 PCS Blotting Paper for Flower Press Large A4 Flower Press Paper Highly Absorbent and Reusable Blotter Paper Refill Lining Paper for Flower Press Art Craft Scrapbook Making, 11.8 x 7.9 Inches Blue</p><p>$9.99</p><a href="https://www.amazon.com/dp/B0CDJZ4MD7?tag=eloabder-20&linkCode=osi&th=1&psc=1">View Product</a></div>

<div class="product"><a href="https://www.amazon.com/dp/B0D2T4F1DZ?tag=eloabder-20&linkCode=osi&th=1&psc=1"><img src="https://m.media-amazon.com/images/I/41KNcatyBWL._SL500_.jpg" alt="Product Image"></a><p>10pcs Book Cloth,14”x10”,Fabric Surface and Paper Backed, book cloth for book binding,book binding fabric,5 Colors Bookbinding Cloth for DIY fabric book cover,bookbinding paper (Style B)</p><p>$9.99</p><a href="https://www.amazon.com/dp/B0D2T4F1DZ?tag=eloabder-20&linkCode=osi&th=1&psc=1">View Product</a></div><div class="product"><a href="https://www.amazon.com/dp/B0CMD2LWR8?tag=eloabder-20&linkCode=osi&th=1&psc=1"><img src="https://m.media-amazon.com/images/I/31QVUZVSB+L._SL500_.jpg" alt="Product Image"></a><p>Mozeat Lens 33 ft Bookbinding Tape Book Tape Repair Book Binding Tape Cloth Book Repair Kit 2 Inch Wide Book Spine Tape Cloth Bookbinding Repair Tape White Book Tape for Reinforcing Book Spine Tape</p><p>$7.99</p><a href="https://www.amazon.com/dp/B0CMD2LWR8?tag=eloabder-20&linkCode=osi&th=1&psc=1">View Product</a></div><div class="product"><a href="https://www.amazon.com/dp/B0D1KC168C?tag=eloabder-20&linkCode=osi&th=1&psc=1"><img src="https://m.media-amazon.com/images/I/31wWgk-1V4L._SL500_.jpg" alt="Product Image"></a><p>AKONEGE Book Cloth for Book Binding 35 x 16 Inch Fabric Surface and Paper Backed, Strong, Easy to Use, Fabric Materials Bookbinding Supplies Bookcloth for Scrapbooking Album DIY Crafts, Black</p><p>$9.99</p><a href="https://www.amazon.com/dp/B0D1KC168C?tag=eloabder-20&linkCode=osi&th=1&psc=1">View Product</a></div><div class="product"><a href="https://www.amazon.com/dp/B0BC48CCWW?tag=eloabder-20&linkCode=osi&th=1&psc=1"><img src="https://m.media-amazon.com/images/I/41vTc+L-XyL._SL500_.jpg" alt="Product Image"></a><p>Wooqu Book Cloth, Fabric Surface and Paper Backed, Easy to Use, Strong, 17x29”, for Book Binding, Dark Green</p><p>$13.99</p><a href="https://www.amazon.com/dp/B0BC48CCWW?tag=eloabder-20&linkCode=osi&th=1&psc=1">View Product</a></div><div class="product"><a href="https://www.amazon.com/dp/B00W3S7LU4?tag=eloabder-20&linkCode=osi&th=1&psc=1"><img src="https://m.media-amazon.com/images/I/41mUL1LmSHS._SL500_.jpg" alt="Product Image"></a><p>BookGuard 2 inch Premium Bookbinding Repair Cloth Tape, 15 Yard Roll Burgundy</p><p>$14.95</p><a href="https://www.amazon.com/dp/B00W3S7LU4?tag=eloabder-20&linkCode=osi&th=1&psc=1">View Product</a></div>

<div class="product"><a href="https://www.amazon.com/dp/B08217DGL7?tag=eloabder-20&linkCode=osi&th=1&psc=1"><img src="https://m.media-amazon.com/images/I/51Gy-qfph7L._SL500_.jpg" alt="Product Image"></a><p>24 Colors Waxed Thread, Leather Sewing Thread,Hand Stitching Thread for Hand Sewing Leather and Bookbinding, 13Yards Per Color</p><p>$11.99 ($0.01 / Foot)</p><a href="https://www.amazon.com/dp/B08217DGL7?tag=eloabder-20&linkCode=osi&th=1&psc=1">View Product</a></div><div class="product"><a href="https://www.amazon.com/dp/B08GCHJ3FP?tag=eloabder-20&linkCode=osi&th=1&psc=1"><img src="https://m.media-amazon.com/images/I/41TK-XNxTFL._SL500_.jpg" alt="Product Image"></a><p>FANDOL 100% Natural Linen Thread Waxed thread for Bookbingding, Leather Sewing, Beading or Macrame (Natural)</p><p>$14.98</p><a href="https://www.amazon.com/dp/B08GCHJ3FP?tag=eloabder-20&linkCode=osi&th=1&psc=1">View Product</a></div><div class="product"><a href="https://www.amazon.com/dp/B0025U108E?tag=eloabder-20&linkCode=osi&th=1&psc=1"><img src="https://m.media-amazon.com/images/I/4172yrURiVL._SL500_.jpg" alt="Product Image"></a><p>Books by Hand Linen Thread, Archival Quality Natural Unbleached and Unwaxed, 50 Yards 35/3 Gauge, Ideal for Bookbinding and Sewing Signatures</p><p>$9.47</p><a href="https://www.amazon.com/dp/B0025U108E?tag=eloabder-20&linkCode=osi&th=1&psc=1">View Product</a></div><div class="product"><a href="https://www.amazon.com/dp/B08S78KLRN?tag=eloabder-20&linkCode=osi&th=1&psc=1"><img src="https://m.media-amazon.com/images/I/413NGMtJdrL._SL500_.jpg" alt="Product Image"></a><p>Jupean Waxed Thread, 150m /164Yards Beige Leather Waxed Thread, Leather Sewing Thread, Hand Stitching Thread for Hand Sewing Leather, Bookbinding, and Beginners Leather Craft DIY</p><p>$6.49 ($0.01 / Foot)</p><a href="https://www.amazon.com/dp/B08S78KLRN?tag=eloabder-20&linkCode=osi&th=1&psc=1">View Product</a></div><div class="product"><a href="https://www.amazon.com/dp/B015D9E6UM?tag=eloabder-20&linkCode=osi&th=1&psc=1"><img src="https://m.media-amazon.com/images/I/51VnWPI+Q5L._SL500_.jpg" alt="Product Image"></a><p>Lineco, Natural Waxed Linen Thread 20 Yards, Books by Hand Natural, Black, Brown Color for Sewing, Bookbinding (3/Pkg)</p><p>$13.77</p><a href="https://www.amazon.com/dp/B015D9E6UM?tag=eloabder-20&linkCode=osi&th=1&psc=1">View Product</a></div>
<div class="product"><a href="https://www.amazon.com/dp/B0CMD53C1C?tag=eloabder-20&linkCode=osi&th=1&psc=1"><img src="https://m.media-amazon.com/images/I/31dU4wqS0rL._SL500_.jpg" alt="Product Image"></a><p>5-in-1 Bookbinding Kit,Book Cover Guide, Bookbinding Cover Tool, Stainless Steel Book Binding Kit, Bookbinding Ruler, Scrapbooking Tools for Making Book Cover Chipboard Covers Album Planner</p><p>$7.88</p><a href="https://www.amazon.com/dp/B0CMD53C1C?tag=eloabder-20&linkCode=osi&th=1&psc=1">View Product</a></div>
<div class="product"><a href="https://www.amazon.com/dp/B007TIEG6U?tag=eloabder-20&linkCode=osi&th=1&psc=1"><img src="https://m.media-amazon.com/images/I/31d6r6R5lGL._SL500_.jpg" alt="Product Image"></a><p>Handy Art Empty 2 ounce Marker Bottle, Dauber Tip and Cap, 12-Each (900-003) , White</p><p>$23.12 ($1.93 / Count)</p><a href="https://www.amazon.com/dp/B007TIEG6U?tag=eloabder-20&linkCode=osi&th=1&psc=1">View Product</a></div>
<div class="product"><a href="https://www.amazon.com/dp/B07YDNKSH6?tag=eloabder-20&linkCode=osi&th=1&psc=1"><img src="https://m.media-amazon.com/images/I/41JGrHa7mSL._SL500_.jpg" alt="Product Image"></a><p>4-Inch Rubber Brayer Roller for Printmaking, Great for Gluing Application Also. (Original Version)</p><p>$6.99</p><a href="https://www.amazon.com/dp/B07YDNKSH6?tag=eloabder-20&linkCode=osi&th=1&psc=1">View Product</a></div>
<div class="product"><a href="https://www.amazon.com/dp/B005U7BNPE?tag=eloabder-20&linkCode=osi&th=1&psc=1"><img src="https://m.media-amazon.com/images/I/418YfTClSxL._SL500_.jpg" alt="Product Image"></a><p>Apple Barrel Acrylic Paint in Assorted Colors (2 oz), 20513, Bright Yellow</p><p>$0.58 ($0.29 / Fl Oz)</p><a href="https://www.amazon.com/dp/B005U7BNPE?tag=eloabder-20&linkCode=osi&th=1&psc=1">View Product</a></div><div class="product"><a href="https://www.amazon.com/dp/B099DWCRZ5?tag=eloabder-20&linkCode=osi&th=1&psc=1"><img src="https://m.media-amazon.com/images/I/41rr5hT-8TL._SL500_.jpg" alt="Product Image"></a><p>milo Fluorescent Acrylic Paint Set of 6 Colors | 4 oz Bottles | Student Neon Colors Acrylics Painting Pack | Made in the USA | Non-Toxic Art & Craft Paints for Artists, Kids, & Hobby Painters</p><p>$22.90 ($0.95 / Fl Oz)</p><a href="https://www.amazon.com/dp/B099DWCRZ5?tag=eloabder-20&linkCode=osi&th=1&psc=1">View Product</a></div><div class="product"><a href="https://www.amazon.com/dp/B07ZPPPWPL?tag=eloabder-20&linkCode=osi&th=1&psc=1"><img src="https://m.media-amazon.com/images/I/51Vqk2rrZwL._SL500_.jpg" alt="Product Image"></a><p>Apple Barrel, Pastel Dreams & Vivid Wonders Collection Acrylic Craft Paint, PROMOTCK, 2 fl oz each, 18 assorted matte colors, 18 count</p><p>$22.66 ($0.63 / Fl Oz)</p><a href="https://www.amazon.com/dp/B07ZPPPWPL?tag=eloabder-20&linkCode=osi&th=1&psc=1">View Product</a></div><div class="product"><a href="https://www.amazon.com/dp/B0CKQR52XC?tag=eloabder-20&linkCode=osi&th=1&psc=1"><img src="https://m.media-amazon.com/images/I/51WTPlhN2WL._SL500_.jpg" alt="Product Image"></a><p>ARTME Glow in The Dark Paint, 10 Bright Colors 60ml/2oz Blacklight Paint Set, Neon Craft Paint, Acrylic Glow Fluorescent Paint Perfect for Art Painting, DIY projects, Halloween and Christmas</p><p>$23.99 ($1.20 / Fl Oz)</p><a href="https://www.amazon.com/dp/B0CKQR52XC?tag=eloabder-20&linkCode=osi&th=1&psc=1">View Product</a></div><div class="product"><a href="https://www.amazon.com/dp/B09XXHBL3Y?tag=eloabder-20&linkCode=osi&th=1&psc=1"><img src="https://m.media-amazon.com/images/I/51taBeDdeIL._SL500_.jpg" alt="Product Image"></a><p>Fantastory Glow in the Dark Acrylic Paint, 10 Extra Bright Colors, 30ml/1oz Waterproof Glow in Dark Paint,Indoor Outdoor Blacklight Paint for Kids,Adults, Rocks,Walls,Halloween,Craft &Fabric</p><p>$9.99 ($1.00 / Fl Oz)</p><a href="https://www.amazon.com/dp/B09XXHBL3Y?tag=eloabder-20&linkCode=osi&th=1&psc=1">View Product</a></div><div class="product"><a href="https://www.amazon.com/dp/B0BS3JM8ZR?tag=eloabder-20&linkCode=osi&th=1&psc=1"><img src="https://m.media-amazon.com/images/I/51S8FteGgPL._SL500_.jpg" alt="Product Image"></a><p>Acrylic Paint, Shuttle Art 24 Colors Acrylic Paint Bottle Set, 250ml/8.45oz Each, Rich Pigments, High Viscosity, Bulk Paint for Artists, Beginners and Kids Painting on Rocks Crafts Canvas Wood Ceramic</p><p>$49.99 ($0.25 / Fl Oz)</p><a href="https://www.amazon.com/dp/B0BS3JM8ZR?tag=eloabder-20&linkCode=osi&th=1&psc=1">View Product</a></div><div class="product"><a href="https://www.amazon.com/dp/B00CIW3EDI?tag=eloabder-20&linkCode=osi&th=1&psc=1"><img src="https://m.media-amazon.com/images/I/41PMnxyBo5L._SL500_.jpg" alt="Product Image"></a><p>FolkArt Multi-Surface Acrylic Paint in Assorted Colors (2 oz), 2896, Bright Pink</p><p>$1.47 ($0.74 / Fl Oz)</p><a href="https://www.amazon.com/dp/B00CIW3EDI?tag=eloabder-20&linkCode=osi&th=1&psc=1">View Product</a></div><div class="product"><a href="https://www.amazon.com/dp/B085ZB5ZK9?tag=eloabder-20&linkCode=osi&th=1&psc=1"><img src="https://m.media-amazon.com/images/I/51nmRq1eicL._SL500_.jpg" alt="Product Image"></a><p>FolkArt 4 Bottle Multi-Surface Acrylic Paint Set, 2oz, Neon Blacklight Colors</p><p>$8.12 ($1.02 / Fl Oz)</p><a href="https://www.amazon.com/dp/B085ZB5ZK9?tag=eloabder-20&linkCode=osi&th=1&psc=1">View Product</a></div><div class="product"><a href="https://www.amazon.com/dp/B08N585VN5?tag=eloabder-20&linkCode=osi&th=1&psc=1"><img src="https://m.media-amazon.com/images/I/51nwFBdxwVL._SL500_.jpg" alt="Product Image"></a><p>Acrylic Paint Set Value Pack of 12 Colors | Craft Painting Kit with 2 oz Squeeze Bottles for Beginners, Artists, Professionals | Non-Toxic Water Based Paints for Canvas, Paper, Wood | Bright Hues</p><p>$11.99 ($0.50 / Fl Oz)</p><a href="https://www.amazon.com/dp/B08N585VN5?tag=eloabder-20&linkCode=osi&th=1&psc=1">View Product</a></div>
<div class="product"><a href="https://www.amazon.com/dp/B0009RRT9Y?tag=eloabder-20&linkCode=osi&th=1&psc=1"><img src="https://m.media-amazon.com/images/I/51ZhyYPOB5L._SL500_.jpg" alt="Product Image"></a><p>General Pencil Company The Masters Brush Cleaner & Preserver 2.5 0z.</p><p>$12.00</p><a href="https://www.amazon.com/dp/B0009RRT9Y?tag=eloabder-20&linkCode=osi&th=1&psc=1">View Product</a></div><div class="product"><a href="https://www.amazon.com/dp/B00F38YVQS?tag=eloabder-20&linkCode=osi&th=1&psc=1"><img src="https://m.media-amazon.com/images/I/51yjmSTzzML._SL500_.jpg" alt="Product Image"></a><p>B & J Original Brush Cleaner - 2.5 Oz/12ct Display</p><p>$12.77</p><a href="https://www.amazon.com/dp/B00F38YVQS?tag=eloabder-20&linkCode=osi&th=1&psc=1">View Product</a></div><div class="product"><a href="https://www.amazon.com/dp/B004BN7QQ8?tag=eloabder-20&linkCode=osi&th=1&psc=1"><img src="https://m.media-amazon.com/images/I/31fEWB-h4VL._SL500_.jpg" alt="Product Image"></a><p>Winsor & Newton Brush Cleaner & Restorer, 16.0-oz Bottle</p><p>$21.87 ($1.37 / Fl Oz)</p><a href="https://www.amazon.com/dp/B004BN7QQ8?tag=eloabder-20&linkCode=osi&th=1&psc=1">View Product</a></div><div class="product"><a href="https://www.amazon.com/dp/B09NCHL2LM?tag=eloabder-20&linkCode=osi&th=1&psc=1"><img src="https://m.media-amazon.com/images/I/31UzwasdL6L._SL500_.jpg" alt="Product Image"></a><p>U.S. Art Supply Brush Cleaner and Restorer, 4 Ounce Bottle - Quickly Cleans Paint Brushes, Airbrushes, Art Tools - Cleaning Solution to Remove Dried On Acrylic, Oil and Water-Based Paint Colors</p><p>$8.99 ($2.25 / Fl Oz)</p><a href="https://www.amazon.com/dp/B09NCHL2LM?tag=eloabder-20&linkCode=osi&th=1&psc=1">View Product</a></div><div class="product"><a href="https://www.amazon.com/dp/B09J8L55SK?tag=eloabder-20&linkCode=osi&th=1&psc=1"><img src="https://m.media-amazon.com/images/I/41qgWS2nSsL._SL500_.jpg" alt="Product Image"></a><p>Green Piece® Paint Brush Cleaner and Restorer for Art Paint Brushes - 100% Natural - Non-Toxic - Wet or Dry Paint - No Chemicals - Oil or Acrylic Paints, Wood and Metal - Amazing Power - 18 Oz</p><p>$19.88</p><a href="https://www.amazon.com/dp/B09J8L55SK?tag=eloabder-20&linkCode=osi&th=1&psc=1">View Product</a></div><div class="product"><a href="https://www.amazon.com/dp/B0027A79I2?tag=eloabder-20&linkCode=osi&th=1&psc=1"><img src="https://m.media-amazon.com/images/I/31J6S+mCjuL._SL500_.jpg" alt="Product Image"></a><p>Pink Soap 12-Ounce Paint Brush Cleaner and Conditioner, Solution Cleans and Restores, Removes Dried Paint on Airbrushes and Other Artist Tools & Supplies</p><p>$15.49 ($1.29 / Fl Oz)</p><a href="https://www.amazon.com/dp/B0027A79I2?tag=eloabder-20&linkCode=osi&th=1&psc=1">View Product</a></div><div class="product"><a href="https://www.amazon.com/dp/B0027AEANE?tag=eloabder-20&linkCode=osi&th=1&psc=1"><img src="https://m.media-amazon.com/images/I/51bHOLU1pVL._SL500_.jpg" alt="Product Image"></a><p>General Pencil General 105-BP Pencil Masters Brush Cleaner & Preserver, 1 Pack, Clear</p><p>$9.99 ($4.00 / Ounce)</p><a href="https://www.amazon.com/dp/B0027AEANE?tag=eloabder-20&linkCode=osi&th=1&psc=1">View Product</a></div>

<div class="product"><a href="https://www.amazon.com/dp/B00N9UUWLA?tag=eloabder-20&linkCode=osi&th=1&psc=1"><img src="https://m.media-amazon.com/images/I/41be4n09wZL._SL500_.jpg" alt="Product Image"></a><p>Pentel Arts Portable Pocket Brush Pen (Medium Point), 1Pen & 2Refills</p><p>$7.00</p><a href="https://www.amazon.com/dp/B00N9UUWLA?tag=eloabder-20&linkCode=osi&th=1&psc=1">View Product</a></div><div class="product"><a href="https://www.amazon.com/dp/B07DQ4292Y?tag=eloabder-20&linkCode=osi&th=1&psc=1"><img src="https://m.media-amazon.com/images/I/41-kgHpaPvL._SL500_.jpg" alt="Product Image"></a><p>Tombow 62039 Fudenosuke Brush Pens, 3-Pack. Soft, Hard, and Twin Tip Markers for Calligraphy and Art Drawings</p><p>$7.59 ($2.53 / Count)</p><a href="https://www.amazon.com/dp/B07DQ4292Y?tag=eloabder-20&linkCode=osi&th=1&psc=1">View Product</a></div><div class="product"><a href="https://www.amazon.com/dp/B0995FNMKW?tag=eloabder-20&linkCode=osi&th=1&psc=1"><img src="https://m.media-amazon.com/images/I/51kpGsTNvlL._SL500_.jpg" alt="Product Image"></a><p>WRITECH Arts Sign Brush Pen Brush Tip Marker Felt Tip Water Based Ink Color Pens 12 Assorted Vintage Colors Great for Lettering Journaling Calligraphy (Vintage)</p><p>$13.99 ($1.17 / Count)</p><a href="https://www.amazon.com/dp/B0995FNMKW?tag=eloabder-20&linkCode=osi&th=1&psc=1">View Product</a></div><div class="product"><a href="https://www.amazon.com/dp/B07H89R749?tag=eloabder-20&linkCode=osi&th=1&psc=1"><img src="https://m.media-amazon.com/images/I/51nTGZ-eAsL._SL500_.jpg" alt="Product Image"></a><p>Tombow Fudenosuke Brush Pen - Hard - 10 Colors Set (WS-BH10C)</p><p>$11.73</p><a href="https://www.amazon.com/dp/B07H89R749?tag=eloabder-20&linkCode=osi&th=1&psc=1">View Product</a></div><div class="product"><a href="https://www.amazon.com/dp/B002PIFTRE?tag=eloabder-20&linkCode=osi&th=1&psc=1"><img src="https://m.media-amazon.com/images/I/41IVnNPD1hL._SL500_.jpg" alt="Product Image"></a><p>Pentel Color Brush Pen, Black (GFLBP101)</p><p>$7.89</p><a href="https://www.amazon.com/dp/B002PIFTRE?tag=eloabder-20&linkCode=osi&th=1&psc=1">View Product</a></div>
<div class="product"><a href="https://www.amazon.com/dp/B0CLLSY2BT?tag=eloabder-20&linkCode=osi&th=1&psc=1"><img src="https://m.media-amazon.com/images/I/51sQM3lrN9L._SL500_.jpg" alt="Product Image"></a><p>CUGEBANNA Paint Brush Washer,Airtight Stainless Steel Brush Cleaner for Oil Painting Acrylic,Brush Washer with Cleaning Beads and Wringer</p><p>$22.99</p><a href="https://www.amazon.com/dp/B0CLLSY2BT?tag=eloabder-20&linkCode=osi&th=1&psc=1">View Product</a></div><div class="product"><a href="https://www.amazon.com/dp/B013PB35N4?tag=eloabder-20&linkCode=osi&th=1&psc=1"><img src="https://m.media-amazon.com/images/I/419miJHrhtL._SL500_.jpg" alt="Product Image"></a><p>US Art Supply Deluxe Brush Cleaner-Brush Washer with Wash Tank</p><p>$18.99</p><a href="https://www.amazon.com/dp/B013PB35N4?tag=eloabder-20&linkCode=osi&th=1&psc=1">View Product</a></div>
<div class="product"><a href="https://www.amazon.com/dp/B07GH7WGC3?tag=eloabder-20&linkCode=osi&th=1&psc=1"><img src="https://m.media-amazon.com/images/I/51vzX1OZI6L._SL500_.jpg" alt="Product Image"></a><p>BOSOBO Paint Brushes Set, 2 Pack 20 Pcs Round-Pointed Tip Paintbrushes Nylon Hair Artist Acrylic Paint Brushes for Acrylic Oil Watercolor, Face Nail Art, Miniature Detailing & Rock Painting, Blue</p><p>$7.49 ($0.37 / Count)</p><a href="https://www.amazon.com/dp/B07GH7WGC3?tag=eloabder-20&linkCode=osi&th=1&psc=1">View Product</a></div><div class="product"><a href="https://www.amazon.com/dp/B078XJ2DCJ?tag=eloabder-20&linkCode=osi&th=1&psc=1"><img src="https://m.media-amazon.com/images/I/616oHEXPN1S._SL500_.jpg" alt="Product Image"></a><p>Pro Grade - Chip Paint Brushes - 36-Pack - 2 Inch Chip Brush for Paints, Stains, Varnishes, Glues, & Gesso</p><p>$17.99</p><a href="https://www.amazon.com/dp/B078XJ2DCJ?tag=eloabder-20&linkCode=osi&th=1&psc=1">View Product</a></div>

<div class="product"><a href="https://www.amazon.com/dp/B000YQJVFA?tag=eloabder-20&linkCode=osi&th=1&psc=1"><img src="https://m.media-amazon.com/images/I/51so-OSRt+L._SL500_.jpg" alt="Product Image"></a><p>Winsor & Newton Calligraphy Ink, 30ml (1-oz) Bottle, Black</p><p>$10.07 ($10.07 / Count)</p><a href="https://www.amazon.com/dp/B000YQJVFA?tag=eloabder-20&linkCode=osi&th=1&psc=1">View Product</a></div><div class="product"><a href="https://www.amazon.com/dp/B0026SBYUE?tag=eloabder-20&linkCode=osi&th=1&psc=1"><img src="https://m.media-amazon.com/images/I/412Ga9k1q8L._SL500_.jpg" alt="Product Image"></a><p>Higgins Black Calligraphy Ink, 2.5 Ounce Bottle (44314)</p><p>$5.99</p><a href="https://www.amazon.com/dp/B0026SBYUE?tag=eloabder-20&linkCode=osi&th=1&psc=1">View Product</a></div><div class="product"><a href="https://www.amazon.com/dp/B0CXDBD77N?tag=eloabder-20&linkCode=osi&th=1&psc=1"><img src="https://m.media-amazon.com/images/I/41x1EZv3P3L._SL500_.jpg" alt="Product Image"></a><p>SEAMEW 250 ML/8.8 OZ Calligraphy and Sumi Liquid Ink - Versatile Elegance for Chinese Traditional Art Works and Japanese Brush Art</p><p>$11.49</p><a href="https://www.amazon.com/dp/B0CXDBD77N?tag=eloabder-20&linkCode=osi&th=1&psc=1">View Product</a></div><div class="product"><a href="https://www.amazon.com/dp/B0CR3ML8VS?tag=eloabder-20&linkCode=osi&th=1&psc=1"><img src="https://m.media-amazon.com/images/I/41fLIKySQZL._SL500_.jpg" alt="Product Image"></a><p>Hmayart Prepared Super Thick Liquid Black Ink for Japanese Brush Calligraphy & Chinese Traditional Artworks (MZ010 250g)</p><p>$11.99</p><a href="https://www.amazon.com/dp/B0CR3ML8VS?tag=eloabder-20&linkCode=osi&th=1&psc=1">View Product</a></div><div class="product"><a href="https://www.amazon.com/dp/B0039OQ0J4?tag=eloabder-20&linkCode=osi&th=1&psc=1"><img src="https://m.media-amazon.com/images/I/41RRlR55P9L._SL500_.jpg" alt="Product Image"></a><p>Daiso Sumi Calligraphy Liquid Ink in a 180ml Bottle (Japan Import)</p><p>$8.99</p><a href="https://www.amazon.com/dp/B0039OQ0J4?tag=eloabder-20&linkCode=osi&th=1&psc=1">View Product</a></div><div class="product"><a href="https://www.amazon.com/dp/B074KJ289G?tag=eloabder-20&linkCode=osi&th=1&psc=1"><img src="https://m.media-amazon.com/images/I/41FZT3aCChL._SL500_.jpg" alt="Product Image"></a><p>Easyou Redstar Liquid Ink for Professioanl Traditional Calligraphy and Brush Painting Chinese Ink Liquid (Black&1pcs*180ML)</p><p>$10.99</p><a href="https://www.amazon.com/dp/B074KJ289G?tag=eloabder-20&linkCode=osi&th=1&psc=1">View Product</a></div><div class="product"><a href="https://www.amazon.com/dp/B07JYJ6C1W?tag=eloabder-20&linkCode=osi&th=1&psc=1"><img src="https://m.media-amazon.com/images/I/51IAnrWkw6L._SL500_.jpg" alt="Product Image"></a><p>MZ001 HmayartBlack Sumi Liquid Ink for Japanese Brush Calligraphy & Chinese Traditional Artworks 250ml (black)</p><p>$13.99</p><a href="https://www.amazon.com/dp/B07JYJ6C1W?tag=eloabder-20&linkCode=osi&th=1&psc=1">View Product</a></div><div class="product"><a href="https://www.amazon.com/dp/B0894L9M2C?tag=eloabder-20&linkCode=osi&th=1&psc=1"><img src="https://m.media-amazon.com/images/I/51H5LBUAZcL._SL500_.jpg" alt="Product Image"></a><p>24 Colors Calligraphy Ink Set, Calligraphy Fountain Glass Dip Pen Color Ink Caligrapher Pen Ink Bottle Set, Gold Powder Drawing Writing Art Ink with Gift Box - 24 x 7ml</p><p>$21.98</p><a href="https://www.amazon.com/dp/B0894L9M2C?tag=eloabder-20&linkCode=osi&th=1&psc=1">View Product</a></div><div class="product"><a href="https://www.amazon.com/dp/B0C49WVM7L?tag=eloabder-20&linkCode=osi&th=1&psc=1"><img src="https://m.media-amazon.com/images/I/41zxtjGWS1L._SL500_.jpg" alt="Product Image"></a><p>AOKUY 24 Colors Calligraphy Ink Set,Calligraphy Inks,Colorful Dip Pen Ink Set,Gold Powder Drawing Writing Art Ink with Gift Box</p><p>$16.99</p><a href="https://www.amazon.com/dp/B0C49WVM7L?tag=eloabder-20&linkCode=osi&th=1&psc=1">View Product</a></div>
<div class="product"><a href="https://www.amazon.com/dp/B0007ZJ8QU?tag=eloabder-20&linkCode=osi&th=1&psc=1"><img src="https://m.media-amazon.com/images/I/41vTwN7L9NL._SL500_.jpg" alt="Product Image"></a><p>Speedball C-Series Lettering Pen Set - 1 Penholder w/ 6 Nibs</p><p>$11.99</p><a href="https://www.amazon.com/dp/B0007ZJ8QU?tag=eloabder-20&linkCode=osi&th=1&psc=1">View Product</a></div><div class="product"><a href="https://www.amazon.com/dp/B003IGNH30?tag=eloabder-20&linkCode=osi&th=1&psc=1"><img src="https://m.media-amazon.com/images/I/412WGB9WzGL._SL500_.jpg" alt="Product Image"></a><p>Speedball 30710 10 Pen Nib Assorted Set</p><p>$21.99</p><a href="https://www.amazon.com/dp/B003IGNH30?tag=eloabder-20&linkCode=osi&th=1&psc=1">View Product</a></div><div class="product"><a href="https://www.amazon.com/dp/B0CQTCZRYC?tag=eloabder-20&linkCode=osi&th=1&psc=1"><img src="https://m.media-amazon.com/images/I/41+d7oXaTvL._SL500_.jpg" alt="Product Image"></a><p>10PCS Oblique Calligraphy Dip Pen Set Comic Pen Nib Set Fluid Writer Pen, 2-in-1 Drawing Pen Holder with 8 Pieces Stainless Steel Pen Replacement Nibs Nib for Writing, Painting, Signing, Sketch</p><p>$6.49</p><a href="https://www.amazon.com/dp/B0CQTCZRYC?tag=eloabder-20&linkCode=osi&th=1&psc=1">View Product</a></div><div class="product"><a href="https://www.amazon.com/dp/B000BYQLT4?tag=eloabder-20&linkCode=osi&th=1&psc=1"><img src="https://m.media-amazon.com/images/I/41Tmn+y1-xL._SL500_.jpg" alt="Product Image"></a><p>Speedball Calligraphy Pen Set - 1 Penholder w/ 4 Nibs, 2 Pen Tips</p><p>$13.99</p><a href="https://www.amazon.com/dp/B000BYQLT4?tag=eloabder-20&linkCode=osi&th=1&psc=1">View Product</a></div><div class="product"><a href="https://www.amazon.com/dp/B0B3CVPWMF?tag=eloabder-20&linkCode=osi&th=1&psc=1"><img src="https://m.media-amazon.com/images/I/41Zw4tqW+HL._SL500_.jpg" alt="Product Image"></a><p>Mewutal 2Pcs/Set Comic Pen Nib Set Pen Nibs Replacements for Calligraphy Manga Writing Painting(Pumpkin Head Nib)</p><p>$7.99</p><a href="https://www.amazon.com/dp/B0B3CVPWMF?tag=eloabder-20&linkCode=osi&th=1&psc=1">View Product</a></div><div class="product"><a href="https://www.amazon.com/dp/B0BVR4M5X4?tag=eloabder-20&linkCode=osi&th=1&psc=1"><img src="https://m.media-amazon.com/images/I/515TyiGpQKL._SL500_.jpg" alt="Product Image"></a><p>Wonwood_direct Calligraphy set, 7 Calligraphy Pens with Different Nibs and 40 Ink Cartridges in 13 Colors for Beginner Writing Drawing for Greeting Card Signature Calligraphy (Type 1)</p><p>$15.99</p><a href="https://www.amazon.com/dp/B0BVR4M5X4?tag=eloabder-20&linkCode=osi&th=1&psc=1">View Product</a></div><div class="product"><a href="https://www.amazon.com/dp/B0BGRM97MF?tag=eloabder-20&linkCode=osi&th=1&psc=1"><img src="https://m.media-amazon.com/images/I/41vB7fs3VbL._SL500_.jpg" alt="Product Image"></a><p>Gullor A Bunch of Nibs for Comic Dip Pen, Assorted Calligraphy Dip Pen Nibs, Various Sizes and Shapes, 33 Nibs in Box</p><p>$9.99</p><a href="https://www.amazon.com/dp/B0BGRM97MF?tag=eloabder-20&linkCode=osi&th=1&psc=1">View Product</a></div>
<div class="product"><a href="https://www.amazon.com/dp/B000KNNVX0?tag=eloabder-20&linkCode=osi&th=1&psc=1"><img src="https://m.media-amazon.com/images/I/51RAGoN6UsL._SL500_.jpg" alt="Product Image"></a><p>Strathmore STR- 50 Sheet Tape Bound Calligraphy Pad, 8.5 by 11", White</p><p>$7.83</p><a href="https://www.amazon.com/dp/B000KNNVX0?tag=eloabder-20&linkCode=osi&th=1&psc=1">View Product</a></div><div class="product"><a href="https://www.amazon.com/dp/B00PGBVNM2?tag=eloabder-20&linkCode=osi&th=1&psc=1"><img src="https://m.media-amazon.com/images/I/51VvCXPD-QL._SL500_.jpg" alt="Product Image"></a><p>U.S. Art Supply (Pack of 2 Pads) - 9" x 12" Premium Calligraphic Practice Paper Pad, 19 Pound Bond (70gsm), Pad of 50-Sheets, Calligraphy Paper with Printed Practice Rule and Slanted Grid</p><p>$12.99</p><a href="https://www.amazon.com/dp/B00PGBVNM2?tag=eloabder-20&linkCode=osi&th=1&psc=1">View Product</a></div><div class="product"><a href="https://www.amazon.com/dp/B0CQ1VTM1R?tag=eloabder-20&linkCode=osi&th=1&psc=1"><img src="https://m.media-amazon.com/images/I/31pMzPI5pdL._SL500_.jpg" alt="Product Image"></a><p>50 Sheets Watercolor Paper 8 x 6inch Deckled Edge Paper 190 GSM Rough/Textured Handmade Paper Cotton Paper White Textured Paper for Watercolor, Writing Calligraphy, Invitations, Letters</p><p>$12.99 ($0.26 / Count)</p><a href="https://www.amazon.com/dp/B0CQ1VTM1R?tag=eloabder-20&linkCode=osi&th=1&psc=1">View Product</a></div><div class="product"><a href="https://www.amazon.com/dp/B0CGHVSX6W?tag=eloabder-20&linkCode=osi&th=1&psc=1"><img src="https://m.media-amazon.com/images/I/41pAexcoWlL._SL500_.jpg" alt="Product Image"></a><p>KYMY Chinese/Japanese Calligraphy Paper 100PCS, Sumi/Rice Paper for Writing Painting Drawing Practice, Chinese Brush Ink Xuan Paper, Half Sheng Shu (Half Raw Ripe) (34 x 34 cm (13.38 x 13.38 Inch))</p><p>$10.99 ($0.11 / Count)</p><a href="https://www.amazon.com/dp/B0CGHVSX6W?tag=eloabder-20&linkCode=osi&th=1&psc=1">View Product</a></div>
<div class="product"><a href="https://www.amazon.com/dp/B08FCZC2R3?tag=eloabder-20&linkCode=osi&th=1&psc=1"><img src="https://m.media-amazon.com/images/I/51TWqPlqpfL._SL500_.jpg" alt="Product Image"></a><p>Craft 'n' Beyond Calligraphy Brush Pens Pack of 3 Small, Medium and Large Markers for Hand Lettering, Art Drawing, Sketching, Scrapbooking, Journaling - Beginner Kit with Fadeproof Black Ink</p><p>$5.49</p><a href="https://www.amazon.com/dp/B08FCZC2R3?tag=eloabder-20&linkCode=osi&th=1&psc=1">View Product</a></div><div class="product"><a href="https://www.amazon.com/dp/B0B67TWWDG?tag=eloabder-20&linkCode=osi&th=1&psc=1"><img src="https://m.media-amazon.com/images/I/5188ARIL9sL._SL500_.jpg" alt="Product Image"></a><p>Brusarth Calligraphy Pens, 8 Size Calligraphy Pens for Writing, Brush Pens Calligraphy Set for Beginners, Hand Lettering Pens, Brush Markers Set, Black Ink Drawing Pens</p><p>$8.95</p><a href="https://www.amazon.com/dp/B0B67TWWDG?tag=eloabder-20&linkCode=osi&th=1&psc=1">View Product</a></div><div class="product"><a href="https://www.amazon.com/dp/B000SHQFEA?tag=eloabder-20&linkCode=osi&th=1&psc=1"><img src="https://m.media-amazon.com/images/I/41sx3qStImL._SL500_.jpg" alt="Product Image"></a><p>edding 1255 calligraphy pen - black - 3 pens - calligraphy nib 2 - 5 mm - fibre pens for paper, wood, terracotta, canvas - hand lettering, bullet journals, thank you cards, calligraphy books</p><p>$6.50</p><a href="https://www.amazon.com/dp/B000SHQFEA?tag=eloabder-20&linkCode=osi&th=1&psc=1">View Product</a></div><div class="product"><a href="https://www.amazon.com/dp/B001DKJLEC?tag=eloabder-20&linkCode=osi&th=1&psc=1"><img src="https://m.media-amazon.com/images/I/41x7A8wo7YL._SL500_.jpg" alt="Product Image"></a><p>Speedball Elegant Writer Calligraphy 4 Marker Set, Black, 2.0 mm, 2.5 mm & 3.0 mm Chisel Nib Tip Pens for Drawing, Journaling, and Scrapbooking</p><p>$9.99 ($2.50 / Count)</p><a href="https://www.amazon.com/dp/B001DKJLEC?tag=eloabder-20&linkCode=osi&th=1&psc=1">View Product</a></div><div class="product"><a href="https://www.amazon.com/dp/B08RYWH185?tag=eloabder-20&linkCode=osi&th=1&psc=1"><img src="https://m.media-amazon.com/images/I/51GFkyfC3iL._SL500_.jpg" alt="Product Image"></a><p>Piochoo Calligraphy Pens,8 Size Calligraphy Pens for Writing,Brush Pens Calligraphy Set for Beginners, Hand Lettering Pens</p><p>$12.99</p><a href="https://www.amazon.com/dp/B08RYWH185?tag=eloabder-20&linkCode=osi&th=1&psc=1">View Product</a></div>
<div class="product"><a href="https://www.amazon.com/dp/B0C66K9NHR?tag=eloabder-20&linkCode=osi&th=1&psc=1"><img src="https://m.media-amazon.com/images/I/51As2T+7gzL._SL500_.jpg" alt="Product Image"></a><p>Calligraphy Kit for Beginners - Calligraphy Pen Set with Calligraphy Workbook</p><p>$26.89</p><a href="https://www.amazon.com/dp/B0C66K9NHR?tag=eloabder-20&linkCode=osi&th=1&psc=1">View Product</a></div><div class="product"><a href="https://www.amazon.com/dp/B081J6QLZN?tag=eloabder-20&linkCode=osi&th=1&psc=1"><img src="https://m.media-amazon.com/images/I/41lK2Gw0JZL._SL500_.jpg" alt="Product Image"></a><p>Trustela Calligraphy Set for Beginners, Dip Pen Set with 19 Nibs, Oblique Pen Holder, Wooden Pen Set</p><p>$21.99</p><a href="https://www.amazon.com/dp/B081J6QLZN?tag=eloabder-20&linkCode=osi&th=1&psc=1">View Product</a></div><div class="product"><a href="https://www.amazon.com/dp/B0BCVDNPRJ?tag=eloabder-20&linkCode=osi&th=1&psc=1"><img src="https://m.media-amazon.com/images/I/51J-hFN4AeL._SL500_.jpg" alt="Product Image"></a><p>GC QUILL Calligraphy Pens Set 64pcs - Calligraphy Fountain Pen Set with 3 Fountain Pens, 7 Varied Nibs, 54 Ink Cartridges(10 Colors) - Writing, Drawing and Calligraphy Practice for beginner GC-F354</p><p>$23.99</p><a href="https://www.amazon.com/dp/B0BCVDNPRJ?tag=eloabder-20&linkCode=osi&th=1&psc=1">View Product</a></div>
<div class="product"><a href="https://www.amazon.com/dp/B092Q8BQC1?tag=eloabder-20&linkCode=osi&th=1&psc=1"><img src="https://m.media-amazon.com/images/I/51gdXkGIguS._SL500_.jpg" alt="Product Image"></a><p>AIYNC Feather Calligraphy Pen Ink Set, Includes Quill Pen and Wooden Dip Pen, Ink,17 Replacement Nib, Pen Base, 3 Wax Seal Sticks, Stamp, White Wax, Spoon, Envelope Letter Paper, Envelope Tool(Green)</p><p>$22.99</p><a href="https://www.amazon.com/dp/B092Q8BQC1?tag=eloabder-20&linkCode=osi&th=1&psc=1">View Product</a></div>
<div class="product"><a href="https://www.amazon.com/dp/B09J228BSF?tag=eloabder-20&linkCode=osi&th=1&psc=1"><img src="https://m.media-amazon.com/images/I/61MByvIyHGL._SL500_.jpg" alt="Product Image"></a><p>Candle dye - 18 Colors Liquid Oil-Based dye for Candle Wax, Vivid Candle Color for DIY Candle Making, Highly Concentrate Natural Candle Color</p><p>$15.59 ($2.47 / Fl Oz)</p><a href="https://www.amazon.com/dp/B09J228BSF?tag=eloabder-20&linkCode=osi&th=1&psc=1">View Product</a></div><div class="product"><a href="https://www.amazon.com/dp/B06Y3T5RV4?tag=eloabder-20&linkCode=osi&th=1&psc=1"><img src="https://m.media-amazon.com/images/I/61yZyP8eZTL._SL500_.jpg" alt="Product Image"></a><p>Candle Dyes for Soy Candle Making - Wax Сolor Dye Color Chips for Soy Wax - 16 Popular Colors Wax Dye Flakes</p><p>$16.99 ($10.62 / Ounce)</p><a href="https://www.amazon.com/dp/B06Y3T5RV4?tag=eloabder-20&linkCode=osi&th=1&psc=1">View Product</a></div><div class="product"><a href="https://www.amazon.com/dp/B0CMCPGLQZ?tag=eloabder-20&linkCode=osi&th=1&psc=1"><img src="https://m.media-amazon.com/images/I/51G9e-Epa0L._SL500_.jpg" alt="Product Image"></a><p>Candle Dye - 12 Colors Wax Melt Dye for Candle Making, Oil-Based Dye for Wax, Highly Concentrate Liquid Candle Color Dye</p><p>$8.99</p><a href="https://www.amazon.com/dp/B0CMCPGLQZ?tag=eloabder-20&linkCode=osi&th=1&psc=1">View Product</a></div><div class="product"><a href="https://www.amazon.com/dp/B09GLMZ5PS?tag=eloabder-20&linkCode=osi&th=1&psc=1"><img src="https://m.media-amazon.com/images/I/51SCG6n6Y4L._SL500_.jpg" alt="Product Image"></a><p>OSBANG Oil-Based Candle Color Dye Non-Toxic Non-Irritating 20 Colors for DIY Candle Making Supplies - Vibrant Concentrated Candle Coloring for Soy Wax Dyes, Beeswax, Gel Wax, Candle Making Kit</p><p>$14.99 ($2.22 / Fl Oz)</p><a href="https://www.amazon.com/dp/B09GLMZ5PS?tag=eloabder-20&linkCode=osi&th=1&psc=1">View Product</a></div><div class="product"><a href="https://www.amazon.com/dp/B0C8D2X4F1?tag=eloabder-20&linkCode=osi&th=1&psc=1"><img src="https://m.media-amazon.com/images/I/51e0mqPDEJL._SL500_.jpg" alt="Product Image"></a><p>Candle Dye - 14 Colors Highly Concentrate Oil-Based Liquid Candle Dye Kit, Candle Dyes for Candle Making, Beeswax, Gel Wax, Paraffin Wax - Each 0.35 fl oz</p><p>$9.99</p><a href="https://www.amazon.com/dp/B0C8D2X4F1?tag=eloabder-20&linkCode=osi&th=1&psc=1">View Product</a></div>

<div class="product"><a href="https://www.amazon.com/dp/B0C6FHSQR7?tag=eloabder-20&linkCode=osi&th=1&psc=1"><img src="https://m.media-amazon.com/images/I/41hBOCPELBL._SL500_.jpg" alt="Product Image"></a><p>Mold Release, Silicone Mold Release Spray (16.9 fl oz / 500ml) Mold Release for Epoxy Resin and Candle Mold Release Spray (1 Pack Mega Size)</p><p>$9.99 ($0.59 / Fl Oz)</p><a href="https://www.amazon.com/dp/B0C6FHSQR7?tag=eloabder-20&linkCode=osi&th=1&psc=1">View Product</a></div>
<div class="product"><a href="https://www.amazon.com/dp/B015W8DWUO?tag=eloabder-20&linkCode=osi&th=1&psc=1"><img src="https://m.media-amazon.com/images/I/41umHqV4zhL._SL500_.jpg" alt="Product Image"></a><p>EricX Light 100 Piece Cotton Candle Wick 6" Pre-Waxed for Candle Making,Candle DIY</p><p>$5.35</p><a href="https://www.amazon.com/dp/B015W8DWUO?tag=eloabder-20&linkCode=osi&th=1&psc=1">View Product</a></div><div class="product"><a href="https://www.amazon.com/dp/B08XZB43NZ?tag=eloabder-20&linkCode=osi&th=1&psc=1"><img src="https://m.media-amazon.com/images/I/51cyFvwhpJL._SL500_.jpg" alt="Product Image"></a><p>Candle Wicks 100 Pcs 6 inch with 30Pcs Candle Wick Stickers and 10 Pcs Wooden Candle Wick Centering Device for Soy Beeswax Candle Making and Candle DIY</p><p>$4.99</p><a href="https://www.amazon.com/dp/B08XZB43NZ?tag=eloabder-20&linkCode=osi&th=1&psc=1">View Product</a></div><div class="product"><a href="https://www.amazon.com/dp/B084ZSZQ4T?tag=eloabder-20&linkCode=osi&th=1&psc=1"><img src="https://m.media-amazon.com/images/I/41vLRbXIHhL._SL500_.jpg" alt="Product Image"></a><p>Candle Wick,100 Piece Candle Wicks for Candle Making DIY, 6 Inch Pre-Waxed Cotton Wick with Tabs</p><p>$4.79</p><a href="https://www.amazon.com/dp/B084ZSZQ4T?tag=eloabder-20&linkCode=osi&th=1&psc=1">View Product</a></div><div class="product"><a href="https://www.amazon.com/dp/B097D7S6KB?tag=eloabder-20&linkCode=osi&th=1&psc=1"><img src="https://m.media-amazon.com/images/I/41jpnnrDAjL._SL500_.jpg" alt="Product Image"></a><p>CandMak Candle Wick Kit, 60 Cotton Candle Wicks with Candle Making Tools for Candle Making (Thick 4"+6"+8")</p><p>$5.99</p><a href="https://www.amazon.com/dp/B097D7S6KB?tag=eloabder-20&linkCode=osi&th=1&psc=1">View Product</a></div><div class="product"><a href="https://www.amazon.com/dp/B08DLSG8NW?tag=eloabder-20&linkCode=osi&th=1&psc=1"><img src="https://m.media-amazon.com/images/I/41QkciWLWjL._SL500_.jpg" alt="Product Image"></a><p>Bulk 6inch Candle Wicks 100 Pcs with 60Pcs Candle Wick Stickers and 10 Pcs Wooden Candle Wick Centering Device for Soy Beeswax Candle Making (6inch)</p><p>$5.45</p><a href="https://www.amazon.com/dp/B08DLSG8NW?tag=eloabder-20&linkCode=osi&th=1&psc=1">View Product</a></div><div class="product"><a href="https://www.amazon.com/dp/B08Z334W66?tag=eloabder-20&linkCode=osi&th=1&psc=1"><img src="https://m.media-amazon.com/images/I/51nsfCzAwwL._SL500_.jpg" alt="Product Image"></a><p>DINGPAI 100pcs Cotton Candle Wicks, 6 inches Low Smoke Pre-Waxed Candle Wicks for Candle Making, Candle DIY</p><p>$4.99</p><a href="https://www.amazon.com/dp/B08Z334W66?tag=eloabder-20&linkCode=osi&th=1&psc=1">View Product</a></div><div class="product"><a href="https://www.amazon.com/dp/B0BV1NCQ28?tag=eloabder-20&linkCode=osi&th=1&psc=1"><img src="https://m.media-amazon.com/images/I/41lmQ4K9ccL._SL500_.jpg" alt="Product Image"></a><p>Ziosxin 100pcs Smokeless Cherry Wood Candle Wicks, Long Lasting Flame, Easily Burn, Natural Candle Cores with Stand and Glue Dot, Warning Label for DIY Candle Making</p><p>$9.99</p><a href="https://www.amazon.com/dp/B0BV1NCQ28?tag=eloabder-20&linkCode=osi&th=1&psc=1">View Product</a></div><div class="product"><a href="https://www.amazon.com/dp/B08LPKTVZW?tag=eloabder-20&linkCode=osi&th=1&psc=1"><img src="https://m.media-amazon.com/images/I/41AtaynrIqL._SL500_.jpg" alt="Product Image"></a><p>BEADNOVA Candle Cotton Wicks 4 Inch 150pcs Short Candle Making Wicks Cotton Wicks for Candle Making DIY</p><p>$4.99</p><a href="https://www.amazon.com/dp/B08LPKTVZW?tag=eloabder-20&linkCode=osi&th=1&psc=1">View Product</a></div><div class="product"><a href="https://www.amazon.com/dp/B0925G2VBY?tag=eloabder-20&linkCode=osi&th=1&psc=1"><img src="https://m.media-amazon.com/images/I/51EzgDRsxoL._SL500_.jpg" alt="Product Image"></a><p>CHEFBEE 200 FT Organic Hemp Wick, Hemp Wick Well Coated Natural Beeswax for Hemp Wick Lighter or Candle Making, Slow Burn, No Dripping, Standard Size(1.1mm)</p><p>$6.99</p><a href="https://www.amazon.com/dp/B0925G2VBY?tag=eloabder-20&linkCode=osi&th=1&psc=1">View Product</a></div>
<div class="product"><a href="https://www.amazon.com/dp/B0BJZYCQV3?tag=eloabder-20&linkCode=osi&th=1&psc=1"><img src="https://m.media-amazon.com/images/I/41dS7xm9bKL._SL500_.jpg" alt="Product Image"></a><p>Simetufy Canvas Boards for Painting 12 Pack,8 x 10 Inch Painting Canvas Panels, Blank Canvas for Painting- Gesso Primed Acid-Free 100% Cotton for Acrylics Oil Watercolor Tempera Paints</p><p>$12.99</p><a href="https://www.amazon.com/dp/B0BJZYCQV3?tag=eloabder-20&linkCode=osi&th=1&psc=1">View Product</a></div><div class="product"><a href="https://www.amazon.com/dp/B085F4JH1H?tag=eloabder-20&linkCode=osi&th=1&psc=1"><img src="https://m.media-amazon.com/images/I/41l7Efp7ILL._SL500_.jpg" alt="Product Image"></a><p>KEFF Canvas Boards for Painting - 24 Pack - Art Supplies Paint Canvas 5x7, 8x10, 9x12, 11x14 Canvas Panels, 100% Cotton Pre-Primed Large Canvas for Painting Supplies, Acrylic, Oil, Watercolor, Tempera</p><p>$24.99</p><a href="https://www.amazon.com/dp/B085F4JH1H?tag=eloabder-20&linkCode=osi&th=1&psc=1">View Product</a></div><div class="product"><a href="https://www.amazon.com/dp/B0CMXFTNDC?tag=eloabder-20&linkCode=osi&th=1&psc=1"><img src="https://m.media-amazon.com/images/I/41WZD2Y6GfL._SL500_.jpg" alt="Product Image"></a><p>ESRICH Canvas Boards for Painting, 5 Pack Canvases for Painting 8x10 Cotton Primed Acid Free Blank Canvas Panels for Oil Paint, Watercolor, Acrylic Paint, Gouache and Tempera.</p><p>$5.99</p><a href="https://www.amazon.com/dp/B0CMXFTNDC?tag=eloabder-20&linkCode=osi&th=1&psc=1">View Product</a></div><div class="product"><a href="https://www.amazon.com/dp/B0C6LMPMPJ?tag=eloabder-20&linkCode=osi&th=1&psc=1"><img src="https://m.media-amazon.com/images/I/51QF5c5qRiL._SL500_.jpg" alt="Product Image"></a><p>Simetufy Canvas Boards for Painting 32 Pack, Paint Canvas Panels Set - 5x7, 8x10, 9x12, 11x14 Inches, Pre-Primed 100% Cotton Blank Canvases for Oil Acrylic Watercolor Pouring Paint for Kids & Artists</p><p>$24.99</p><a href="https://www.amazon.com/dp/B0C6LMPMPJ?tag=eloabder-20&linkCode=osi&th=1&psc=1">View Product</a></div><div class="product"><a href="https://www.amazon.com/dp/B0CSD8VYYM?tag=eloabder-20&linkCode=osi&th=1&psc=1"><img src="https://m.media-amazon.com/images/I/41PeXd8MwvL._SL500_.jpg" alt="Product Image"></a><p>4 Pack 11x14 Inch Canvas Boards for Painting, Blank Canvases for Painting,Triple Primed for Oil & Acrylic Paints,100% Cotton Canvas Panels for Acrylics Oil Watercolor Tempera Paints,3mm Thickness</p><p>$8.49</p><a href="https://www.amazon.com/dp/B0CSD8VYYM?tag=eloabder-20&linkCode=osi&th=1&psc=1">View Product</a></div><div class="product"><a href="https://www.amazon.com/dp/B0D59RDVM5?tag=eloabder-20&linkCode=osi&th=1&psc=1"><img src="https://m.media-amazon.com/images/I/519TRFsibfL._SL500_.jpg" alt="Product Image"></a><p>Paroto Canvas Boards for Painting 12 Pack, Multi-Size Painting Canvas Set 5x7, 8x10, 10x12, 12x16 Inches, 100% Cotton Blank Canvas Oil Acrylic Watercolor Pouring Paint for Kids, Beginners, Artists</p><p>$23.99</p><a href="https://www.amazon.com/dp/B0D59RDVM5?tag=eloabder-20&linkCode=osi&th=1&psc=1">View Product</a></div><div class="product"><a href="https://www.amazon.com/dp/B0CSD8YM4L?tag=eloabder-20&linkCode=osi&th=1&psc=1"><img src="https://m.media-amazon.com/images/I/41ZgWqkIMFL._SL500_.jpg" alt="Product Image"></a><p>4 Pack 8x10 Inch Canvas Boards for Painting, Blank Canvases for Painting,Triple Primed for Oil & Acrylic Paints, 100% Cotton Canvas Panels, 3mm Thickness</p><p>$3.99</p><a href="https://www.amazon.com/dp/B0CSD8YM4L?tag=eloabder-20&linkCode=osi&th=1&psc=1">View Product</a></div><div class="product"><a href="https://www.amazon.com/dp/B0CQFTW7MH?tag=eloabder-20&linkCode=osi&th=1&psc=1"><img src="https://m.media-amazon.com/images/I/41PiitKvQTL._SL500_.jpg" alt="Product Image"></a><p>Simetufy 4 Pack Canvas Boards for Painting 12x16 inch, Canvases for Painting, Gesso Primed Acid-Free 100% Cotton Large Canvas Panels for Acrylics Oil Watercolor Tempera Paints</p><p>$11.99</p><a href="https://www.amazon.com/dp/B0CQFTW7MH?tag=eloabder-20&linkCode=osi&th=1&psc=1">View Product</a></div>
<div class="product"><a href="https://www.amazon.com/dp/B07D6V7H85?tag=eloabder-20&linkCode=osi&th=1&psc=1"><img src="https://m.media-amazon.com/images/I/41EEPf6prIL._SL500_.jpg" alt="Product Image"></a><p>U.S. Art Supply 36" Wide x 6 Yards (18 Feet) Long Unstretched Canvas Roll - 100% Cotton, 12-Ounce Triple Primed Gesso, Acid-Free - Pro Artist Quality, Oil & Acrylic Painting, Murals Backdrop, Cut Size</p><p>$49.99</p><a href="https://www.amazon.com/dp/B07D6V7H85?tag=eloabder-20&linkCode=osi&th=1&psc=1">View Product</a></div><div class="product"><a href="https://www.amazon.com/dp/B0C98L44GG?tag=eloabder-20&linkCode=osi&th=1&psc=1"><img src="https://m.media-amazon.com/images/I/31gEyNH9+sL._SL500_.jpg" alt="Product Image"></a><p>Kinlop Double Primed Cotton Canvas White Canvas Roll for Oil and Acrylic Paint (20 Feet x 48 Inch)</p><p>$38.99</p><a href="https://www.amazon.com/dp/B0C98L44GG?tag=eloabder-20&linkCode=osi&th=1&psc=1">View Product</a></div><div class="product"><a href="https://www.amazon.com/dp/B0CLSXCD1W?tag=eloabder-20&linkCode=osi&th=1&psc=1"><img src="https://m.media-amazon.com/images/I/414jbnjcrQL._SL500_.jpg" alt="Product Image"></a><p>U.S. Art Supply 10-Ounce Unprimed 63" Wide x 2 Yards (6 Feet) Long Heavyweight Unstretched Canvas Roll - 100% Cotton, Woven - Oil & Acrylic Painting, Murals, Backdrop - Cut To Stretcher Bar Frame Size</p><p>$24.99</p><a href="https://www.amazon.com/dp/B0CLSXCD1W?tag=eloabder-20&linkCode=osi&th=1&psc=1">View Product</a></div><div class="product"><a href="https://www.amazon.com/dp/B09MCHDSPR?tag=eloabder-20&linkCode=osi&th=1&psc=1"><img src="https://m.media-amazon.com/images/I/41S+37Lx2wL._SL500_.jpg" alt="Product Image"></a><p>100% Natural Cotton 7 oz Canvas Fabric (Duck), 63 Inches Wide X 3 Yards Long</p><p>$29.95</p><a href="https://www.amazon.com/dp/B09MCHDSPR?tag=eloabder-20&linkCode=osi&th=1&psc=1">View Product</a></div><div class="product"><a href="https://www.amazon.com/dp/B07VX9TLM1?tag=eloabder-20&linkCode=osi&th=1&psc=1"><img src="https://m.media-amazon.com/images/I/41-bqGVrblL._SL500_.jpg" alt="Product Image"></a><p>Premium Polyster Matte Canvas Roll, Quick Dry, Wide Format Inkjet Printer Compatible, Perfect for Fine Art, Photography, Giclée Printing, Archival Quality Prints. (24"x60' 290gsm Polyester)</p><p>$69.99</p><a href="https://www.amazon.com/dp/B07VX9TLM1?tag=eloabder-20&linkCode=osi&th=1&psc=1">View Product</a></div><div class="product"><a href="https://www.amazon.com/dp/B079VP3F1B?tag=eloabder-20&linkCode=osi&th=1&psc=1"><img src="https://m.media-amazon.com/images/I/31eaUH1-cWL._SL500_.jpg" alt="Product Image"></a><p>VViViD Double Primed Cotton Canvas 12" Wide Roll Choose Your Size! (10ft x 12" Roll)</p><p>$16.88</p><a href="https://www.amazon.com/dp/B079VP3F1B?tag=eloabder-20&linkCode=osi&th=1&psc=1">View Product</a></div><div class="product"><a href="https://www.amazon.com/dp/B09954KKH3?tag=eloabder-20&linkCode=osi&th=1&psc=1"><img src="https://m.media-amazon.com/images/I/41SwQCPSmAL._SL500_.jpg" alt="Product Image"></a><p>Polyester Canvas Roll Professional Matte Canvas Roll Wide format Inkjet Printing For Printing Drawing Oil Acrylic Or Water-Based Painting (200GSM Polyester 36"x100ft)</p><p>$123.99</p><a href="https://www.amazon.com/dp/B09954KKH3?tag=eloabder-20&linkCode=osi&th=1&psc=1">View Product</a></div>

<div class="product"><a href="https://www.amazon.com/dp/B0D3HPD7WP?tag=eloabder-20&linkCode=osi&th=1&psc=1"><img src="https://m.media-amazon.com/images/I/31KSmmAWUWL._SL500_.jpg" alt="Product Image"></a><p>50 Sheets Grey Cardstock Paper, Colored Printer Paper 8.5 x 11, Thick Construction Paper for Cards Making, Scrapbook，Office Printing, Invitations, Certificates，DIY Crafting 92 lb/250gsm</p><p>$9.99</p><a href="https://www.amazon.com/dp/B0D3HPD7WP?tag=eloabder-20&linkCode=osi&th=1&psc=1">View Product</a></div>
<div class="product"><a href="https://www.amazon.com/dp/B076CP6F36?tag=eloabder-20&linkCode=osi&th=1&psc=1"><img src="https://m.media-amazon.com/images/I/51rfEIvgI+L._SL500_.jpg" alt="Product Image"></a><p>Apple Barrel, Vibrant Spectrum Collection Acrylic Craft Paint, PROMOABIII, 2 fl oz each, 16 assorted matte colors, 16 count</p><p>$15.97 ($0.50 / Fl Oz)</p><a href="https://www.amazon.com/dp/B076CP6F36?tag=eloabder-20&linkCode=osi&th=1&psc=1">View Product</a></div><div class="product"><a href="https://www.amazon.com/dp/B0BKFLSYQF?tag=eloabder-20&linkCode=osi&th=1&psc=1"><img src="https://m.media-amazon.com/images/I/51a0PmPRknL._SL500_.jpg" alt="Product Image"></a><p>72 Pack Acrylic Paint Set, Shuttle Art 60 Colors Acrylic Paint Including Extra White Black & 12 Brushes, 2oz/60ml, Rich Pigmented, Water Proof, Ideal for Artists, Beginners on Canvas Rock Wood Ceramic</p><p>$45.99 ($23.00 / Fl Oz)</p><a href="https://www.amazon.com/dp/B0BKFLSYQF?tag=eloabder-20&linkCode=osi&th=1&psc=1">View Product</a></div><div class="product"><a href="https://www.amazon.com/dp/B08CB3JH79?tag=eloabder-20&linkCode=osi&th=1&psc=1"><img src="https://m.media-amazon.com/images/I/51OUZsFdnTL._SL500_.jpg" alt="Product Image"></a><p>Acrylic Paint Set of 36 Colors 2fl oz 60ml Bottles,Non Toxic 36 Colors Acrylic Paint No Fading Rich Pigment for Kids Adults Artists Canvas Crafts Wood Painting</p><p>$32.99 ($0.46 / Fl Oz)</p><a href="https://www.amazon.com/dp/B08CB3JH79?tag=eloabder-20&linkCode=osi&th=1&psc=1">View Product</a></div><div class="product"><a href="https://www.amazon.com/dp/B0018NBVKQ?tag=eloabder-20&linkCode=osi&th=1&psc=1"><img src="https://m.media-amazon.com/images/I/31YlSvZMTCL._SL500_.jpg" alt="Product Image"></a><p>Apple Barrel Acrylic Paint in Assorted Colors (8 Ounce), 20403 White</p><p>$2.67 ($0.33 / Fl Oz)</p><a href="https://www.amazon.com/dp/B0018NBVKQ?tag=eloabder-20&linkCode=osi&th=1&psc=1">View Product</a></div><div class="product"><a href="https://www.amazon.com/dp/B077WSBLZ1?tag=eloabder-20&linkCode=osi&th=1&psc=1"><img src="https://m.media-amazon.com/images/I/51KPkXpLn1L._SL500_.jpg" alt="Product Image"></a><p>Shuttle Art Acrylic Paint Set, 30 x12ml Tubes Artist Quality Non Toxic Rich Pigments Colors Great for Kids Adults Professional Painting on Rocks Canvas Wood Clay Fabric Ceramic Crafts</p><p>$12.99 ($1.08 / Fl Oz)</p><a href="https://www.amazon.com/dp/B077WSBLZ1?tag=eloabder-20&linkCode=osi&th=1&psc=1">View Product</a></div><div class="product"><a href="https://www.amazon.com/dp/B00889Z5Y6?tag=eloabder-20&linkCode=osi&th=1&psc=1"><img src="https://m.media-amazon.com/images/I/41MQjsyDbSL._SL500_.jpg" alt="Product Image"></a><p>Apple Barrel Acrylic Paint in Assorted Colors (2 oz), 20764, Apricot</p><p>$0.58 ($0.29 / Fl Oz)</p><a href="https://www.amazon.com/dp/B00889Z5Y6?tag=eloabder-20&linkCode=osi&th=1&psc=1">View Product</a></div><div class="product"><a href="https://www.amazon.com/dp/B09TWQD5ZL?tag=eloabder-20&linkCode=osi&th=1&psc=1"><img src="https://m.media-amazon.com/images/I/41B0L003QXL._SL500_.jpg" alt="Product Image"></a><p>Artkey Acrylic Paint Set - 24 colors 2 oz/59 ml Acrylic Paints Professional Artists Painting Kit for Canvases Fabric Rock Leather Easter Egg Wood Ceramic Glass Art Craft Painting</p><p>$19.99 ($0.42 / Fl Oz)</p><a href="https://www.amazon.com/dp/B09TWQD5ZL?tag=eloabder-20&linkCode=osi&th=1&psc=1">View Product</a></div>

    </div>

    <!-- Bouton flottant -->
    <button class="floating-button" onclick="window.location.href='https://www.iasmarket.us'">HOME</button>
<div class="pagination">
                <a href="https://iasmarket.github.io/ArtsAndCrafts/">0</a>
            <a href="https://iasmarket.github.io/ArtsAndCrafts/1">1</a>
            <a href="https://iasmarket.github.io/ArtsAndCrafts/2">2</a>
            <a href="https://iasmarket.github.io/ArtsAndCrafts/3">3</a>
                  <a href="https://iasmarket.github.io/ArtsAndCrafts/4">4</a>
            <a href="https://iasmarket.github.io/ArtsAndCrafts/5">5</a>
            <a href="https://iasmarket.github.io/ArtsAndCrafts/6">6</a>
            <a href="https://iasmarket.github.io/ArtsAndCrafts/7">7</a>
        <!-- Ajoutez plus de liens si nécessaire -->
    </div>
    <script>
        function updateTime() {
            const optionsDate = {
                timeZone: 'America/Los_Angeles',
                year: 'numeric',
                month: 'long',
                day: 'numeric',
                weekday: 'long'
            };
            const optionsTime = {
                timeZone: 'America/Los_Angeles',
                hour: '2-digit',
                minute: '2-digit',
                second: '2-digit'
            };

            const now = new Date();
            const formatterDate = new Intl.DateTimeFormat('en-US', optionsDate);
            const formatterTime = new Intl.DateTimeFormat('en-US', optionsTime);

            const formattedDate = formatterDate.format(now);
            const formattedTime = formatterTime.format(now);

            document.getElementById('comment').textContent = "As an AMAZON Associate, I earn from qualifying purchases.";
            document.getElementById('date').textContent = formattedDate;
            document.getElementById('time').textContent = formattedTime;
        }

        updateTime();
        setInterval(updateTime, 1000);
    </script>
</body>

</html>
